  <div class='ocr_page' id='page_1' title='image "/cluster/home/n/w/nwhite01/storage/ocr_20150623/20/hvd.32044012984548/022.png"; bbox 0 0 3972 6478; ppageno 0'>
   <div class='ocr_carea' id='block_1_1' title="bbox 250 353 2554 423">
    <p class='ocr_par' dir='ltr' id='par_1_1' title="bbox 250 353 2554 423">
     <span class='ocr_line' id='line_1_1' title="bbox 250 353 2554 423; baseline 0.003 -12"><span class='ocrx_word' id='word_1_1' title='bbox 250 353 303 411; x_wconf 56' lang='grc' dir='ltr'>ὦ</span> <span class='ocrx_word' id='word_1_2' title='bbox 1266 361 1609 419; x_wconf 78' lang='lat' dir='ltr'><strong>EPISTULA</strong></span> <span class='ocrx_word' id='word_1_3' title='bbox 1648 363 1739 418; x_wconf 89' lang='lat' dir='ltr'><strong>AD</strong></span> <span class='ocrx_word' id='word_1_4' title='bbox 1778 362 2139 420; x_wconf 75' lang='lat' dir='ltr'><strong>HENRICUM</strong></span> <span class='ocrx_word' id='word_1_5' title='bbox 2179 364 2554 423; x_wconf 76' lang='lat' dir='ltr'><strong>VALESIUM.</strong></span> 
     </span>
    </p>
   </div>
   <div class='ocr_carea' id='block_1_2' title="bbox 3478 374 3552 430">
    <p class='ocr_par' dir='ltr' id='par_1_2' title="bbox 3478 374 3552 430">
     <span class='ocr_line' id='line_1_2' title="bbox 3478 374 3552 430; baseline 0.041 -3"><span class='ocrx_word' id='word_1_6' title='bbox 3478 374 3552 430; x_wconf 70' lang='grc' dir='ltr'>ει</span> 
     </span>
    </p>
   </div>
   <div class='ocr_carea' id='block_1_3' title="bbox 248 472 3545 553">
    <p class='ocr_par' dir='ltr' id='par_1_3' title="bbox 248 472 3545 553">
     <span class='ocr_line' id='line_1_3' title="bbox 248 472 3545 553; baseline 0.007 -26"><span class='ocrx_word' id='word_1_7' title='bbox 248 472 641 532; x_wconf 67' lang='lat' dir='ltr'><strong>Gallo-Crines</strong></span> <span class='ocrx_word' id='word_1_8' title='bbox 687 482 766 535; x_wconf 80' lang='lat' dir='ltr'><strong>ab</strong></span> <span class='ocrx_word' id='word_1_9' title='bbox 812 482 1034 539; x_wconf 86' lang='lat' dir='ltr'><strong>Isidoro</strong></span> <span class='ocrx_word' id='word_1_10' title='bbox 1069 484 1359 540; x_wconf 85' lang='lat' dir='ltr'><strong>intellectas</strong></span> <span class='ocrx_word' id='word_1_11' title='bbox 1395 503 1507 541; x_wconf 81' lang='lat' dir='ltr'><strong>esse</strong></span> <span class='ocrx_word' id='word_1_12' title='bbox 1539 488 1672 541; x_wconf 87' lang='lat' dir='ltr'><strong>satis</strong></span> <span class='ocrx_word' id='word_1_13' title='bbox 1717 488 1859 541; x_wconf 84' lang='lat' dir='ltr'><strong>evin-</strong></span> <span class='ocrx_word' id='word_1_14' title='bbox 1890 492 1937 549; x_wconf 78' lang='grc' dir='ltr'><strong>Α</strong></span> <span class='ocrx_word' id='word_1_15' title='bbox 1965 486 2039 541; x_wconf 78' lang='lat' dir='ltr'><strong>les</strong></span> <span class='ocrx_word' id='word_1_16' title='bbox 2064 530 2078 553; x_wconf 91' lang='lat'><strong>,</strong></span> <span class='ocrx_word' id='word_1_17' title='bbox 2114 490 2203 541; x_wconf 85' lang='lat' dir='ltr'><strong>sed</strong></span> <span class='ocrx_word' id='word_1_18' title='bbox 2239 500 2411 542; x_wconf 89' lang='lat' dir='ltr'><strong>tamen</strong></span> <span class='ocrx_word' id='word_1_19' title='bbox 2444 491 2606 543; x_wconf 66' lang='lat' dir='ltr'><strong>uirtus</strong></span> <span class='ocrx_word' id='word_1_20' title='bbox 2640 488 2944 545; x_wconf 81' lang='lat' dir='ltr'><strong>traditionis</strong></span> <span class='ocrx_word' id='word_1_21' title='bbox 2980 507 3085 545; x_wconf 87' lang='lat' dir='ltr'><strong>una</strong></span> <span class='ocrx_word' id='word_1_22' title='bbox 3131 501 3181 545; x_wconf 84' lang='lat' dir='ltr'><strong>et</strong></span> <span class='ocrx_word' id='word_1_23' title='bbox 3214 494 3395 547; x_wconf 81' lang='lat' dir='ltr'><strong>eadem</strong></span> <span class='ocrx_word' id='word_1_24' title='bbox 3442 506 3545 553; x_wconf 79' lang='lat' dir='ltr'><strong>est.</strong></span> 
     </span>
    </p>
   </div>
   <div class='ocr_carea' id='block_1_4' title="bbox 241 576 314 619">
    <p class='ocr_par' dir='ltr' id='par_1_4' title="bbox 241 576 314 619">
     <span class='ocr_line' id='line_1_4' title="bbox 241 576 314 619; baseline 0 -1"><span class='ocrx_word' id='word_1_25' title='bbox 241 576 314 619; x_wconf 66' lang='lat' dir='ltr'><strong>an</strong></span> 
     </span>
    </p>
   </div>
   <div class='ocr_carea' id='block_1_5' title="bbox 294 653 1859 735">
    <p class='ocr_par' dir='ltr' id='par_1_5' title="bbox 294 653 1859 735">
     <span class='ocr_line' id='line_1_5' title="bbox 294 653 1859 735; baseline 0.01 -26"><span class='ocrx_word' id='word_1_26' title='bbox 294 653 384 710; x_wconf 82' lang='lat' dir='ltr'><strong>His</strong></span> <span class='ocrx_word' id='word_1_27' title='bbox 418 657 890 729; x_wconf 77' lang='lat' dir='ltr'><strong>adjungendum</strong></span> <span class='ocrx_word' id='word_1_28' title='bbox 935 666 1119 735; x_wconf 84' lang='lat' dir='ltr'><strong>putavi</strong></span> <span class='ocrx_word' id='word_1_29' title='bbox 1170 665 1536 720; x_wconf 62' lang='lat' dir='ltr'><strong>testimonium</strong></span> <span class='ocrx_word' id='word_1_30' title='bbox 1600 668 1859 723; x_wconf 87' lang='lat' dir='ltr'><strong>vetustis-</strong></span> 
     </span>
    </p>
   </div>
   <div class='ocr_carea' id='block_1_6' title="bbox 238 751 1857 826">
    <p class='ocr_par' dir='ltr' id='par_1_6' title="bbox 238 751 1857 826">
     <span class='ocr_line' id='line_1_6' title="bbox 238 751 1857 826; baseline 0.005 -24"><span class='ocrx_word' id='word_1_31' title='bbox 238 751 335 803; x_wconf 84' lang='lat' dir='ltr'><strong>simi</strong></span> <span class='ocrx_word' id='word_1_32' title='bbox 368 753 594 807; x_wconf 84' lang='lat' dir='ltr'><strong>codicis</strong></span> <span class='ocrx_word' id='word_1_33' title='bbox 628 758 1022 826; x_wconf 87' lang='lat' dir='ltr'><strong>manuscripti</strong></span> <span class='ocrx_word' id='word_1_34' title='bbox 1051 772 1115 811; x_wconf 88' lang='lat' dir='ltr'><strong>ex</strong></span> <span class='ocrx_word' id='word_1_35' title='bbox 1134 758 1453 811; x_wconf 76' lang='lat' dir='ltr'><strong>bibliotheca</strong></span> <span class='ocrx_word' id='word_1_36' title='bbox 1492 758 1684 812; x_wconf 86' lang='lat' dir='ltr'><strong>Sancti</strong></span> <span class='ocrx_word' id='word_1_37' title='bbox 1717 758 1857 813; x_wconf 88' lang='lat' dir='ltr'><strong>Ger-</strong></span> 
     </span>
    </p>
   </div>
   <div class='ocr_carea' id='block_1_7' title="bbox 234 841 1861 919">
    <p class='ocr_par' dir='ltr' id='par_1_7' title="bbox 234 841 1861 919">
     <span class='ocr_line' id='line_1_7' title="bbox 234 841 1861 919; baseline 0.009 -27"><span class='ocrx_word' id='word_1_38' title='bbox 234 842 355 893; x_wconf 80' lang='lat' dir='ltr'><strong>mani</strong></span> <span class='ocrx_word' id='word_1_39' title='bbox 388 841 802 913; x_wconf 85' lang='lat' dir='ltr'><strong>Parisiensis,</strong></span> <span class='ocrx_word' id='word_1_40' title='bbox 845 850 900 902; x_wconf 92' lang='lat' dir='ltr'><strong>in</strong></span> <span class='ocrx_word' id='word_1_41' title='bbox 926 865 1032 919; x_wconf 91' lang='lat' dir='ltr'><strong>quo</strong></span> <span class='ocrx_word' id='word_1_42' title='bbox 1066 851 1165 903; x_wconf 91' lang='lat' dir='ltr'><strong>iste</strong></span> <span class='ocrx_word' id='word_1_43' title='bbox 1200 858 1469 905; x_wconf 89' lang='lat' dir='ltr'><strong>tractatus</strong></span> <span class='ocrx_word' id='word_1_44' title='bbox 1498 848 1687 904; x_wconf 72' lang='lat' dir='ltr'><strong>lsidori</strong></span> <span class='ocrx_word' id='word_1_45' title='bbox 1736 860 1861 906; x_wconf 88' lang='lat' dir='ltr'><strong>ante</strong></span> 
     </span>
    </p>
   </div>
   <div class='ocr_carea' id='block_1_8' title="bbox 230 934 1857 1014">
    <p class='ocr_par' dir='ltr' id='par_1_8' title="bbox 230 934 1857 1014">
     <span class='ocr_line' id='line_1_8' title="bbox 230 934 1857 1014; baseline 0.007 -28"><span class='ocrx_word' id='word_1_46' title='bbox 230 934 568 1003; x_wconf 83' lang='lat' dir='ltr'><strong>octingentos</strong></span> <span class='ocrx_word' id='word_1_47' title='bbox 625 956 833 995; x_wconf 86' lang='lat' dir='ltr'><strong>annos</strong></span> <span class='ocrx_word' id='word_1_48' title='bbox 866 941 1192 1009; x_wconf 88' lang='lat' dir='ltr'><strong>descriptus.</strong></span> <span class='ocrx_word' id='word_1_49' title='bbox 1246 959 1351 995; x_wconf 87' lang='lat' dir='ltr'><strong>una</strong></span> <span class='ocrx_word' id='word_1_50' title='bbox 1384 959 1507 998; x_wconf 89' lang='lat' dir='ltr'><strong>cum</strong></span> <span class='ocrx_word' id='word_1_51' title='bbox 1557 944 1679 998; x_wconf 89' lang='lat' dir='ltr'><strong>aliis</strong></span> <span class='ocrx_word' id='word_1_52' title='bbox 1706 945 1857 1014; x_wconf 85' lang='lat' dir='ltr'><strong>ejus-</strong></span> 
     </span>
    </p>
   </div>
   <div class='ocr_carea' id='block_1_9' title="bbox 227 1026 1857 1105">
    <p class='ocr_par' dir='ltr' id='par_1_9' title="bbox 227 1026 1857 1105">
     <span class='ocr_line' id='line_1_9' title="bbox 227 1026 1857 1105; baseline 0.008 -29"><span class='ocrx_word' id='word_1_53' title='bbox 227 1026 325 1078; x_wconf 85' lang='lat' dir='ltr'><strong>dem</strong></span> <span class='ocrx_word' id='word_1_54' title='bbox 355 1030 632 1084; x_wconf 88' lang='lat' dir='ltr'><strong>auctoris</strong></span> <span class='ocrx_word' id='word_1_55' title='bbox 672 1033 856 1088; x_wconf 78' lang='lat' dir='ltr'><strong>libris</strong></span> <span class='ocrx_word' id='word_1_56' title='bbox 909 1036 1237 1098; x_wconf 78' lang='lat' dir='ltr'><strong>continetur,</strong></span> <span class='ocrx_word' id='word_1_57' title='bbox 1285 1034 1374 1088; x_wconf 91' lang='lat' dir='ltr'><strong>ubi</strong></span> <span class='ocrx_word' id='word_1_58' title='bbox 1436 1037 1655 1105; x_wconf 88' lang='lat' dir='ltr'><strong>antiqua</strong></span> <span class='ocrx_word' id='word_1_59' title='bbox 1692 1037 1857 1090; x_wconf 84' lang='lat' dir='ltr'><strong>lcetio</strong></span> 
     </span>
    </p>
   </div>
   <div class='ocr_carea' id='block_1_10' title="bbox 224 1120 1854 1197">
    <p class='ocr_par' dir='ltr' id='par_1_10' title="bbox 224 1120 1854 1197">
     <span class='ocr_line' id='line_1_10' title="bbox 224 1120 1854 1197; baseline 0.006 -25"><span class='ocrx_word' id='word_1_60' title='bbox 224 1120 593 1177; x_wconf 72' lang='lat' dir='ltr'><strong>disertissime</strong></span> <span class='ocrx_word' id='word_1_61' title='bbox 650 1126 904 1192; x_wconf 60' lang='lat' dir='ltr'><strong>prml&#39;ert</strong></span> <span class='ocrx_word' id='word_1_62' title='bbox 936 1127 1236 1197; x_wconf 84' lang='lat' dir='ltr'><strong>Philippum</strong></span> <span class='ocrx_word' id='word_1_63' title='bbox 1286 1126 1456 1181; x_wconf 85' lang='lat' dir='ltr'><strong>Gallis</strong></span> <span class='ocrx_word' id='word_1_64' title='bbox 1486 1130 1813 1194; x_wconf 63' lang='lat' dir='ltr'><strong>praedicasse</strong></span> <span class='ocrx_word' id='word_1_65' title='bbox 1838 1170 1854 1196; x_wconf 89' lang='lat'><strong>,</strong></span> 
     </span>
    </p>
   </div>
   <div class='ocr_carea' id='block_1_11' title="bbox 220 1216 1858 1288">
    <p class='ocr_par' dir='ltr' id='par_1_11' title="bbox 220 1216 1858 1288">
     <span class='ocr_line' id='line_1_11' title="bbox 220 1216 1858 1288; baseline 0.008 -26"><span class='ocrx_word' id='word_1_66' title='bbox 220 1216 711 1281; x_wconf 72' lang='lat' dir='ltr'><strong>quemadmodum</strong></span> <span class='ocrx_word' id='word_1_67' title='bbox 751 1236 891 1288; x_wconf 89' lang='lat' dir='ltr'><strong>cap.</strong></span> <span class='ocrx_word' id='word_1_68' title='bbox 918 1220 1008 1283; x_wconf 73' lang='lat'><strong>82,</strong></span> <span class='ocrx_word' id='word_1_69' title='bbox 1044 1220 1273 1275; x_wconf 88' lang='lat' dir='ltr'><strong>habetur</strong></span> <span class='ocrx_word' id='word_1_70' title='bbox 1304 1220 1536 1274; x_wconf 89' lang='lat' dir='ltr'><strong>Galliam</strong></span> <span class='ocrx_word' id='word_1_71' title='bbox 1579 1222 1653 1274; x_wconf 88' lang='lat' dir='ltr'><strong>illi</strong></span> <span class='ocrx_word' id='word_1_72' title='bbox 1686 1220 1858 1276; x_wconf 78' lang='lat' dir='ltr'><strong>fuisse</strong></span> 
     </span>
    </p>
   </div>
   <div class='ocr_carea' id='block_1_12' title="bbox 220 1304 1857 1372">
    <p class='ocr_par' dir='ltr' id='par_1_12' title="bbox 220 1304 1857 1372">
     <span class='ocr_line' id='line_1_12' title="bbox 220 1304 1857 1372; baseline 0.008 -18"><span class='ocrx_word' id='word_1_73' title='bbox 220 1304 580 1372; x_wconf 72' lang='lat' dir='ltr'><strong>assignatam.</strong></span> <span class='ocrx_word' id='word_1_74' title='bbox 617 1307 754 1364; x_wconf 83' lang='lat' dir='ltr'><strong>Nec</strong></span> <span class='ocrx_word' id='word_1_75' title='bbox 773 1312 1232 1366; x_wconf 82' lang='lat' dir='ltr'><strong>dissimulandum</strong></span> <span class='ocrx_word' id='word_1_76' title='bbox 1259 1322 1344 1367; x_wconf 84' lang='lat' dir='ltr'><strong>est</strong></span> <span class='ocrx_word' id='word_1_77' title='bbox 1367 1315 1419 1366; x_wconf 92' lang='lat' dir='ltr'><strong>in</strong></span> <span class='ocrx_word' id='word_1_78' title='bbox 1449 1313 1636 1366; x_wconf 90' lang='lat' dir='ltr'><strong>eodem</strong></span> <span class='ocrx_word' id='word_1_79' title='bbox 1666 1313 1857 1367; x_wconf 83' lang='lat' dir='ltr'><strong>codice</strong></span> 
     </span>
    </p>
   </div>
   <div class='ocr_carea' id='block_1_13' title="bbox 220 1396 1856 1474">
    <p class='ocr_par' dir='ltr' id='par_1_13' title="bbox 220 1396 1856 1474">
     <span class='ocr_line' id='line_1_13' title="bbox 220 1396 1856 1474; baseline 0.007 -26"><span class='ocrx_word' id='word_1_80' title='bbox 220 1396 335 1464; x_wconf 78' lang='lat' dir='ltr'><strong>legi,</strong></span> <span class='ocrx_word' id='word_1_81' title='bbox 362 1396 736 1468; x_wconf 72' lang='lat' dir='ltr'><strong>Hispaniam</strong></span> <span class='ocrx_word' id='word_1_82' title='bbox 781 1402 998 1459; x_wconf 85' lang='lat' dir='ltr'><strong>Jacobo</strong></span> <span class='ocrx_word' id='word_1_83' title='bbox 1027 1402 1729 1474; x_wconf 86' lang='lat' dir='ltr'><strong>apostolodatam,eumque</strong></span> <span class='ocrx_word' id='word_1_84' title='bbox 1763 1404 1856 1459; x_wconf 89' lang='lat' dir='ltr'><strong>lli-</strong></span> 
     </span>
    </p>
   </div>
   <div class='ocr_carea' id='block_1_14' title="bbox 221 1492 1852 1565">
    <p class='ocr_par' dir='ltr' id='par_1_14' title="bbox 221 1492 1852 1565">
     <span class='ocr_line' id='line_1_14' title="bbox 221 1492 1852 1565; baseline 0.006 -22"><span class='ocrx_word' id='word_1_85' title='bbox 221 1492 383 1559; x_wconf 79' lang='lat' dir='ltr'><strong>spanis</strong></span> <span class='ocrx_word' id='word_1_86' title='bbox 438 1492 628 1547; x_wconf 83' lang='lat' dir='ltr'><strong>ﬁdem</strong></span> <span class='ocrx_word' id='word_1_87' title='bbox 693 1498 1062 1565; x_wconf 69' lang='lat' dir='ltr'><strong>przedicasse.</strong></span> <span class='ocrx_word' id='word_1_88' title='bbox 1096 1498 1226 1565; x_wconf 73' lang='lat' dir='ltr'><strong>Quae</strong></span> <span class='ocrx_word' id='word_1_89' title='bbox 1259 1508 1456 1552; x_wconf 86' lang='lat' dir='ltr'><strong>vetusti</strong></span> <span class='ocrx_word' id='word_1_90' title='bbox 1495 1498 1702 1553; x_wconf 73' lang='lat' dir='ltr'><strong>codicis</strong></span> <span class='ocrx_word' id='word_1_91' title='bbox 1753 1513 1852 1552; x_wconf 84' lang='lat' dir='ltr'><strong>au—</strong></span> 
     </span>
    </p>
   </div>
   <div class='ocr_carea' id='block_1_15' title="bbox 222 1585 1855 1660">
    <p class='ocr_par' dir='ltr' id='par_1_15' title="bbox 222 1585 1855 1660">
     <span class='ocr_line' id='line_1_15' title="bbox 222 1585 1855 1660; baseline 0.004 -25"><span class='ocrx_word' id='word_1_92' title='bbox 222 1585 428 1638; x_wconf 82' lang='lat' dir='ltr'><strong>etoritas</strong></span> <span class='ocrx_word' id='word_1_93' title='bbox 466 1601 499 1638; x_wconf 87' lang='lat' dir='ltr'><strong>a</strong></span> <span class='ocrx_word' id='word_1_94' title='bbox 537 1588 923 1656; x_wconf 83' lang='lat' dir='ltr'><strong>quibusdam</strong></span> <span class='ocrx_word' id='word_1_95' title='bbox 957 1601 1274 1660; x_wconf 75' lang='lat' dir='ltr'><strong>conceptam</strong></span> <span class='ocrx_word' id='word_1_96' title='bbox 1327 1591 1695 1659; x_wconf 85' lang='lat' dir='ltr'><strong>suspicionem</strong></span> <span class='ocrx_word' id='word_1_97' title='bbox 1738 1589 1855 1642; x_wconf 71' lang='lat' dir='ltr'><strong>exi-</strong></span> 
     </span>
    </p>
   </div>
   <div class='ocr_carea' id='block_1_16' title="bbox 224 1678 1851 1737">
    <p class='ocr_par' dir='ltr' id='par_1_16' title="bbox 224 1678 1851 1737">
     <span class='ocr_line' id='line_1_16' title="bbox 224 1678 1851 1737; baseline 0.005 -10"><span class='ocrx_word' id='word_1_98' title='bbox 224 1691 352 1729; x_wconf 86' lang='lat' dir='ltr'><strong>mere</strong></span> <span class='ocrx_word' id='word_1_99' title='bbox 380 1678 564 1732; x_wconf 90' lang='lat' dir='ltr'><strong>debet</strong></span> <span class='ocrx_word' id='word_1_100' title='bbox 600 1680 847 1734; x_wconf 73' lang='lat' dir='ltr'><strong>vitiata:</strong></span> <span class='ocrx_word' id='word_1_101' title='bbox 880 1680 1088 1736; x_wconf 77' lang='lat' dir='ltr'><strong>iortean</strong></span> <span class='ocrx_word' id='word_1_102' title='bbox 1135 1683 1254 1737; x_wconf 90' lang='lat' dir='ltr'><strong>loco</strong></span> <span class='ocrx_word' id='word_1_103' title='bbox 1287 1683 1340 1736; x_wconf 92' lang='lat' dir='ltr'><strong>in</strong></span> <span class='ocrx_word' id='word_1_104' title='bbox 1377 1683 1472 1736; x_wconf 91' lang='lat' dir='ltr'><strong>illo</strong></span> <span class='ocrx_word' id='word_1_105' title='bbox 1514 1682 1768 1736; x_wconf 80' lang='lat' dir='ltr'><strong>lectionis</strong></span> <span class='ocrx_word' id='word_1_106' title='bbox 1796 1682 1851 1735; x_wconf 91' lang='lat' dir='ltr'><strong>in</strong></span> 
     </span>
    </p>
   </div>
   <div class='ocr_carea' id='block_1_17' title="bbox 226 1770 1854 1845">
    <p class='ocr_par' dir='ltr' id='par_1_17' title="bbox 226 1770 1854 1845">
     <span class='ocr_line' id='line_1_17' title="bbox 226 1770 1854 1845; baseline 0.006 -28"><span class='ocrx_word' id='word_1_107' title='bbox 226 1770 488 1836; x_wconf 77' lang='lat' dir='ltr'><strong>prioribus</strong></span> <span class='ocrx_word' id='word_1_108' title='bbox 542 1771 931 1829; x_wconf 86' lang='lat' dir='ltr'><strong>editionibus</strong></span> <span class='ocrx_word' id='word_1_109' title='bbox 966 1776 1032 1828; x_wconf 86' lang='lat' dir='ltr'><strong>ah</strong></span> <span class='ocrx_word' id='word_1_110' title='bbox 1080 1775 1267 1844; x_wconf 87' lang='lat' dir='ltr'><strong>aliquo</strong></span> <span class='ocrx_word' id='word_1_111' title='bbox 1315 1775 1677 1845; x_wconf 87' lang='lat' dir='ltr'><strong>llispanarum</strong></span> <span class='ocrx_word' id='word_1_112' title='bbox 1730 1790 1854 1842; x_wconf 87' lang='lat' dir='ltr'><strong>par-</strong></span> 
     </span>
    </p>
   </div>
   <div class='ocr_carea' id='block_1_18' title="bbox 227 1859 1852 1936">
    <p class='ocr_par' dir='ltr' id='par_1_18' title="bbox 227 1859 1852 1936">
     <span class='ocr_line' id='line_1_18' title="bbox 227 1859 1852 1936; baseline 0.006 -27"><span class='ocrx_word' id='word_1_113' title='bbox 227 1859 341 1909; x_wconf 89' lang='lat' dir='ltr'><strong>tium</strong></span> <span class='ocrx_word' id='word_1_114' title='bbox 375 1862 679 1915; x_wconf 87' lang='lat' dir='ltr'><strong>studioso.</strong></span> <span class='ocrx_word' id='word_1_115' title='bbox 747 1863 1111 1935; x_wconf 83' lang='lat' dir='ltr'><strong>Disceptatur</strong></span> <span class='ocrx_word' id='word_1_116' title='bbox 1144 1867 1363 1936; x_wconf 80' lang='lat' dir='ltr'><strong>quidem</strong></span> <span class='ocrx_word' id='word_1_117' title='bbox 1413 1868 1552 1936; x_wconf 88' lang='lat' dir='ltr'><strong>apud</strong></span> <span class='ocrx_word' id='word_1_118' title='bbox 1606 1868 1852 1920; x_wconf 89' lang='lat' dir='ltr'><strong>eruditos</strong></span> 
     </span>
    </p>
   </div>
   <div class='ocr_carea' id='block_1_19' title="bbox 228 1948 1851 2029">
    <p class='ocr_par' dir='ltr' id='par_1_19' title="bbox 228 1948 1851 2029">
     <span class='ocr_line' id='line_1_19' title="bbox 228 1948 1851 2029; baseline 0.009 -30"><span class='ocrx_word' id='word_1_119' title='bbox 228 1950 280 2001; x_wconf 86' lang='lat' dir='ltr'><strong>de</strong></span> <span class='ocrx_word' id='word_1_120' title='bbox 311 1948 503 2006; x_wconf 78' lang='lat' dir='ltr'><strong>Jacobi</strong></span> <span class='ocrx_word' id='word_1_121' title='bbox 562 1954 624 2007; x_wconf 88' lang='lat' dir='ltr'><strong>in</strong></span> <span class='ocrx_word' id='word_1_122' title='bbox 678 1954 1021 2027; x_wconf 75' lang='lat' dir='ltr'><strong>Hispaniam</strong></span> <span class='ocrx_word' id='word_1_123' title='bbox 1064 1961 1295 2014; x_wconf 89' lang='lat' dir='ltr'><strong>adventu</strong></span> <span class='ocrx_word' id='word_1_124' title='bbox 1326 2000 1340 2020; x_wconf 88' lang='lat'><strong>,</strong></span> <span class='ocrx_word' id='word_1_125' title='bbox 1373 1976 1437 2013; x_wconf 75' lang='lat' dir='ltr'><strong>ex</strong></span> <span class='ocrx_word' id='word_1_126' title='bbox 1485 1977 1551 2014; x_wconf 92' lang='lat' dir='ltr'><strong>eo</strong></span> <span class='ocrx_word' id='word_1_127' title='bbox 1581 1960 1851 2029; x_wconf 74' lang='lat' dir='ltr'><strong>przecipue</strong></span> 
     </span>
    </p>
   </div>
   <div class='ocr_carea' id='block_1_20' title="bbox 228 2048 1851 2117">
    <p class='ocr_par' dir='ltr' id='par_1_20' title="bbox 228 2048 1851 2117">
     <span class='ocr_line' id='line_1_20' title="bbox 228 2048 1851 2117; baseline 0.004 -18"><span class='ocrx_word' id='word_1_128' title='bbox 228 2048 423 2112; x_wconf 80' lang='lat' dir='ltr'><strong>capite,</strong></span> <span class='ocrx_word' id='word_1_129' title='bbox 467 2048 633 2116; x_wconf 83' lang='lat' dir='ltr'><strong>quod</strong></span> <span class='ocrx_word' id='word_1_130' title='bbox 672 2050 931 2117; x_wconf 73' lang='lat' dir='ltr'><strong>apostoli</strong></span> <span class='ocrx_word' id='word_1_131' title='bbox 981 2052 1212 2104; x_wconf 90' lang='lat' dir='ltr'><strong>nondum</strong></span> <span class='ocrx_word' id='word_1_132' title='bbox 1264 2069 1291 2105; x_wconf 88' lang='lat' dir='ltr'><strong>a</strong></span> <span class='ocrx_word' id='word_1_133' title='bbox 1337 2052 1518 2107; x_wconf 69' lang='lat' dir='ltr'><strong>Judma</strong></span> <span class='ocrx_word' id='word_1_134' title='bbox 1548 2093 1562 2115; x_wconf 92' lang='lat'><strong>,</strong></span> <span class='ocrx_word' id='word_1_135' title='bbox 1612 2053 1851 2107; x_wconf 82' lang='lat' dir='ltr'><strong>sortibus</strong></span> 
     </span>
    </p>
   </div>
   <div class='ocr_carea' id='block_1_21' title="bbox 230 2138 1851 2211">
    <p class='ocr_par' dir='ltr' id='par_1_21' title="bbox 230 2138 1851 2211">
     <span class='ocr_line' id='line_1_21' title="bbox 230 2138 1851 2211; baseline 0.004 -21"><span class='ocrx_word' id='word_1_136' title='bbox 230 2138 317 2190; x_wconf 84' lang='lat' dir='ltr'><strong>sibi</strong></span> <span class='ocrx_word' id='word_1_137' title='bbox 351 2140 503 2208; x_wconf 85' lang='lat' dir='ltr'><strong>apud</strong></span> <span class='ocrx_word' id='word_1_138' title='bbox 558 2151 785 2210; x_wconf 79' lang='lat' dir='ltr'><strong>gentes</strong></span> <span class='ocrx_word' id='word_1_139' title='bbox 826 2142 1159 2211; x_wconf 66' lang='lat' dir='ltr'><strong>prmdicaudi</strong></span> <span class='ocrx_word' id='word_1_140' title='bbox 1212 2144 1519 2198; x_wconf 61' lang='grc' dir='ltr'><strong>(ἥδη-ἰωῆς</strong></span> <span class='ocrx_word' id='word_1_141' title='bbox 1550 2185 1562 2206; x_wconf 93' lang='lat'><strong>,</strong></span> <span class='ocrx_word' id='word_1_142' title='bbox 1592 2144 1851 2197; x_wconf 81' lang='lat' dir='ltr'><strong>recessis-</strong></span> 
     </span>
    </p>
   </div>
   <div class='ocr_carea' id='block_1_22' title="bbox 231 2229 1844 2303">
    <p class='ocr_par' dir='ltr' id='par_1_22' title="bbox 231 2229 1844 2303">
     <span class='ocr_line' id='line_1_22' title="bbox 231 2229 1844 2303; baseline 0.007 -23"><span class='ocrx_word' id='word_1_143' title='bbox 231 2237 355 2281; x_wconf 81' lang='lat' dir='ltr'><strong>sent.</strong></span> <span class='ocrx_word' id='word_1_144' title='bbox 402 2229 520 2283; x_wconf 77' lang='lat' dir='ltr'><strong>Sed</strong></span> <span class='ocrx_word' id='word_1_145' title='bbox 564 2232 1065 2299; x_wconf 83' lang='lat' dir='ltr'><strong>quemadmodum</strong></span> <span class='ocrx_word' id='word_1_146' title='bbox 1113 2236 1438 2287; x_wconf 80' lang='lat' dir='ltr'><strong>auctoritate</strong></span> <span class='ocrx_word' id='word_1_147' title='bbox 1489 2233 1717 2300; x_wconf 58' lang='lat' dir='ltr'><strong>Isidori,</strong></span> <span class='ocrx_word' id='word_1_148' title='bbox 1752 2237 1844 2303; x_wconf 87' lang='lat' dir='ltr'><strong>qui</strong></span> 
     </span>
    </p>
   </div>
   <div class='ocr_carea' id='block_1_23' title="bbox 233 2322 1837 2393">
    <p class='ocr_par' dir='ltr' id='par_1_23' title="bbox 233 2322 1837 2393">
     <span class='ocr_line' id='line_1_23' title="bbox 233 2322 1837 2393; baseline 0.002 -22"><span class='ocrx_word' id='word_1_149' title='bbox 233 2335 315 2371; x_wconf 89' lang='lat' dir='ltr'><strong>sua</strong></span> <span class='ocrx_word' id='word_1_150' title='bbox 343 2335 408 2372; x_wconf 80' lang='lat' dir='ltr'><strong>ex</strong></span> <span class='ocrx_word' id='word_1_151' title='bbox 463 2322 785 2387; x_wconf 85' lang='lat' dir='ltr'><strong>prioribus</strong></span> <span class='ocrx_word' id='word_1_152' title='bbox 821 2323 1047 2376; x_wconf 86' lang='lat' dir='ltr'><strong>haurire</strong></span> <span class='ocrx_word' id='word_1_153' title='bbox 1094 2330 1289 2393; x_wconf 89' lang='lat' dir='ltr'><strong>potuit,</strong></span> <span class='ocrx_word' id='word_1_154' title='bbox 1332 2340 1390 2377; x_wconf 90' lang='lat' dir='ltr'><strong>se</strong></span> <span class='ocrx_word' id='word_1_155' title='bbox 1443 2323 1572 2377; x_wconf 87' lang='lat' dir='ltr'><strong>tueri</strong></span> <span class='ocrx_word' id='word_1_156' title='bbox 1613 2329 1837 2390; x_wconf 88' lang='lat' dir='ltr'><strong>possunt</strong></span> 
     </span>
    </p>
   </div>
   <div class='ocr_carea' id='block_1_24' title="bbox 236 2409 1841 2486">
    <p class='ocr_par' dir='ltr' id='par_1_24' title="bbox 236 2409 1841 2486">
     <span class='ocr_line' id='line_1_24' title="bbox 236 2409 1841 2486; baseline 0.005 -25"><span class='ocrx_word' id='word_1_157' title='bbox 236 2409 439 2478; x_wconf 78' lang='lat' dir='ltr'><strong>llispani</strong></span> <span class='ocrx_word' id='word_1_158' title='bbox 488 2412 789 2467; x_wconf 81' lang='lat' dir='ltr'><strong>adversus</strong></span> <span class='ocrx_word' id='word_1_159' title='bbox 834 2414 1109 2482; x_wconf 88' lang='lat' dir='ltr'><strong>opinionis</strong></span> <span class='ocrx_word' id='word_1_160' title='bbox 1134 2412 1375 2467; x_wconf 74' lang='lat' dir='ltr'><strong>conﬁcta:</strong></span> <span class='ocrx_word' id='word_1_161' title='bbox 1401 2415 1687 2471; x_wconf 81' lang='lat' dir='ltr'><strong>novitatem</strong></span> <span class='ocrx_word' id='word_1_162' title='bbox 1720 2430 1841 2486; x_wconf 66' lang='lat' dir='ltr'><strong>qua!</strong></span> 
     </span>
    </p>
   </div>
   <div class='ocr_carea' id='block_1_25' title="bbox 233 2504 1844 2577">
    <p class='ocr_par' dir='ltr' id='par_1_25' title="bbox 233 2504 1844 2577">
     <span class='ocr_line' id='line_1_25' title="bbox 233 2504 1844 2577; baseline 0.004 -24"><span class='ocrx_word' id='word_1_163' title='bbox 233 2504 329 2556; x_wconf 83' lang='lat' dir='ltr'><strong>illis</strong></span> <span class='ocrx_word' id='word_1_164' title='bbox 374 2507 589 2573; x_wconf 90' lang='lat' dir='ltr'><strong>opponi</strong></span> <span class='ocrx_word' id='word_1_165' title='bbox 628 2506 832 2570; x_wconf 90' lang='lat' dir='ltr'><strong>solet,</strong></span> <span class='ocrx_word' id='word_1_166' title='bbox 886 2509 957 2558; x_wconf 88' lang='lat' dir='ltr'><strong>ita</strong></span> <span class='ocrx_word' id='word_1_167' title='bbox 991 2507 1146 2561; x_wconf 90' lang='lat' dir='ltr'><strong>nobis</strong></span> <span class='ocrx_word' id='word_1_168' title='bbox 1188 2507 1255 2560; x_wconf 94' lang='lat' dir='ltr'><strong>de</strong></span> <span class='ocrx_word' id='word_1_169' title='bbox 1303 2508 1550 2577; x_wconf 80' lang='lat' dir='ltr'><strong>Philippo</strong></span> <span class='ocrx_word' id='word_1_170' title='bbox 1578 2509 1844 2563; x_wconf 88' lang='lat' dir='ltr'><strong>disserere</strong></span> 
     </span>
    </p>
   </div>
   <div class='ocr_carea' id='block_1_26' title="bbox 236 2595 1850 2668">
    <p class='ocr_par' dir='ltr' id='par_1_26' title="bbox 236 2595 1850 2668">
     <span class='ocr_line' id='line_1_26' title="bbox 236 2595 1850 2668; baseline 0.005 -23"><span class='ocrx_word' id='word_1_171' title='bbox 236 2595 385 2659; x_wconf 82' lang='lat' dir='ltr'><strong>licet,</strong></span> <span class='ocrx_word' id='word_1_172' title='bbox 418 2612 489 2651; x_wconf 88' lang='lat' dir='ltr'><strong>eo</strong></span> <span class='ocrx_word' id='word_1_173' title='bbox 547 2607 756 2652; x_wconf 88' lang='lat' dir='ltr'><strong>tamen</strong></span> <span class='ocrx_word' id='word_1_174' title='bbox 811 2599 1105 2663; x_wconf 87' lang='lat' dir='ltr'><strong>securius,</strong></span> <span class='ocrx_word' id='word_1_175' title='bbox 1160 2599 1304 2668; x_wconf 89' lang='lat' dir='ltr'><strong>quod</strong></span> <span class='ocrx_word' id='word_1_176' title='bbox 1348 2600 1490 2654; x_wconf 90' lang='lat' dir='ltr'><strong>illius</strong></span> <span class='ocrx_word' id='word_1_177' title='bbox 1536 2600 1850 2667; x_wconf 71' lang='lat' dir='ltr'><strong>prmdicatio</strong></span> 
     </span>
    </p>
   </div>
   <div class='ocr_carea' id='block_1_27' title="bbox 235 2688 1850 2762">
    <p class='ocr_par' dir='ltr' id='par_1_27' title="bbox 235 2688 1850 2762">
     <span class='ocr_line' id='line_1_27' title="bbox 235 2688 1850 2762; baseline 0.004 -25"><span class='ocrx_word' id='word_1_178' title='bbox 235 2689 363 2757; x_wconf 77' lang='lat' dir='ltr'><strong>apud</strong></span> <span class='ocrx_word' id='word_1_179' title='bbox 390 2688 615 2745; x_wconf 86' lang='lat' dir='ltr'><strong>Gallias</strong></span> <span class='ocrx_word' id='word_1_180' title='bbox 670 2707 809 2745; x_wconf 89' lang='lat' dir='ltr'><strong>cum</strong></span> <span class='ocrx_word' id='word_1_181' title='bbox 849 2692 1052 2746; x_wconf 86' lang='lat' dir='ltr'><strong>incidat</strong></span> <span class='ocrx_word' id='word_1_182' title='bbox 1105 2702 1224 2762; x_wconf 91' lang='lat' dir='ltr'><strong>post</strong></span> <span class='ocrx_word' id='word_1_183' title='bbox 1255 2692 1595 2745; x_wconf 87' lang='lat' dir='ltr'><strong>sortitionem</strong></span> <span class='ocrx_word' id='word_1_184' title='bbox 1628 2692 1850 2760; x_wconf 89' lang='lat' dir='ltr'><strong>provin-</strong></span> 
     </span>
    </p>
   </div>
   <div class='ocr_carea' id='block_1_28' title="bbox 234 2780 1846 2851">
    <p class='ocr_par' dir='ltr' id='par_1_28' title="bbox 234 2780 1846 2851">
     <span class='ocr_line' id='line_1_28' title="bbox 234 2780 1846 2851; baseline -0.001 -18"><span class='ocrx_word' id='word_1_185' title='bbox 234 2780 439 2834; x_wconf 83' lang='lat' dir='ltr'><strong>ciarum</strong></span> <span class='ocrx_word' id='word_1_186' title='bbox 470 2783 545 2834; x_wconf 82' lang='lat' dir='ltr'><strong>ab</strong></span> <span class='ocrx_word' id='word_1_187' title='bbox 597 2782 893 2851; x_wconf 85' lang='lat' dir='ltr'><strong>apostolis</strong></span> <span class='ocrx_word' id='word_1_188' title='bbox 928 2782 1123 2836; x_wconf 63' lang='lat' dir='ltr'><strong>lactant</strong></span> <span class='ocrx_word' id='word_1_189' title='bbox 1152 2824 1167 2847; x_wconf 96' lang='lat'><strong>,</strong></span> <span class='ocrx_word' id='word_1_190' title='bbox 1198 2783 1365 2836; x_wconf 85' lang='lat' dir='ltr'><strong>libera</strong></span> <span class='ocrx_word' id='word_1_191' title='bbox 1402 2792 1486 2837; x_wconf 87' lang='lat' dir='ltr'><strong>est</strong></span> <span class='ocrx_word' id='word_1_192' title='bbox 1516 2781 1583 2834; x_wconf 93' lang='lat' dir='ltr'><strong>ab</strong></span> <span class='ocrx_word' id='word_1_193' title='bbox 1620 2798 1685 2836; x_wconf 92' lang='lat' dir='ltr'><strong>eo</strong></span> <span class='ocrx_word' id='word_1_194' title='bbox 1720 2781 1846 2847; x_wconf 89' lang='lat' dir='ltr'><strong>telo,</strong></span> 
     </span>
    </p>
   </div>
   <div class='ocr_carea' id='block_1_29' title="bbox 238 2870 1845 2942">
    <p class='ocr_par' dir='ltr' id='par_1_29' title="bbox 238 2870 1845 2942">
     <span class='ocr_line' id='line_1_29' title="bbox 238 2870 1845 2942; baseline 0.003 -23"><span class='ocrx_word' id='word_1_195' title='bbox 238 2886 337 2937; x_wconf 79' lang='lat' dir='ltr'><strong>quo</strong></span> <span class='ocrx_word' id='word_1_196' title='bbox 364 2872 707 2939; x_wconf 67' lang='lat' dir='ltr'><strong>praedicatio</strong></span> <span class='ocrx_word' id='word_1_197' title='bbox 752 2870 952 2927; x_wconf 69' lang='lat' dir='ltr'><strong>Jacobi</strong></span> <span class='ocrx_word' id='word_1_198' title='bbox 981 2874 1120 2941; x_wconf 88' lang='lat' dir='ltr'><strong>apud</strong></span> <span class='ocrx_word' id='word_1_199' title='bbox 1154 2872 1424 2942; x_wconf 78' lang='lat' dir='ltr'><strong>Hispanos</strong></span> <span class='ocrx_word' id='word_1_200' title='bbox 1453 2872 1641 2941; x_wconf 90' lang='lat' dir='ltr'><strong>impcti</strong></span> <span class='ocrx_word' id='word_1_201' title='bbox 1687 2875 1845 2927; x_wconf 86' lang='lat' dir='ltr'><strong>solet.</strong></span> 
     </span>
    </p>
   </div>
   <div class='ocr_carea' id='block_1_30' title="bbox 239 2959 1850 3033">
    <p class='ocr_par' dir='ltr' id='par_1_30' title="bbox 239 2959 1850 3033">
     <span class='ocr_line' id='line_1_30' title="bbox 239 2959 1850 3033; baseline 0.001 -20"><span class='ocrx_word' id='word_1_202' title='bbox 239 2959 501 3015; x_wconf 68' lang='lat' dir='ltr'><strong>Cancrum</strong></span> <span class='ocrx_word' id='word_1_203' title='bbox 569 2964 715 3017; x_wconf 91' lang='lat' dir='ltr'><strong>illud</strong></span> <span class='ocrx_word' id='word_1_204' title='bbox 776 2962 884 3016; x_wconf 81' lang='lat' dir='ltr'><strong>fuit</strong></span> <span class='ocrx_word' id='word_1_205' title='bbox 939 2963 1305 3031; x_wconf 87' lang='lat' dir='ltr'><strong>apostolorum</strong></span> <span class='ocrx_word' id='word_1_206' title='bbox 1362 2964 1741 3033; x_wconf 69' lang='lat' dir='ltr'><strong>propositum,</strong></span> <span class='ocrx_word' id='word_1_207' title='bbox 1793 2969 1850 3014; x_wconf 92' lang='lat' dir='ltr'><strong>ut</strong></span> 
     </span>
    </p>
   </div>
   <div class='ocr_carea' id='block_1_31' title="bbox 237 3054 1847 3123">
    <p class='ocr_par' dir='ltr' id='par_1_31' title="bbox 237 3054 1847 3123">
     <span class='ocr_line' id='line_1_31' title="bbox 237 3054 1847 3123; baseline 0.006 -24"><span class='ocrx_word' id='word_1_208' title='bbox 237 3068 692 3121; x_wconf 83' lang='lat' dir='ltr'><strong>quaquaversum</strong></span> <span class='ocrx_word' id='word_1_209' title='bbox 746 3054 902 3107; x_wconf 85' lang='lat' dir='ltr'><strong>orbis</strong></span> <span class='ocrx_word' id='word_1_210' title='bbox 939 3063 1126 3123; x_wconf 87' lang='lat' dir='ltr'><strong>patet,</strong></span> <span class='ocrx_word' id='word_1_211' title='bbox 1181 3056 1527 3123; x_wconf 83' lang='lat' dir='ltr'><strong>Evangelium</strong></span> <span class='ocrx_word' id='word_1_212' title='bbox 1575 3055 1847 3108; x_wconf 85' lang='lat' dir='ltr'><strong>diﬂunde-</strong></span> 
     </span>
    </p>
   </div>
   <div class='ocr_carea' id='block_1_32' title="bbox 241 3145 1844 3217">
    <p class='ocr_par' dir='ltr' id='par_1_32' title="bbox 241 3145 1844 3217">
     <span class='ocr_line' id='line_1_32' title="bbox 241 3145 1844 3217; baseline 0.002 -21"><span class='ocrx_word' id='word_1_213' title='bbox 241 3155 376 3207; x_wconf 87' lang='lat' dir='ltr'><strong>rent,</strong></span> <span class='ocrx_word' id='word_1_214' title='bbox 413 3161 482 3198; x_wconf 74' lang='lat' dir='ltr'><strong>ex</strong></span> <span class='ocrx_word' id='word_1_215' title='bbox 520 3148 807 3199; x_wconf 85' lang='lat' dir='ltr'><strong>mandato</strong></span> <span class='ocrx_word' id='word_1_216' title='bbox 833 3145 1061 3199; x_wconf 75' lang='lat' dir='ltr'><strong>Christi.</strong></span> <span class='ocrx_word' id='word_1_217' title='bbox 1092 3146 1271 3212; x_wconf 82' lang='lat' dir='ltr'><strong>Quare</strong></span> <span class='ocrx_word' id='word_1_218' title='bbox 1296 3186 1311 3210; x_wconf 98' lang='lat'><strong>,</strong></span> <span class='ocrx_word' id='word_1_219' title='bbox 1346 3160 1403 3200; x_wconf 90' lang='lat' dir='ltr'><strong>ut</strong></span> <span class='ocrx_word' id='word_1_220' title='bbox 1433 3148 1636 3217; x_wconf 89' lang='lat' dir='ltr'><strong>optime</strong></span> <span class='ocrx_word' id='word_1_221' title='bbox 1678 3147 1844 3200; x_wconf 88' lang='lat' dir='ltr'><strong>adno-</strong></span> 
     </span>
    </p>
   </div>
   <div class='ocr_carea' id='block_1_33' title="bbox 242 3233 1845 3308">
    <p class='ocr_par' dir='ltr' id='par_1_33' title="bbox 242 3233 1845 3308">
     <span class='ocr_line' id='line_1_33' title="bbox 242 3233 1845 3308; baseline 0.004 -23"><span class='ocrx_word' id='word_1_222' title='bbox 242 3237 363 3288; x_wconf 79' lang='lat' dir='ltr'><strong>tavit</strong></span> <span class='ocrx_word' id='word_1_223' title='bbox 381 3233 697 3298; x_wconf 81' lang='lat' dir='ltr'><strong>Eusebius,</strong></span> <span class='ocrx_word' id='word_1_224' title='bbox 727 3236 825 3291; x_wconf 90' lang='lat' dir='ltr'><strong>lib.</strong></span> <span class='ocrx_word' id='word_1_225' title='bbox 854 3251 915 3291; x_wconf 87' lang='lat' dir='ltr'><strong>tu</strong></span> <span class='ocrx_word' id='word_1_226' title='bbox 951 3236 1239 3291; x_wconf 81' lang='lat' dir='ltr'><strong>Deinonstr.</strong></span> <span class='ocrx_word' id='word_1_227' title='bbox 1270 3237 1468 3307; x_wconf 84' lang='lat' dir='ltr'><strong>Evang.</strong></span> <span class='ocrx_word' id='word_1_228' title='bbox 1505 3255 1623 3308; x_wconf 90' lang='lat' dir='ltr'><strong>cap.</strong></span> <span class='ocrx_word' id='word_1_229' title='bbox 1652 3239 1710 3303; x_wconf 82' lang='lat'><strong>5,</strong></span> <span class='ocrx_word' id='word_1_230' title='bbox 1741 3256 1845 3292; x_wconf 92' lang='lat' dir='ltr'><strong>non</strong></span> 
     </span>
    </p>
   </div>
   <div class='ocr_carea' id='block_1_34' title="bbox 240 3328 1844 3399">
    <p class='ocr_par' dir='ltr' id='par_1_34' title="bbox 240 3328 1844 3399">
     <span class='ocr_line' id='line_1_34' title="bbox 240 3328 1844 3399; baseline 0.004 -22"><span class='ocrx_word' id='word_1_231' title='bbox 240 3329 408 3379; x_wconf 86' lang='lat' dir='ltr'><strong>solum</strong></span> <span class='ocrx_word' id='word_1_232' title='bbox 448 3328 701 3382; x_wconf 73' lang='lat' dir='ltr'><strong>Romam</strong></span> <span class='ocrx_word' id='word_1_233' title='bbox 742 3339 916 3398; x_wconf 89' lang='lat' dir='ltr'><strong>caput</strong></span> <span class='ocrx_word' id='word_1_234' title='bbox 962 3330 1198 3398; x_wconf 88' lang='lat' dir='ltr'><strong>imperii,</strong></span> <span class='ocrx_word' id='word_1_235' title='bbox 1228 3340 1388 3399; x_wconf 86' lang='lat' dir='ltr'><strong>atque</strong></span> <span class='ocrx_word' id='word_1_236' title='bbox 1416 3330 1691 3384; x_wconf 82' lang='lat' dir='ltr'><strong>Romanas</strong></span> <span class='ocrx_word' id='word_1_237' title='bbox 1720 3346 1844 3399; x_wconf 92' lang='lat' dir='ltr'><strong>pro-</strong></span> 
     </span>
    </p>
   </div>
   <div class='ocr_carea' id='block_1_35' title="bbox 240 3416 1843 3488">
    <p class='ocr_par' dir='ltr' id='par_1_35' title="bbox 240 3416 1843 3488">
     <span class='ocr_line' id='line_1_35' title="bbox 240 3416 1843 3488; baseline 0.004 -22"><span class='ocrx_word' id='word_1_238' title='bbox 240 3416 463 3479; x_wconf 70' lang='lat' dir='ltr'><strong>vincias,</strong></span> <span class='ocrx_word' id='word_1_239' title='bbox 493 3420 599 3472; x_wconf 89' lang='lat' dir='ltr'><strong>sed</strong></span> <span class='ocrx_word' id='word_1_240' title='bbox 633 3419 815 3472; x_wconf 87' lang='lat' dir='ltr'><strong>etiam</strong></span> <span class='ocrx_word' id='word_1_241' title='bbox 850 3419 954 3471; x_wconf 85' lang='lat' dir='ltr'><strong>alia</strong></span> <span class='ocrx_word' id='word_1_242' title='bbox 991 3430 1305 3488; x_wconf 85' lang='lat' dir='ltr'><strong>regna,tum</strong></span> <span class='ocrx_word' id='word_1_243' title='bbox 1344 3421 1704 3486; x_wconf 88' lang='lat' dir='ltr'><strong>Parthorum,</strong></span> <span class='ocrx_word' id='word_1_244' title='bbox 1734 3431 1843 3473; x_wconf 93' lang='lat' dir='ltr'><strong>tum</strong></span> 
     </span>
    </p>
   </div>
   <div class='ocr_carea' id='block_1_36' title="bbox 242 3506 1842 3580">
    <p class='ocr_par' dir='ltr' id='par_1_36' title="bbox 242 3506 1842 3580">
     <span class='ocr_line' id='line_1_36' title="bbox 242 3506 1842 3580; baseline 0.005 -23"><span class='ocrx_word' id='word_1_245' title='bbox 242 3506 633 3562; x_wconf 82' lang='lat' dir='ltr'><strong>Armeniorum</strong></span> <span class='ocrx_word' id='word_1_246' title='bbox 667 3549 684 3573; x_wconf 87' lang='lat'><strong>,</strong></span> <span class='ocrx_word' id='word_1_247' title='bbox 742 3510 1077 3580; x_wconf 77' lang='lat' dir='ltr'><strong>Scytharum</strong></span> <span class='ocrx_word' id='word_1_248' title='bbox 1105 3552 1118 3575; x_wconf 96' lang='lat'><strong>,</strong></span> <span class='ocrx_word' id='word_1_249' title='bbox 1156 3512 1404 3565; x_wconf 86' lang='lat' dir='ltr'><strong>Indorum</strong></span> <span class='ocrx_word' id='word_1_250' title='bbox 1434 3553 1449 3576; x_wconf 91' lang='lat'><strong>,</strong></span> <span class='ocrx_word' id='word_1_251' title='bbox 1483 3513 1801 3580; x_wconf 55' lang='lat' dir='ltr'><strong>{Ethiopum</strong></span> <span class='ocrx_word' id='word_1_252' title='bbox 1827 3553 1842 3576; x_wconf 94' lang='lat'><strong>,</strong></span> 
     </span>
    </p>
   </div>
   <div class='ocr_carea' id='block_1_37' title="bbox 246 3600 1841 3670">
    <p class='ocr_par' dir='ltr' id='par_1_37' title="bbox 246 3600 1841 3670">
     <span class='ocr_line' id='line_1_37' title="bbox 246 3600 1841 3670; baseline 0.003 -18"><span class='ocrx_word' id='word_1_253' title='bbox 246 3600 455 3668; x_wconf 81' lang='lat' dir='ltr'><strong>ipsimet</strong></span> <span class='ocrx_word' id='word_1_254' title='bbox 484 3604 993 3670; x_wconf 67' lang='lat' dir='ltr'><strong>praadicationihus</strong></span> <span class='ocrx_word' id='word_1_255' title='bbox 1026 3606 1136 3657; x_wconf 89' lang='lat' dir='ltr'><strong>suis</strong></span> <span class='ocrx_word' id='word_1_256' title='bbox 1166 3605 1516 3658; x_wconf 89' lang='lat' dir='ltr'><strong>instituerunt</strong></span> <span class='ocrx_word' id='word_1_257' title='bbox 1550 3624 1562 3659; x_wconf 90' lang='lat'><strong>:</strong></span> <span class='ocrx_word' id='word_1_258' title='bbox 1599 3607 1739 3659; x_wconf 89' lang='lat' dir='ltr'><strong>adeo</strong></span> <span class='ocrx_word' id='word_1_259' title='bbox 1766 3616 1841 3670; x_wconf 91' lang='lat' dir='ltr'><strong>ut,</strong></span> 
     </span>
    </p>
   </div>
   <div class='ocr_carea' id='block_1_38' title="bbox 246 3695 1845 3764">
    <p class='ocr_par' dir='ltr' id='par_1_38' title="bbox 246 3695 1845 3764">
     <span class='ocr_line' id='line_1_38' title="bbox 246 3695 1845 3764; baseline 0.004 -22"><span class='ocrx_word' id='word_1_260' title='bbox 246 3696 718 3759; x_wconf 80' lang='lat' dir='ltr'><strong>quemadmodum</strong></span> <span class='ocrx_word' id='word_1_261' title='bbox 780 3695 1061 3763; x_wconf 81' lang='lat' dir='ltr'><strong>subjungit</strong></span> <span class='ocrx_word' id='word_1_262' title='bbox 1110 3695 1370 3749; x_wconf 83' lang='lat' dir='ltr'><strong>Eusebius</strong></span> <span class='ocrx_word' id='word_1_263' title='bbox 1400 3733 1417 3759; x_wconf 91' lang='lat'><strong>,</strong></span> <span class='ocrx_word' id='word_1_264' title='bbox 1461 3696 1590 3761; x_wconf 68' lang='lat' dir='ltr'><strong>ipsis</strong></span> <span class='ocrx_word' id='word_1_265' title='bbox 1641 3712 1845 3764; x_wconf 81' lang='lat' dir='ltr'><strong>quoque</strong></span> 
     </span>
    </p>
   </div>
   <div class='ocr_carea' id='block_1_39' title="bbox 252 3784 1844 3856">
    <p class='ocr_par' dir='ltr' id='par_1_39' title="bbox 252 3784 1844 3856">
     <span class='ocr_line' id='line_1_39' title="bbox 252 3784 1844 3856; baseline 0.001 -19"><span class='ocrx_word' id='word_1_266' title='bbox 252 3784 574 3839; x_wconf 85' lang='lat' dir='ltr'><strong>Britannicis</strong></span> <span class='ocrx_word' id='word_1_267' title='bbox 614 3788 845 3852; x_wconf 83' lang='lat' dir='ltr'><strong>insulis,</strong></span> <span class='ocrx_word' id='word_1_268' title='bbox 887 3785 1151 3839; x_wconf 87' lang='lat' dir='ltr'><strong>Oceanum</strong></span> <span class='ocrx_word' id='word_1_269' title='bbox 1183 3790 1503 3855; x_wconf 74' lang='lat' dir='ltr'><strong>praztert&#39;ecti</strong></span> <span class='ocrx_word' id='word_1_270' title='bbox 1532 3829 1546 3853; x_wconf 92' lang='lat'><strong>,</strong></span> <span class='ocrx_word' id='word_1_271' title='bbox 1586 3789 1711 3856; x_wconf 80' lang='lat' dir='ltr'><strong>lidei</strong></span> <span class='ocrx_word' id='word_1_272' title='bbox 1759 3789 1844 3839; x_wconf 87' lang='lat' dir='ltr'><strong>lu-</strong></span> 
     </span>
    </p>
   </div>
   <div class='ocr_carea' id='block_1_40' title="bbox 254 3878 1841 3946">
    <p class='ocr_par' dir='ltr' id='par_1_40' title="bbox 254 3878 1841 3946">
     <span class='ocr_line' id='line_1_40' title="bbox 254 3878 1841 3946; baseline 0.002 -20"><span class='ocrx_word' id='word_1_273' title='bbox 254 3893 359 3929; x_wconf 74' lang='lat' dir='ltr'><strong>men</strong></span> <span class='ocrx_word' id='word_1_274' title='bbox 383 3879 707 3931; x_wconf 82' lang='lat' dir='ltr'><strong>intulerint.</strong></span> <span class='ocrx_word' id='word_1_275' title='bbox 756 3879 907 3931; x_wconf 82' lang='lat' dir='ltr'><strong>Sane</strong></span> <span class='ocrx_word' id='word_1_276' title='bbox 945 3878 1213 3930; x_wconf 83' lang='lat' dir='ltr'><strong>neminem</strong></span> <span class='ocrx_word' id='word_1_277' title='bbox 1247 3890 1370 3946; x_wconf 87' lang='lat' dir='ltr'><strong>puta</strong></span> <span class='ocrx_word' id='word_1_278' title='bbox 1407 3889 1512 3929; x_wconf 84' lang='lat' dir='ltr'><strong>tam</strong></span> <span class='ocrx_word' id='word_1_279' title='bbox 1554 3878 1841 3945; x_wconf 84' lang='lat' dir='ltr'><strong>insipidum</strong></span> 
     </span>
    </p>
   </div>
   <div class='ocr_carea' id='block_1_41' title="bbox 254 3970 1844 4039">
    <p class='ocr_par' dir='ltr' id='par_1_41' title="bbox 254 3970 1844 4039">
     <span class='ocr_line' id='line_1_41' title="bbox 254 3970 1844 4039; baseline 0.003 -20"><span class='ocrx_word' id='word_1_280' title='bbox 254 3970 340 4034; x_wconf 85' lang='lat' dir='ltr'><strong>qui</strong></span> <span class='ocrx_word' id='word_1_281' title='bbox 388 3971 492 4022; x_wconf 83' lang='lat' dir='ltr'><strong>sibi</strong></span> <span class='ocrx_word' id='word_1_282' title='bbox 527 3970 916 4039; x_wconf 86' lang='lat' dir='ltr'><strong>persuadeat,</strong></span> <span class='ocrx_word' id='word_1_283' title='bbox 950 3974 1016 4022; x_wconf 89' lang='lat' dir='ltr'><strong>de</strong></span> <span class='ocrx_word' id='word_1_284' title='bbox 1044 3970 1229 4022; x_wconf 71' lang='lat' dir='ltr'><strong>diiisis</strong></span> <span class='ocrx_word' id='word_1_285' title='bbox 1270 3980 1383 4022; x_wconf 85' lang='lat' dir='ltr'><strong>toto</strong></span> <span class='ocrx_word' id='word_1_286' title='bbox 1409 3970 1539 4022; x_wconf 78' lang='lat' dir='ltr'><strong>urbe</strong></span> <span class='ocrx_word' id='word_1_287' title='bbox 1572 3970 1844 4023; x_wconf 81' lang='lat' dir='ltr'><strong>Britannis</strong></span> 
     </span>
    </p>
   </div>
   <div class='ocr_carea' id='block_1_42' title="bbox 254 4056 1843 4127">
    <p class='ocr_par' dir='ltr' id='par_1_42' title="bbox 254 4056 1843 4127">
     <span class='ocr_line' id='line_1_42' title="bbox 254 4056 1843 4127; baseline 0.004 -20"><span class='ocrx_word' id='word_1_288' title='bbox 254 4057 512 4112; x_wconf 83' lang='lat' dir='ltr'><strong>sollicitos</strong></span> <span class='ocrx_word' id='word_1_289' title='bbox 540 4058 833 4127; x_wconf 85' lang='lat' dir='ltr'><strong>apostolos</strong></span> <span class='ocrx_word' id='word_1_290' title='bbox 863 4098 879 4119; x_wconf 92' lang='lat'><strong>,</strong></span> <span class='ocrx_word' id='word_1_291' title='bbox 913 4056 1329 4125; x_wconf 74' lang='lat' dir='ltr'><strong>negligentiores</strong></span> <span class='ocrx_word' id='word_1_292' title='bbox 1361 4058 1527 4111; x_wconf 81' lang='lat' dir='ltr'><strong>fuisse</strong></span> <span class='ocrx_word' id='word_1_293' title='bbox 1561 4059 1611 4111; x_wconf 91' lang='lat' dir='ltr'><strong>in</strong></span> <span class='ocrx_word' id='word_1_294' title='bbox 1645 4058 1843 4113; x_wconf 79' lang='lat' dir='ltr'><strong>Galliis</strong></span> 
     </span>
    </p>
   </div>
   <div class='ocr_carea' id='block_1_43' title="bbox 256 4148 1845 4219">
    <p class='ocr_par' dir='ltr' id='par_1_43' title="bbox 256 4148 1845 4219">
     <span class='ocr_line' id='line_1_43' title="bbox 256 4148 1845 4219; baseline 0.002 -18"><span class='ocrx_word' id='word_1_295' title='bbox 256 4163 345 4215; x_wconf 83' lang='lat' dir='ltr'><strong>per</strong></span> <span class='ocrx_word' id='word_1_296' title='bbox 372 4167 512 4217; x_wconf 86' lang='lat' dir='ltr'><strong>quas</strong></span> <span class='ocrx_word' id='word_1_297' title='bbox 554 4152 664 4203; x_wconf 87' lang='lat' dir='ltr'><strong>iter</strong></span> <span class='ocrx_word' id='word_1_298' title='bbox 696 4158 784 4202; x_wconf 90' lang='lat' dir='ltr'><strong>est</strong></span> <span class='ocrx_word' id='word_1_299' title='bbox 842 4151 910 4201; x_wconf 88' lang='lat' dir='ltr'><strong>ad</strong></span> <span class='ocrx_word' id='word_1_300' title='bbox 944 4148 1279 4213; x_wconf 80' lang='lat' dir='ltr'><strong>Britannias,</strong></span> <span class='ocrx_word' id='word_1_301' title='bbox 1308 4166 1404 4217; x_wconf 90' lang='lat' dir='ltr'><strong>per</strong></span> <span class='ocrx_word' id='word_1_302' title='bbox 1431 4166 1488 4203; x_wconf 87' lang='lat' dir='ltr'><strong>se</strong></span> <span class='ocrx_word' id='word_1_303' title='bbox 1518 4163 1610 4202; x_wconf 89' lang='lat' dir='ltr'><strong>aut</strong></span> <span class='ocrx_word' id='word_1_304' title='bbox 1645 4168 1740 4219; x_wconf 86' lang='lat' dir='ltr'><strong>per</strong></span> <span class='ocrx_word' id='word_1_305' title='bbox 1770 4153 1845 4204; x_wconf 79' lang='lat' dir='ltr'><strong>le-</strong></span> 
     </span>
    </p>
   </div>
   <div class='ocr_carea' id='block_1_44' title="bbox 260 4239 1843 4309">
    <p class='ocr_par' dir='ltr' id='par_1_44' title="bbox 260 4239 1843 4309">
     <span class='ocr_line' id='line_1_44' title="bbox 260 4239 1843 4309; baseline 0.004 -20"><span class='ocrx_word' id='word_1_306' title='bbox 260 4254 402 4301; x_wconf 72' lang='lat' dir='ltr'><strong>gaios</strong></span> <span class='ocrx_word' id='word_1_307' title='bbox 431 4242 681 4294; x_wconf 82' lang='lat' dir='ltr'><strong>veritate</strong></span> <span class='ocrx_word' id='word_1_308' title='bbox 716 4239 1047 4291; x_wconf 87' lang='lat' dir='ltr'><strong>imbuendis.</strong></span> <span class='ocrx_word' id='word_1_309' title='bbox 1088 4239 1241 4303; x_wconf 88' lang='lat' dir='ltr'><strong>Quod</strong></span> <span class='ocrx_word' id='word_1_310' title='bbox 1283 4241 1497 4307; x_wconf 75' lang='lat' dir='ltr'><strong>egregie</strong></span> <span class='ocrx_word' id='word_1_311' title='bbox 1526 4241 1596 4293; x_wconf 87' lang='lat' dir='ltr'><strong>illi</strong></span> <span class='ocrx_word' id='word_1_312' title='bbox 1632 4244 1843 4309; x_wconf 71' lang='lat' dir='ltr'><strong>praesti-</strong></span> 
     </span>
    </p>
   </div>
   <div class='ocr_carea' id='block_1_45' title="bbox 261 4330 1841 4403">
    <p class='ocr_par' dir='ltr' id='par_1_45' title="bbox 261 4330 1841 4403">
     <span class='ocr_line' id='line_1_45' title="bbox 261 4330 1841 4403; baseline 0.002 -21"><span class='ocrx_word' id='word_1_313' title='bbox 261 4338 429 4385; x_wconf 83' lang='lat' dir='ltr'><strong>terunt</strong></span> <span class='ocrx_word' id='word_1_314' title='bbox 480 4347 582 4401; x_wconf 89' lang='lat' dir='ltr'><strong>per</strong></span> <span class='ocrx_word' id='word_1_315' title='bbox 632 4330 949 4398; x_wconf 82' lang='lat' dir='ltr'><strong>Philippum</strong></span> <span class='ocrx_word' id='word_1_316' title='bbox 983 4368 998 4391; x_wconf 92' lang='lat'><strong>,</strong></span> <span class='ocrx_word' id='word_1_317' title='bbox 1031 4346 1195 4383; x_wconf 89' lang='lat' dir='ltr'><strong>unum</strong></span> <span class='ocrx_word' id='word_1_318' title='bbox 1239 4348 1304 4383; x_wconf 77' lang='lat' dir='ltr'><strong>ex</strong></span> <span class='ocrx_word' id='word_1_319' title='bbox 1355 4347 1540 4385; x_wconf 88' lang='lat' dir='ltr'><strong>eorum</strong></span> <span class='ocrx_word' id='word_1_320' title='bbox 1578 4334 1841 4403; x_wconf 75' lang='lat' dir='ltr'><strong>collegio,</strong></span> 
     </span>
    </p>
   </div>
   <div class='ocr_carea' id='block_1_46' title="bbox 256 4414 1845 4489">
    <p class='ocr_par' dir='ltr' id='par_1_46' title="bbox 256 4414 1845 4489">
     <span class='ocr_line' id='line_1_46' title="bbox 256 4414 1845 4489; baseline 0.004 -17"><span class='ocrx_word' id='word_1_321' title='bbox 256 4414 476 4489; x_wconf 83' lang='lat' dir='ltr'><strong>Lucam,</strong></span> <span class='ocrx_word' id='word_1_322' title='bbox 503 4424 875 4477; x_wconf 88' lang='lat' dir='ltr'><strong>Crescentem</strong></span> <span class='ocrx_word' id='word_1_323' title='bbox 901 4460 916 4483; x_wconf 93' lang='lat'><strong>,</strong></span> <span class='ocrx_word' id='word_1_324' title='bbox 946 4421 1334 4488; x_wconf 83' lang='lat' dir='ltr'><strong>Throphinium</strong></span> <span class='ocrx_word' id='word_1_325' title='bbox 1363 4463 1378 4487; x_wconf 97' lang='lat'><strong>,</strong></span> <span class='ocrx_word' id='word_1_326' title='bbox 1418 4422 1665 4488; x_wconf 88' lang='lat' dir='ltr'><strong>Paulum,</strong></span> <span class='ocrx_word' id='word_1_327' title='bbox 1701 4424 1845 4478; x_wconf 80' lang='lat' dir='ltr'><strong>Mar-</strong></span> 
     </span>
    </p>
   </div>
   <div class='ocr_carea' id='block_1_47' title="bbox 1965 579 3545 652">
    <p class='ocr_par' dir='ltr' id='par_1_47' title="bbox 1965 579 3545 652">
     <span class='ocr_line' id='line_1_47' title="bbox 1965 579 3545 652; baseline 0.005 -19"><span class='ocrx_word' id='word_1_328' title='bbox 1965 579 2034 633; x_wconf 83' lang='lat' dir='ltr'><strong>Et</strong></span> <span class='ocrx_word' id='word_1_329' title='bbox 2062 597 2224 649; x_wconf 82' lang='lat' dir='ltr'><strong>neque</strong></span> <span class='ocrx_word' id='word_1_330' title='bbox 2257 582 2338 633; x_wconf 75' lang='lat' dir='ltr'><strong>lite</strong></span> <span class='ocrx_word' id='word_1_331' title='bbox 2365 598 2484 652; x_wconf 71' lang='lat' dir='ltr'><strong>qua:</strong></span> <span class='ocrx_word' id='word_1_332' title='bbox 2515 582 2571 635; x_wconf 87' lang='lat' dir='ltr'><strong>in</strong></span> <span class='ocrx_word' id='word_1_333' title='bbox 2598 579 2889 636; x_wconf 80' lang='lat' dir='ltr'><strong>Germania</strong></span> <span class='ocrx_word' id='word_1_334' title='bbox 2930 584 3172 652; x_wconf 73' lang='lat' dir='ltr'><strong>fundata:</strong></span> <span class='ocrx_word' id='word_1_335' title='bbox 3201 598 3321 639; x_wconf 88' lang='lat' dir='ltr'><strong>sunt</strong></span> <span class='ocrx_word' id='word_1_336' title='bbox 3370 587 3545 641; x_wconf 81' lang='lat' dir='ltr'><strong>Eccle-</strong></span> 
     </span>
    </p>
   </div>
   <div class='ocr_carea' id='block_1_48' title="bbox 1960 670 3543 747">
    <p class='ocr_par' dir='ltr' id='par_1_48' title="bbox 1960 670 3543 747">
     <span class='ocr_line' id='line_1_48' title="bbox 1960 670 3543 747; baseline 0.006 -24"><span class='ocrx_word' id='word_1_337' title='bbox 1960 672 2089 736; x_wconf 71' lang='grc' dir='ltr'><strong>δὶα»,</strong></span> <span class='ocrx_word' id='word_1_338' title='bbox 2125 670 2283 723; x_wconf 82' lang='lat' dir='ltr'><strong>aliter</strong></span> <span class='ocrx_word' id='word_1_339' title='bbox 2319 672 2579 735; x_wconf 87' lang='lat' dir='ltr'><strong>credunt,</strong></span> <span class='ocrx_word' id='word_1_340' title='bbox 2619 685 2712 725; x_wconf 89' lang='lat' dir='ltr'><strong>aut</strong></span> <span class='ocrx_word' id='word_1_341' title='bbox 2744 672 2903 726; x_wconf 84' lang='lat' dir='ltr'><strong>aliter</strong></span> <span class='ocrx_word' id='word_1_342' title='bbox 2943 676 3161 727; x_wconf 85' lang='lat' dir='ltr'><strong>tradunt</strong></span> <span class='ocrx_word' id='word_1_343' title='bbox 3199 690 3218 727; x_wconf 93' lang='lat'><strong><em>:</em></strong></span> <span class='ocrx_word' id='word_1_344' title='bbox 3260 692 3423 747; x_wconf 77' lang='lat' dir='ltr'><strong>neque</strong></span> <span class='ocrx_word' id='word_1_345' title='bbox 3457 677 3543 731; x_wconf 51' lang='lat' dir='ltr'><strong>hie</strong></span> 
     </span>
    </p>
   </div>
   <div class='ocr_carea' id='block_1_49' title="bbox 1960 762 3544 837">
    <p class='ocr_par' dir='ltr' id='par_1_49' title="bbox 1960 762 3544 837">
     <span class='ocr_line' id='line_1_49' title="bbox 1960 762 3544 837; baseline 0.008 -24"><span class='ocrx_word' id='word_1_346' title='bbox 1960 779 2081 832; x_wconf 79' lang='lat' dir='ltr'><strong>qua:</strong></span> <span class='ocrx_word' id='word_1_347' title='bbox 2112 763 2165 815; x_wconf 90' lang='lat' dir='ltr'><strong>in</strong></span> <span class='ocrx_word' id='word_1_348' title='bbox 2198 762 2365 816; x_wconf 84' lang='lat' dir='ltr'><strong>lberis</strong></span> <span class='ocrx_word' id='word_1_349' title='bbox 2391 775 2512 817; x_wconf 81' lang='lat' dir='ltr'><strong>sunt</strong></span> <span class='ocrx_word' id='word_1_350' title='bbox 2540 804 2557 829; x_wconf 93' lang='lat'><strong>,</strong></span> <span class='ocrx_word' id='word_1_351' title='bbox 2608 782 2772 833; x_wconf 85' lang='lat' dir='ltr'><strong>neque</strong></span> <span class='ocrx_word' id='word_1_352' title='bbox 2797 766 2879 819; x_wconf 73' lang='lat' dir='ltr'><strong>Ita:</strong></span> <span class='ocrx_word' id='word_1_353' title='bbox 2911 783 3029 837; x_wconf 71' lang='lat' dir='ltr'><strong>qua:</strong></span> <span class='ocrx_word' id='word_1_354' title='bbox 3052 768 3104 819; x_wconf 88' lang='lat' dir='ltr'><strong>in</strong></span> <span class='ocrx_word' id='word_1_355' title='bbox 3138 766 3323 835; x_wconf 79' lang='lat' dir='ltr'><strong>Celtis,</strong></span> <span class='ocrx_word' id='word_1_356' title='bbox 3379 787 3544 837; x_wconf 83' lang='lat' dir='ltr'><strong>neque</strong></span> 
     </span>
    </p>
   </div>
   <div class='ocr_carea' id='block_1_50' title="bbox 1961 852 3544 931">
    <p class='ocr_par' dir='ltr' id='par_1_50' title="bbox 1961 852 3544 931">
     <span class='ocr_line' id='line_1_50' title="bbox 1961 852 3544 931; baseline 0.007 -28"><span class='ocrx_word' id='word_1_357' title='bbox 1961 852 2044 905; x_wconf 79' lang='lat' dir='ltr'><strong>lue</strong></span> <span class='ocrx_word' id='word_1_358' title='bbox 2066 869 2181 922; x_wconf 73' lang='lat' dir='ltr'><strong>qum</strong></span> <span class='ocrx_word' id='word_1_359' title='bbox 2209 854 2263 906; x_wconf 87' lang='lat' dir='ltr'><strong>in</strong></span> <span class='ocrx_word' id='word_1_360' title='bbox 2306 852 2541 918; x_wconf 84' lang='lat' dir='ltr'><strong>Oriente,</strong></span> <span class='ocrx_word' id='word_1_361' title='bbox 2562 872 2725 925; x_wconf 78' lang='lat' dir='ltr'><strong>neque</strong></span> <span class='ocrx_word' id='word_1_362' title='bbox 2750 856 2836 909; x_wconf 77' lang='lat' dir='ltr'><strong>hll.’</strong></span> <span class='ocrx_word' id='word_1_363' title='bbox 2866 874 2985 921; x_wconf 77' lang='lat' dir='ltr'><strong>qua:</strong></span> <span class='ocrx_word' id='word_1_364' title='bbox 3008 860 3063 911; x_wconf 85' lang='lat' dir='ltr'><strong>in</strong></span> <span class='ocrx_word' id='word_1_365' title='bbox 3088 858 3346 928; x_wconf 59' lang='lat' dir='ltr'><strong>ngypto,</strong></span> <span class='ocrx_word' id='word_1_366' title='bbox 3380 877 3544 931; x_wconf 82' lang='lat' dir='ltr'><strong>neque</strong></span> 
     </span>
    </p>
   </div>
   <div class='ocr_carea' id='block_1_51' title="bbox 1959 943 3542 1017">
    <p class='ocr_par' dir='ltr' id='par_1_51' title="bbox 1959 943 3542 1017">
     <span class='ocr_line' id='line_1_51' title="bbox 1959 943 3542 1017; baseline 0.006 -22"><span class='ocrx_word' id='word_1_367' title='bbox 1959 944 2043 995; x_wconf 74' lang='lat' dir='ltr'><strong>Ita:</strong></span> <span class='ocrx_word' id='word_1_368' title='bbox 2068 960 2187 1010; x_wconf 85' lang='lat' dir='ltr'><strong>qua:</strong></span> <span class='ocrx_word' id='word_1_369' title='bbox 2220 945 2273 998; x_wconf 84' lang='lat' dir='ltr'><strong>in</strong></span> <span class='ocrx_word' id='word_1_370' title='bbox 2313 943 2515 1013; x_wconf 86' lang='lat' dir='ltr'><strong>Libya,</strong></span> <span class='ocrx_word' id='word_1_371' title='bbox 2571 962 2734 1014; x_wconf 81' lang='lat' dir='ltr'><strong>neque</strong></span> <span class='ocrx_word' id='word_1_372' title='bbox 2777 948 2859 1000; x_wconf 77' lang='lat' dir='ltr'><strong>lite</strong></span> <span class='ocrx_word' id='word_1_373' title='bbox 2895 965 3015 1017; x_wconf 80' lang='lat' dir='ltr'><strong>qua:</strong></span> <span class='ocrx_word' id='word_1_374' title='bbox 3057 951 3111 1002; x_wconf 89' lang='lat' dir='ltr'><strong>in</strong></span> <span class='ocrx_word' id='word_1_375' title='bbox 3152 952 3322 1003; x_wconf 87' lang='lat' dir='ltr'><strong>medio</strong></span> <span class='ocrx_word' id='word_1_376' title='bbox 3357 951 3542 1005; x_wconf 85' lang='lat' dir='ltr'><strong>mundi</strong></span> 
     </span>
    </p>
   </div>
   <div class='ocr_carea' id='block_1_52' title="bbox 1960 1036 3543 1098">
    <p class='ocr_par' dir='ltr' id='par_1_52' title="bbox 1960 1036 3543 1098">
     <span class='ocr_line' id='line_1_52' title="bbox 1960 1036 3543 1098; baseline 0.008 -11"><span class='ocrx_word' id='word_1_377' title='bbox 1960 1044 2084 1088; x_wconf 87' lang='lat' dir='ltr'><strong>sunt</strong></span> <span class='ocrx_word' id='word_1_378' title='bbox 2117 1038 2437 1091; x_wconf 69' lang='lat' dir='ltr'><strong>constitutae.</strong></span> <span class='ocrx_word' id='word_1_379' title='bbox 2470 1036 2574 1091; x_wconf 85' lang='lat' dir='ltr'><strong>Sed</strong></span> <span class='ocrx_word' id='word_1_380' title='bbox 2613 1040 2750 1093; x_wconf 81' lang='lat' dir='ltr'><strong>sicut</strong></span> <span class='ocrx_word' id='word_1_381' title='bbox 2790 1040 2869 1094; x_wconf 85' lang='lat' dir='ltr'><strong>sol</strong></span> <span class='ocrx_word' id='word_1_382' title='bbox 2910 1051 3155 1095; x_wconf 84' lang='lat' dir='ltr'><strong>creatura</strong></span> <span class='ocrx_word' id='word_1_383' title='bbox 3195 1042 3293 1095; x_wconf 87' lang='lat' dir='ltr'><strong>Dei</strong></span> <span class='ocrx_word' id='word_1_384' title='bbox 3328 1044 3384 1097; x_wconf 86' lang='lat' dir='ltr'><strong>in</strong></span> <span class='ocrx_word' id='word_1_385' title='bbox 3428 1045 3543 1098; x_wconf 80' lang='lat' dir='ltr'><strong>uni-</strong></span> 
     </span>
    </p>
   </div>
   <div class='ocr_carea' id='block_1_53' title="bbox 1959 1130 3543 1203">
    <p class='ocr_par' dir='ltr' id='par_1_53' title="bbox 1959 1130 3543 1203">
     <span class='ocr_line' id='line_1_53' title="bbox 1959 1130 3543 1203; baseline 0.007 -25"><span class='ocrx_word' id='word_1_386' title='bbox 1959 1142 2107 1179; x_wconf 79' lang='lat' dir='ltr'><strong>verso</strong></span> <span class='ocrx_word' id='word_1_387' title='bbox 2140 1130 2335 1179; x_wconf 85' lang='lat' dir='ltr'><strong>mundo</strong></span> <span class='ocrx_word' id='word_1_388' title='bbox 2360 1145 2494 1181; x_wconf 87' lang='lat' dir='ltr'><strong>unus</strong></span> <span class='ocrx_word' id='word_1_389' title='bbox 2522 1140 2567 1181; x_wconf 86' lang='lat' dir='ltr'><strong>et</strong></span> <span class='ocrx_word' id='word_1_390' title='bbox 2606 1130 2741 1183; x_wconf 86' lang='lat' dir='ltr'><strong>idem</strong></span> <span class='ocrx_word' id='word_1_391' title='bbox 2793 1142 2889 1195; x_wconf 86' lang='lat' dir='ltr'><strong>est,</strong></span> <span class='ocrx_word' id='word_1_392' title='bbox 2926 1135 3002 1186; x_wconf 87' lang='lat' dir='ltr'><strong>sic</strong></span> <span class='ocrx_word' id='word_1_393' title='bbox 3040 1144 3089 1186; x_wconf 86' lang='lat' dir='ltr'><strong>et</strong></span> <span class='ocrx_word' id='word_1_394' title='bbox 3122 1135 3298 1187; x_wconf 87' lang='lat' dir='ltr'><strong>lumen</strong></span> <span class='ocrx_word' id='word_1_395' title='bbox 3330 1146 3377 1187; x_wconf 87' lang='lat' dir='ltr'><strong>et</strong></span> <span class='ocrx_word' id='word_1_396' title='bbox 3405 1152 3543 1203; x_wconf 68' lang='lat' dir='ltr'><strong>prm-</strong></span> 
     </span>
    </p>
   </div>
   <div class='ocr_carea' id='block_1_54' title="bbox 1959 1221 3541 1289">
    <p class='ocr_par' dir='ltr' id='par_1_54' title="bbox 1959 1221 3541 1289">
     <span class='ocr_line' id='line_1_54' title="bbox 1959 1221 3541 1289; baseline 0.005 -18"><span class='ocrx_word' id='word_1_397' title='bbox 1959 1221 2158 1273; x_wconf 84' lang='lat' dir='ltr'><strong>dicatio</strong></span> <span class='ocrx_word' id='word_1_398' title='bbox 2188 1221 2425 1272; x_wconf 82' lang='lat' dir='ltr'><strong>reritatis</strong></span> <span class='ocrx_word' id='word_1_399' title='bbox 2444 1222 2632 1289; x_wconf 88' lang='lat' dir='ltr'><strong>ubique</strong></span> <span class='ocrx_word' id='word_1_400' title='bbox 2661 1222 2820 1285; x_wconf 85' lang='lat' dir='ltr'><strong>lucet,</strong></span> <span class='ocrx_word' id='word_1_401' title='bbox 2846 1234 2893 1277; x_wconf 91' lang='lat' dir='ltr'><strong>et</strong></span> <span class='ocrx_word' id='word_1_402' title='bbox 2927 1225 3197 1279; x_wconf 86' lang='lat' dir='ltr'><strong>illuminat</strong></span> <span class='ocrx_word' id='word_1_403' title='bbox 3238 1242 3414 1280; x_wconf 85' lang='lat' dir='ltr'><strong>omnes</strong></span> <span class='ocrx_word' id='word_1_404' title='bbox 3445 1228 3541 1279; x_wconf 85' lang='lat' dir='ltr'><strong>Ito-</strong></span> 
     </span>
    </p>
   </div>
   <div class='ocr_carea' id='block_1_55' title="bbox 1958 1314 3536 1383">
    <p class='ocr_par' dir='ltr' id='par_1_55' title="bbox 1958 1314 3536 1383">
     <span class='ocr_line' id='line_1_55' title="bbox 1958 1314 3536 1383; baseline 0.004 -16"><span class='ocrx_word' id='word_1_405' title='bbox 1958 1314 2127 1367; x_wconf 82' lang='lat' dir='ltr'><strong>mines</strong></span> <span class='ocrx_word' id='word_1_406' title='bbox 2149 1314 2240 1378; x_wconf 87' lang='lat' dir='ltr'><strong>qui</strong></span> <span class='ocrx_word' id='word_1_407' title='bbox 2264 1314 2440 1367; x_wconf 83' lang='lat' dir='ltr'><strong>volunt</strong></span> <span class='ocrx_word' id='word_1_408' title='bbox 2468 1315 2538 1367; x_wconf 85' lang='lat' dir='ltr'><strong>ad</strong></span> <span class='ocrx_word' id='word_1_409' title='bbox 2568 1316 2917 1383; x_wconf 84' lang='lat' dir='ltr'><strong>cognitionem</strong></span> <span class='ocrx_word' id='word_1_410' title='bbox 2952 1317 3187 1371; x_wconf 80' lang='lat' dir='ltr'><strong>veritatis</strong></span> <span class='ocrx_word' id='word_1_411' title='bbox 3212 1320 3408 1373; x_wconf 74' lang='lat' dir='ltr'><strong>venire.</strong></span> <span class='ocrx_word' id='word_1_412' title='bbox 3443 1318 3536 1374; x_wconf 89' lang='lat' dir='ltr'><strong>Illa</strong></span> 
     </span>
    </p>
   </div>
   <div class='ocr_carea' id='block_1_56' title="bbox 1961 1405 3541 1479">
    <p class='ocr_par' dir='ltr' id='par_1_56' title="bbox 1961 1405 3541 1479">
     <span class='ocr_line' id='line_1_56' title="bbox 1961 1405 3541 1479; baseline 0.005 -22"><span class='ocrx_word' id='word_1_413' title='bbox 1961 1414 2328 1472; x_wconf 88' lang='lat' dir='ltr'><strong>tempestate,</strong></span> <span class='ocrx_word' id='word_1_414' title='bbox 2380 1405 2692 1461; x_wconf 71' lang='lat' dir='ltr'><strong>Germania:</strong></span> <span class='ocrx_word' id='word_1_415' title='bbox 2746 1408 2961 1477; x_wconf 88' lang='lat' dir='ltr'><strong>quidem</strong></span> <span class='ocrx_word' id='word_1_416' title='bbox 3010 1418 3064 1462; x_wconf 90' lang='lat' dir='ltr'><strong>et</strong></span> <span class='ocrx_word' id='word_1_417' title='bbox 3114 1407 3367 1479; x_wconf 78' lang='lat' dir='ltr'><strong>Hispanis</strong></span> <span class='ocrx_word' id='word_1_418' title='bbox 3412 1426 3541 1466; x_wconf 86' lang='lat' dir='ltr'><strong>suas</strong></span> 
     </span>
    </p>
   </div>
   <div class='ocr_carea' id='block_1_57' title="bbox 1956 1493 3540 1567">
    <p class='ocr_par' dir='ltr' id='par_1_57' title="bbox 1956 1493 3540 1567">
     <span class='ocr_line' id='line_1_57' title="bbox 1956 1493 3540 1567; baseline 0.006 -19"><span class='ocrx_word' id='word_1_419' title='bbox 1956 1493 2231 1548; x_wconf 78' lang='lat' dir='ltr'><strong>Ecclesias</strong></span> <span class='ocrx_word' id='word_1_420' title='bbox 2266 1495 2435 1548; x_wconf 86' lang='lat' dir='ltr'><strong>nostri</strong></span> <span class='ocrx_word' id='word_1_421' title='bbox 2470 1494 2773 1550; x_wconf 87' lang='lat' dir='ltr'><strong>liberaliter</strong></span> <span class='ocrx_word' id='word_1_422' title='bbox 2824 1497 3031 1567; x_wconf 82' lang='lat' dir='ltr'><strong>absque</strong></span> <span class='ocrx_word' id='word_1_423' title='bbox 3060 1499 3163 1553; x_wconf 92' lang='lat' dir='ltr'><strong>ulla</strong></span> <span class='ocrx_word' id='word_1_424' title='bbox 3191 1503 3540 1558; x_wconf 84' lang='lat' dir='ltr'><strong>restrictione</strong></span> 
     </span>
    </p>
   </div>
   <div class='ocr_carea' id='block_1_58' title="bbox 1958 1585 3540 1656">
    <p class='ocr_par' dir='ltr' id='par_1_58' title="bbox 1958 1585 3540 1656">
     <span class='ocr_line' id='line_1_58' title="bbox 1958 1585 3540 1656; baseline 0.006 -17"><span class='ocrx_word' id='word_1_425' title='bbox 1958 1585 2277 1649; x_wconf 77' lang='lat' dir='ltr'><strong>concedent,</strong></span> <span class='ocrx_word' id='word_1_426' title='bbox 2309 1587 2403 1640; x_wconf 89' lang='lat' dir='ltr'><strong>sed</strong></span> <span class='ocrx_word' id='word_1_427' title='bbox 2435 1587 2877 1656; x_wconf 80' lang='lat' dir='ltr'><strong>digladiabuntur</strong></span> <span class='ocrx_word' id='word_1_428' title='bbox 2920 1590 2984 1645; x_wconf 89' lang='lat' dir='ltr'><strong>de</strong></span> <span class='ocrx_word' id='word_1_429' title='bbox 3017 1590 3183 1645; x_wconf 88' lang='lat' dir='ltr'><strong>Celtis</strong></span> <span class='ocrx_word' id='word_1_430' title='bbox 3211 1604 3400 1647; x_wconf 89' lang='lat' dir='ltr'><strong>contra</strong></span> <span class='ocrx_word' id='word_1_431' title='bbox 3430 1595 3540 1649; x_wconf 79' lang='lat' dir='ltr'><strong>Ire-</strong></span> 
     </span>
    </p>
   </div>
   <div class='ocr_carea' id='block_1_59' title="bbox 1958 1677 3535 1748">
    <p class='ocr_par' dir='ltr' id='par_1_59' title="bbox 1958 1677 3535 1748">
     <span class='ocr_line' id='line_1_59' title="bbox 1958 1677 3535 1748; baseline 0.007 -19"><span class='ocrx_word' id='word_1_432' title='bbox 1958 1693 2131 1731; x_wconf 78' lang='lat' dir='ltr'><strong>meum</strong></span> <span class='ocrx_word' id='word_1_433' title='bbox 2170 1697 2184 1733; x_wconf 87' lang='lat'><strong>:</strong></span> <span class='ocrx_word' id='word_1_434' title='bbox 2215 1678 2306 1746; x_wconf 90' lang='lat' dir='ltr'><strong>qui</strong></span> <span class='ocrx_word' id='word_1_435' title='bbox 2342 1677 2674 1748; x_wconf 76' lang='lat' dir='ltr'><strong>generaliter</strong></span> <span class='ocrx_word' id='word_1_436' title='bbox 2700 1696 2823 1734; x_wconf 90' lang='lat' dir='ltr'><strong>cum</strong></span> <span class='ocrx_word' id='word_1_437' title='bbox 2860 1681 2930 1734; x_wconf 91' lang='lat' dir='ltr'><strong>sit</strong></span> <span class='ocrx_word' id='word_1_438' title='bbox 2976 1681 3189 1737; x_wconf 93' lang='lat' dir='ltr'><strong>locutus</strong></span> <span class='ocrx_word' id='word_1_439' title='bbox 3234 1684 3298 1738; x_wconf 89' lang='lat' dir='ltr'><strong>de</strong></span> <span class='ocrx_word' id='word_1_440' title='bbox 3328 1684 3490 1739; x_wconf 85' lang='lat' dir='ltr'><strong>Celtis</strong></span> <span class='ocrx_word' id='word_1_441' title='bbox 3520 1725 3535 1748; x_wconf 93' lang='lat'><strong>,</strong></span> 
     </span>
    </p>
   </div>
   <div class='ocr_carea' id='block_1_60' title="bbox 1955 1769 3541 1844">
    <p class='ocr_par' dir='ltr' id='par_1_60' title="bbox 1955 1769 3541 1844">
     <span class='ocr_line' id='line_1_60' title="bbox 1955 1769 3541 1844; baseline 0.005 -22"><span class='ocrx_word' id='word_1_442' title='bbox 1955 1769 2073 1836; x_wconf 85' lang='lat' dir='ltr'><strong>ejus</strong></span> <span class='ocrx_word' id='word_1_443' title='bbox 2105 1771 2431 1825; x_wconf 88' lang='lat' dir='ltr'><strong>sententiam</strong></span> <span class='ocrx_word' id='word_1_444' title='bbox 2464 1771 2529 1825; x_wconf 87' lang='lat' dir='ltr'><strong>ad</strong></span> <span class='ocrx_word' id='word_1_445' title='bbox 2564 1772 2855 1842; x_wconf 82' lang='lat' dir='ltr'><strong>specialem</strong></span> <span class='ocrx_word' id='word_1_446' title='bbox 2893 1782 3125 1826; x_wconf 86' lang='lat' dir='ltr'><strong>tractum</strong></span> <span class='ocrx_word' id='word_1_447' title='bbox 3163 1772 3423 1844; x_wconf 81' lang='lat' dir='ltr'><strong>Lngduno</strong></span> <span class='ocrx_word' id='word_1_448' title='bbox 3458 1778 3541 1831; x_wconf 86' lang='lat' dir='ltr'><strong>vi-</strong></span> 
     </span>
    </p>
   </div>
   <div class='ocr_carea' id='block_1_61' title="bbox 1955 1863 3536 1924">
    <p class='ocr_par' dir='ltr' id='par_1_61' title="bbox 1955 1863 3536 1924">
     <span class='ocr_line' id='line_1_61' title="bbox 1955 1863 3536 1924; baseline 0.006 -9"><span class='ocrx_word' id='word_1_449' title='bbox 1955 1863 2133 1915; x_wconf 90' lang='lat' dir='ltr'><strong>cinum</strong></span> <span class='ocrx_word' id='word_1_450' title='bbox 2163 1863 2428 1919; x_wconf 78' lang='lat' dir='ltr'><strong>invidiose</strong></span> <span class='ocrx_word' id='word_1_451' title='bbox 2455 1866 2805 1919; x_wconf 85' lang='lat' dir='ltr'><strong>coercebunt.</strong></span> <span class='ocrx_word' id='word_1_452' title='bbox 2841 1866 2995 1919; x_wconf 90' lang='lat' dir='ltr'><strong>Absit</strong></span> <span class='ocrx_word' id='word_1_453' title='bbox 3024 1865 3163 1920; x_wconf 87' lang='lat' dir='ltr'><strong>livor</strong></span> <span class='ocrx_word' id='word_1_454' title='bbox 3206 1867 3305 1922; x_wconf 90' lang='lat' dir='ltr'><strong>iste</strong></span> <span class='ocrx_word' id='word_1_455' title='bbox 3336 1884 3364 1921; x_wconf 87' lang='lat' dir='ltr'><strong>a</strong></span> <span class='ocrx_word' id='word_1_456' title='bbox 3405 1868 3536 1924; x_wconf 85' lang='lat' dir='ltr'><strong>Gal-</strong></span> 
     </span>
    </p>
   </div>
   <div class='ocr_carea' id='block_1_62' title="bbox 1955 1951 3540 2026">
    <p class='ocr_par' dir='ltr' id='par_1_62' title="bbox 1955 1951 3540 2026">
     <span class='ocr_line' id='line_1_62' title="bbox 1955 1951 3540 2026; baseline 0.006 -21"><span class='ocrx_word' id='word_1_457' title='bbox 1955 1951 2128 2006; x_wconf 90' lang='lat' dir='ltr'><strong>lorum</strong></span> <span class='ocrx_word' id='word_1_458' title='bbox 2163 1955 2474 2023; x_wconf 84' lang='lat' dir='ltr'><strong>pectoribus</strong></span> <span class='ocrx_word' id='word_1_459' title='bbox 2502 1996 2516 2019; x_wconf 95' lang='lat'><strong>,</strong></span> <span class='ocrx_word' id='word_1_460' title='bbox 2563 1972 2737 2025; x_wconf 82' lang='lat' dir='ltr'><strong>neque</strong></span> <span class='ocrx_word' id='word_1_461' title='bbox 2763 1959 2940 2026; x_wconf 74' lang='lat' dir='ltr'><strong>gentis</strong></span> <span class='ocrx_word' id='word_1_462' title='bbox 2968 1958 3159 2012; x_wconf 88' lang='lat' dir='ltr'><strong>honori</strong></span> <span class='ocrx_word' id='word_1_463' title='bbox 3193 1974 3387 2015; x_wconf 86' lang='lat' dir='ltr'><strong>manus</strong></span> <span class='ocrx_word' id='word_1_464' title='bbox 3422 1964 3540 2015; x_wconf 92' lang='lat' dir='ltr'><strong>vio-</strong></span> 
     </span>
    </p>
   </div>
   <div class='ocr_carea' id='block_1_63' title="bbox 1954 2042 3538 2120">
    <p class='ocr_par' dir='ltr' id='par_1_63' title="bbox 1954 2042 3538 2120">
     <span class='ocr_line' id='line_1_63' title="bbox 1954 2042 3538 2120; baseline 0.006 -23"><span class='ocrx_word' id='word_1_465' title='bbox 1954 2042 2129 2099; x_wconf 88' lang='lat' dir='ltr'><strong>lentas</strong></span> <span class='ocrx_word' id='word_1_466' title='bbox 2161 2045 2424 2111; x_wconf 81' lang='lat' dir='ltr'><strong>inferant,</strong></span> <span class='ocrx_word' id='word_1_467' title='bbox 2462 2049 2551 2102; x_wconf 89' lang='lat' dir='ltr'><strong>cui</strong></span> <span class='ocrx_word' id='word_1_468' title='bbox 2598 2051 2770 2103; x_wconf 79' lang='lat' dir='ltr'><strong>exteri</strong></span> <span class='ocrx_word' id='word_1_469' title='bbox 2808 2062 3077 2118; x_wconf 88' lang='lat' dir='ltr'><strong>parcunt,</strong></span> <span class='ocrx_word' id='word_1_470' title='bbox 3117 2067 3282 2120; x_wconf 87' lang='lat' dir='ltr'><strong>seque</strong></span> <span class='ocrx_word' id='word_1_471' title='bbox 3313 2053 3538 2107; x_wconf 90' lang='lat' dir='ltr'><strong>multum</strong></span> 
     </span>
    </p>
   </div>
   <div class='ocr_carea' id='block_1_64' title="bbox 1953 2138 3543 2211">
    <p class='ocr_par' dir='ltr' id='par_1_64' title="bbox 1953 2138 3543 2211">
     <span class='ocr_line' id='line_1_64' title="bbox 1953 2138 3543 2211; baseline 0.006 -22"><span class='ocrx_word' id='word_1_472' title='bbox 1953 2138 2232 2191; x_wconf 86' lang='lat' dir='ltr'><strong>venditant</strong></span> <span class='ocrx_word' id='word_1_473' title='bbox 2267 2154 2333 2193; x_wconf 88' lang='lat' dir='ltr'><strong>eo</strong></span> <span class='ocrx_word' id='word_1_474' title='bbox 2365 2141 2585 2193; x_wconf 90' lang='lat' dir='ltr'><strong>nomine</strong></span> <span class='ocrx_word' id='word_1_475' title='bbox 2614 2183 2629 2208; x_wconf 97' lang='lat'><strong>,</strong></span> <span class='ocrx_word' id='word_1_476' title='bbox 2665 2144 2808 2211; x_wconf 87' lang='lat' dir='ltr'><strong>quod</strong></span> <span class='ocrx_word' id='word_1_477' title='bbox 2842 2145 2990 2211; x_wconf 86' lang='lat' dir='ltr'><strong>paria</strong></span> <span class='ocrx_word' id='word_1_478' title='bbox 3026 2145 3304 2199; x_wconf 89' lang='lat' dir='ltr'><strong>nobiseum</strong></span> <span class='ocrx_word' id='word_1_479' title='bbox 3340 2144 3543 2199; x_wconf 80' lang='lat' dir='ltr'><strong>facian&#39;</strong></span> 
     </span>
    </p>
   </div>
   <div class='ocr_carea' id='block_1_65' title="bbox 1953 2232 3499 2303">
    <p class='ocr_par' dir='ltr' id='par_1_65' title="bbox 1953 2232 3499 2303">
     <span class='ocr_line' id='line_1_65' title="bbox 1953 2232 3499 2303; baseline 0.001 -15"><span class='ocrx_word' id='word_1_480' title='bbox 1953 2234 2005 2288; x_wconf 92' lang='lat' dir='ltr'><strong>in</strong></span> <span class='ocrx_word' id='word_1_481' title='bbox 2058 2234 2179 2287; x_wconf 87' lang='lat' dir='ltr'><strong>lidei</strong></span> <span class='ocrx_word' id='word_1_482' title='bbox 2215 2242 2485 2303; x_wconf 62' lang='lat' dir='ltr'><strong>suscepta:</strong></span> <span class='ocrx_word' id='word_1_483' title='bbox 2521 2232 2712 2289; x_wconf 92' lang='lat' dir='ltr'><strong>initiis.</strong></span> <span class='ocrx_word' id='word_1_484' title='bbox 2752 2234 2894 2287; x_wconf 90' lang='lat' dir='ltr'><strong>Sane</strong></span> <span class='ocrx_word' id='word_1_485' title='bbox 2928 2250 3037 2303; x_wconf 88' lang='lat' dir='ltr'><strong>quo</strong></span> <span class='ocrx_word' id='word_1_486' title='bbox 3075 2235 3126 2286; x_wconf 92' lang='lat' dir='ltr'><strong>in</strong></span> <span class='ocrx_word' id='word_1_487' title='bbox 3163 2246 3308 2289; x_wconf 86' lang='lat' dir='ltr'><strong>statu</strong></span> <span class='ocrx_word' id='word_1_488' title='bbox 3351 2244 3499 2289; x_wconf 83' lang='lat' dir='ltr'><strong>esset</strong></span> 
     </span>
    </p>
   </div>
   <div class='ocr_carea' id='block_1_66' title="bbox 1953 2324 3544 2394">
    <p class='ocr_par' dir='ltr' id='par_1_66' title="bbox 1953 2324 3544 2394">
     <span class='ocr_line' id='line_1_66' title="bbox 1953 2324 3544 2394; baseline 0.003 -17"><span class='ocrx_word' id='word_1_489' title='bbox 1953 2326 2135 2379; x_wconf 81' lang='lat' dir='ltr'><strong>lrena:i</strong></span> <span class='ocrx_word' id='word_1_490' title='bbox 2166 2334 2325 2379; x_wconf 79' lang='lat' dir='ltr'><strong>:etate</strong></span> <span class='ocrx_word' id='word_1_491' title='bbox 2353 2366 2367 2388; x_wconf 93' lang='lat'><strong>,</strong></span> <span class='ocrx_word' id='word_1_492' title='bbox 2397 2324 2531 2377; x_wconf 75' lang='lat' dir='ltr'><strong>ﬁdes</strong></span> <span class='ocrx_word' id='word_1_493' title='bbox 2561 2326 2875 2379; x_wconf 89' lang='lat' dir='ltr'><strong>Christiana</strong></span> <span class='ocrx_word' id='word_1_494' title='bbox 2913 2328 3055 2394; x_wconf 83' lang='lat' dir='ltr'><strong>apud</strong></span> <span class='ocrx_word' id='word_1_495' title='bbox 3089 2326 3276 2381; x_wconf 87' lang='lat' dir='ltr'><strong>Gallos</strong></span> <span class='ocrx_word' id='word_1_496' title='bbox 3300 2368 3314 2392; x_wconf 95' lang='lat'><strong>,</strong></span> <span class='ocrx_word' id='word_1_497' title='bbox 3350 2328 3439 2382; x_wconf 89' lang='lat' dir='ltr'><strong>ille</strong></span> <span class='ocrx_word' id='word_1_498' title='bbox 3467 2328 3544 2385; x_wconf 79' lang='lat' dir='ltr'><strong>fa-</strong></span> 
     </span>
    </p>
   </div>
   <div class='ocr_carea' id='block_1_67' title="bbox 1947 2414 3539 2489">
    <p class='ocr_par' dir='ltr' id='par_1_67' title="bbox 1947 2414 3539 2489">
     <span class='ocr_line' id='line_1_67' title="bbox 1947 2414 3539 2489; baseline 0.006 -22"><span class='ocrx_word' id='word_1_499' title='bbox 1947 2415 2049 2467; x_wconf 88' lang='lat' dir='ltr'><strong>cile</strong></span> <span class='ocrx_word' id='word_1_500' title='bbox 2080 2414 2331 2481; x_wconf 78' lang='lat' dir='ltr'><strong>conjiciet</strong></span> <span class='ocrx_word' id='word_1_501' title='bbox 2358 2457 2373 2478; x_wconf 90' lang='lat'><strong>,</strong></span> <span class='ocrx_word' id='word_1_502' title='bbox 2401 2418 2490 2485; x_wconf 90' lang='lat' dir='ltr'><strong>qui</strong></span> <span class='ocrx_word' id='word_1_503' title='bbox 2526 2416 2921 2473; x_wconf 86' lang='lat' dir='ltr'><strong>Tertullianum</strong></span> <span class='ocrx_word' id='word_1_504' title='bbox 2959 2420 3183 2489; x_wconf 81' lang='lat' dir='ltr'><strong>triginta</strong></span> <span class='ocrx_word' id='word_1_505' title='bbox 3218 2430 3337 2489; x_wconf 83' lang='lat' dir='ltr'><strong>post</strong></span> <span class='ocrx_word' id='word_1_506' title='bbox 3376 2425 3539 2477; x_wconf 82' lang='lat' dir='ltr'><strong>annis</strong></span> 
     </span>
    </p>
   </div>
   <div class='ocr_carea' id='block_1_68' title="bbox 1950 2506 3540 2583">
    <p class='ocr_par' dir='ltr' id='par_1_68' title="bbox 1950 2506 3540 2583">
     <span class='ocr_line' id='line_1_68' title="bbox 1950 2506 3540 2583; baseline 0.009 -26"><span class='ocrx_word' id='word_1_507' title='bbox 1950 2506 2304 2561; x_wconf 70' lang='lat' dir='ltr'><strong>disserentem</strong></span> <span class='ocrx_word' id='word_1_508' title='bbox 2353 2509 2675 2575; x_wconf 81' lang='lat' dir='ltr'><strong>expenderit</strong></span> <span class='ocrx_word' id='word_1_509' title='bbox 2726 2510 2793 2563; x_wconf 93' lang='lat' dir='ltr'><strong>de</strong></span> <span class='ocrx_word' id='word_1_510' title='bbox 2844 2524 3064 2580; x_wconf 85' lang='lat' dir='ltr'><strong>recepto</strong></span> <span class='ocrx_word' id='word_1_511' title='bbox 3098 2512 3391 2582; x_wconf 82' lang='lat' dir='ltr'><strong>Evangelia</strong></span> <span class='ocrx_word' id='word_1_512' title='bbox 3442 2532 3540 2583; x_wconf 89' lang='lat' dir='ltr'><strong>per</strong></span> 
     </span>
    </p>
   </div>
   <div class='ocr_carea' id='block_1_69' title="bbox 1950 2596 3537 2673">
    <p class='ocr_par' dir='ltr' id='par_1_69' title="bbox 1950 2596 3537 2673">
     <span class='ocr_line' id='line_1_69' title="bbox 1950 2596 3537 2673; baseline 0.009 -26"><span class='ocrx_word' id='word_1_513' title='bbox 1950 2610 2138 2649; x_wconf 82' lang='lat' dir='ltr'><strong>omnes</strong></span> <span class='ocrx_word' id='word_1_514' title='bbox 2170 2596 2413 2652; x_wconf 88' lang='lat' dir='ltr'><strong>Orientis</strong></span> <span class='ocrx_word' id='word_1_515' title='bbox 2448 2608 2695 2665; x_wconf 88' lang='lat' dir='ltr'><strong>tractus;</strong></span> <span class='ocrx_word' id='word_1_516' title='bbox 2740 2601 2938 2670; x_wconf 86' lang='lat' dir='ltr'><strong>quibus</strong></span> <span class='ocrx_word' id='word_1_517' title='bbox 2967 2618 3088 2655; x_wconf 80' lang='lat' dir='ltr'><strong>mox</strong></span> <span class='ocrx_word' id='word_1_518' title='bbox 3137 2605 3537 2673; x_wconf 87' lang='lat' dir='ltr'><strong>subjunguntnr</strong></span> 
     </span>
    </p>
   </div>
   <div class='ocr_carea' id='block_1_70' title="bbox 1952 2684 3540 2755">
    <p class='ocr_par' dir='ltr' id='par_1_70' title="bbox 1952 2684 3540 2755">
     <span class='ocr_line' id='line_1_70' title="bbox 1952 2684 3540 2755; baseline 0.008 -18"><span class='ocrx_word' id='word_1_519' title='bbox 1952 2686 2020 2739; x_wconf 89' lang='lat' dir='ltr'><strong>ab</strong></span> <span class='ocrx_word' id='word_1_520' title='bbox 2048 2697 2286 2749; x_wconf 88' lang='lat' dir='ltr'><strong>auctore,</strong></span> <span class='ocrx_word' id='word_1_521' title='bbox 2320 2684 2652 2743; x_wconf 74' lang='lat' dir='ltr'><strong>Gmtulorum</strong></span> <span class='ocrx_word' id='word_1_522' title='bbox 2696 2693 2999 2755; x_wconf 75' lang='lat' dir='ltr'><strong>varietates,</strong></span> <span class='ocrx_word' id='word_1_523' title='bbox 3042 2693 3354 2749; x_wconf 82' lang='lat' dir='ltr'><strong>Maurorum</strong></span> <span class='ocrx_word' id='word_1_524' title='bbox 3396 2700 3540 2750; x_wconf 83' lang='lat' dir='ltr'><strong>mul-</strong></span> 
     </span>
    </p>
   </div>
   <div class='ocr_carea' id='block_1_71' title="bbox 1952 2777 3537 2847">
    <p class='ocr_par' dir='ltr' id='par_1_71' title="bbox 1952 2777 3537 2847">
     <span class='ocr_line' id='line_1_71' title="bbox 1952 2777 3537 2847; baseline 0.008 -17"><span class='ocrx_word' id='word_1_525' title='bbox 1952 2777 2137 2843; x_wconf 85' lang='lat' dir='ltr'><strong>tiﬁnes</strong></span> <span class='ocrx_word' id='word_1_526' title='bbox 2162 2818 2176 2842; x_wconf 92' lang='lat'><strong>,</strong></span> <span class='ocrx_word' id='word_1_527' title='bbox 2224 2778 2614 2845; x_wconf 79' lang='lat' dir='ltr'><strong>Hispaniarum</strong></span> <span class='ocrx_word' id='word_1_528' title='bbox 2653 2800 2832 2836; x_wconf 74' lang='lat' dir='ltr'><strong>attines</strong></span> <span class='ocrx_word' id='word_1_529' title='bbox 2868 2785 3081 2837; x_wconf 87' lang='lat' dir='ltr'><strong>termini</strong></span> <span class='ocrx_word' id='word_1_530' title='bbox 3108 2826 3123 2847; x_wconf 91' lang='lat'><strong>,</strong></span> <span class='ocrx_word' id='word_1_531' title='bbox 3156 2798 3204 2839; x_wconf 89' lang='lat' dir='ltr'><strong>et</strong></span> <span class='ocrx_word' id='word_1_532' title='bbox 3237 2786 3537 2843; x_wconf 80' lang='lat' dir='ltr'><strong>Galliarum</strong></span> 
     </span>
    </p>
   </div>
   <div class='ocr_carea' id='block_1_72' title="bbox 1951 2870 3536 2935">
    <p class='ocr_par' dir='ltr' id='par_1_72' title="bbox 1951 2870 3536 2935">
     <span class='ocr_line' id='line_1_72' title="bbox 1951 2870 3536 2935; baseline 0.009 -14"><span class='ocrx_word' id='word_1_533' title='bbox 1951 2870 2170 2922; x_wconf 80' lang='lat' dir='ltr'><strong>diversre</strong></span> <span class='ocrx_word' id='word_1_534' title='bbox 2206 2871 2461 2930; x_wconf 85' lang='lat' dir='ltr'><strong>nationes.</strong></span> <span class='ocrx_word' id='word_1_535' title='bbox 2488 2881 2535 2924; x_wconf 84' lang='lat' dir='ltr'><strong>et</strong></span> <span class='ocrx_word' id='word_1_536' title='bbox 2562 2870 2945 2927; x_wconf 82' lang='lat' dir='ltr'><strong>Britannorum</strong></span> <span class='ocrx_word' id='word_1_537' title='bbox 2981 2877 3251 2931; x_wconf 86' lang='lat' dir='ltr'><strong>inaccessa</strong></span> <span class='ocrx_word' id='word_1_538' title='bbox 3286 2878 3536 2935; x_wconf 80' lang='lat' dir='ltr'><strong>Romanis</strong></span> 
     </span>
    </p>
   </div>
   <div class='ocr_carea' id='block_1_73' title="bbox 1950 2950 3535 3034">
    <p class='ocr_par' dir='ltr' id='par_1_73' title="bbox 1950 2950 3535 3034">
     <span class='ocr_line' id='line_1_73' title="bbox 1950 2950 3535 3034; baseline 0.008 -22"><span class='ocrx_word' id='word_1_539' title='bbox 1950 2961 2086 3024; x_wconf 88' lang='lat' dir='ltr'><strong>loca,</strong></span> <span class='ocrx_word' id='word_1_540' title='bbox 2116 2960 2332 3015; x_wconf 78' lang='lat' dir='ltr'><strong>Christo</strong></span> <span class='ocrx_word' id='word_1_541' title='bbox 2366 2980 2481 3017; x_wconf 71' lang='lat' dir='ltr'><strong>vero</strong></span> <span class='ocrx_word' id='word_1_542' title='bbox 2511 2965 2728 3016; x_wconf 85' lang='lat' dir='ltr'><strong>subdita</strong></span> <span class='ocrx_word' id='word_1_543' title='bbox 2765 2978 2784 3015; x_wconf 85' lang='lat'><strong>.&#39;</strong></span> <span class='ocrx_word' id='word_1_544' title='bbox 2818 2950 3268 3022; x_wconf 25' lang='lat' dir='ltr'><strong>et&#39;Sarmatarum</strong></span> <span class='ocrx_word' id='word_1_545' title='bbox 3290 3014 3303 3034; x_wconf 87' lang='lat'><strong>,</strong></span> <span class='ocrx_word' id='word_1_546' title='bbox 3344 2982 3392 3023; x_wconf 89' lang='lat' dir='ltr'><strong>et</strong></span> <span class='ocrx_word' id='word_1_547' title='bbox 3422 2974 3535 3025; x_wconf 85' lang='lat' dir='ltr'><strong>Da-</strong></span> 
     </span>
    </p>
   </div>
   <div class='ocr_carea' id='block_1_74' title="bbox 1948 3052 3530 3124">
    <p class='ocr_par' dir='ltr' id='par_1_74' title="bbox 1948 3052 3530 3124">
     <span class='ocr_line' id='line_1_74' title="bbox 1948 3052 3530 3124; baseline 0.005 -17"><span class='ocrx_word' id='word_1_548' title='bbox 1948 3070 2151 3115; x_wconf 78' lang='lat' dir='ltr'><strong>corum,</strong></span> <span class='ocrx_word' id='word_1_549' title='bbox 2179 3066 2224 3106; x_wconf 89' lang='lat' dir='ltr'><strong>et</strong></span> <span class='ocrx_word' id='word_1_550' title='bbox 2254 3052 2663 3119; x_wconf 82' lang='lat' dir='ltr'><strong>Germanorum,</strong></span> <span class='ocrx_word' id='word_1_551' title='bbox 2688 3066 2734 3108; x_wconf 89' lang='lat' dir='ltr'><strong>et</strong></span> <span class='ocrx_word' id='word_1_552' title='bbox 2760 3053 3101 3124; x_wconf 77' lang='lat' dir='ltr'><strong>Scytharum,</strong></span> <span class='ocrx_word' id='word_1_553' title='bbox 3134 3068 3182 3110; x_wconf 89' lang='lat' dir='ltr'><strong>et</strong></span> <span class='ocrx_word' id='word_1_554' title='bbox 3223 3060 3530 3115; x_wconf 79' lang='lat' dir='ltr'><strong>abditarum</strong></span> 
     </span>
    </p>
   </div>
   <div class='ocr_carea' id='block_1_75' title="bbox 1952 3146 3531 3215">
    <p class='ocr_par' dir='ltr' id='par_1_75' title="bbox 1952 3146 3531 3215">
     <span class='ocr_line' id='line_1_75' title="bbox 1952 3146 3531 3215; baseline 0.006 -17"><span class='ocrx_word' id='word_1_555' title='bbox 1952 3146 2239 3199; x_wconf 83' lang='lat' dir='ltr'><strong>multarunt</strong></span> <span class='ocrx_word' id='word_1_556' title='bbox 2292 3147 2527 3215; x_wconf 88' lang='lat' dir='ltr'><strong>gentium</strong></span> <span class='ocrx_word' id='word_1_557' title='bbox 2587 3157 2635 3198; x_wconf 87' lang='lat' dir='ltr'><strong>el</strong></span> <span class='ocrx_word' id='word_1_558' title='bbox 2689 3148 3081 3213; x_wconf 77' lang='lat' dir='ltr'><strong>provinciarum</strong></span> <span class='ocrx_word' id='word_1_559' title='bbox 3133 3161 3181 3202; x_wconf 68' lang='lat' dir='ltr'><strong>et</strong></span> <span class='ocrx_word' id='word_1_560' title='bbox 3234 3152 3531 3207; x_wconf 80' lang='lat' dir='ltr'><strong>insularum</strong></span> 
     </span>
    </p>
   </div>
   <div class='ocr_carea' id='block_1_76' title="bbox 1954 3239 3531 3309">
    <p class='ocr_par' dir='ltr' id='par_1_76' title="bbox 1954 3239 3531 3309">
     <span class='ocr_line' id='line_1_76' title="bbox 1954 3239 3531 3309; baseline 0.004 -17"><span class='ocrx_word' id='word_1_561' title='bbox 1954 3239 2242 3292; x_wconf 84' lang='lat' dir='ltr'><strong>multarum</strong></span> <span class='ocrx_word' id='word_1_562' title='bbox 2290 3240 2437 3291; x_wconf 79' lang='lat' dir='ltr'><strong>nobis</strong></span> <span class='ocrx_word' id='word_1_563' title='bbox 2481 3240 2779 3305; x_wconf 81' lang='lat' dir='ltr'><strong>ignotarum</strong></span> <span class='ocrx_word' id='word_1_564' title='bbox 2809 3280 2824 3303; x_wconf 93' lang='lat'><strong>,</strong></span> <span class='ocrx_word' id='word_1_565' title='bbox 2866 3248 2916 3291; x_wconf 87' lang='lat' dir='ltr'><strong>et</strong></span> <span class='ocrx_word' id='word_1_566' title='bbox 2946 3256 3064 3309; x_wconf 69' lang='lat' dir='ltr'><strong>qua:</strong></span> <span class='ocrx_word' id='word_1_567' title='bbox 3089 3258 3393 3297; x_wconf 84' lang='lat' dir='ltr'><strong>enumerare</strong></span> <span class='ocrx_word' id='word_1_568' title='bbox 3428 3262 3531 3299; x_wconf 86' lang='lat' dir='ltr'><strong>non</strong></span> 
     </span>
    </p>
   </div>
   <div class='ocr_carea' id='block_1_77' title="bbox 1952 3330 3529 3400">
    <p class='ocr_par' dir='ltr' id='par_1_77' title="bbox 1952 3330 3529 3400">
     <span class='ocr_line' id='line_1_77' title="bbox 1952 3330 3529 3400; baseline 0.002 -16"><span class='ocrx_word' id='word_1_569' title='bbox 1952 3347 2251 3400; x_wconf 82' lang='lat' dir='ltr'><strong>possumus.</strong></span> <span class='ocrx_word' id='word_1_570' title='bbox 2286 3330 2391 3384; x_wconf 89' lang='lat' dir='ltr'><strong>Per</strong></span> <span class='ocrx_word' id='word_1_571' title='bbox 2423 3330 2720 3384; x_wconf 82' lang='lat' dir='ltr'><strong>Galliarum</strong></span> <span class='ocrx_word' id='word_1_572' title='bbox 2772 3332 3018 3386; x_wconf 88' lang='lat' dir='ltr'><strong>diversas</strong></span> <span class='ocrx_word' id='word_1_573' title='bbox 3061 3334 3311 3388; x_wconf 88' lang='lat' dir='ltr'><strong>nationes</strong></span> <span class='ocrx_word' id='word_1_574' title='bbox 3340 3375 3354 3397; x_wconf 93' lang='lat'><strong>,</strong></span> <span class='ocrx_word' id='word_1_575' title='bbox 3392 3334 3529 3390; x_wconf 89' lang='lat' dir='ltr'><strong>Ter-</strong></span> 
     </span>
    </p>
   </div>
   <div class='ocr_carea' id='block_1_78' title="bbox 1955 3420 3533 3491">
    <p class='ocr_par' dir='ltr' id='par_1_78' title="bbox 1955 3420 3533 3491">
     <span class='ocr_line' id='line_1_78' title="bbox 1955 3420 3533 3491; baseline 0.003 -15"><span class='ocrx_word' id='word_1_576' title='bbox 1955 3425 2209 3477; x_wconf 73' lang='lat' dir='ltr'><strong>tullianus</strong></span> <span class='ocrx_word' id='word_1_577' title='bbox 2240 3429 2471 3491; x_wconf 87' lang='lat' dir='ltr'><strong>quatuor</strong></span> <span class='ocrx_word' id='word_1_578' title='bbox 2502 3420 2800 3475; x_wconf 89' lang='lat' dir='ltr'><strong>Galliarum</strong></span> <span class='ocrx_word' id='word_1_579' title='bbox 2830 3424 3141 3491; x_wconf 82' lang='lat' dir='ltr'><strong>provincias</strong></span> <span class='ocrx_word' id='word_1_580' title='bbox 3168 3441 3230 3479; x_wconf 80' lang='lat' dir='ltr'><strong>ex</strong></span> <span class='ocrx_word' id='word_1_581' title='bbox 3265 3426 3533 3480; x_wconf 81' lang='lat' dir='ltr'><strong>divisione</strong></span> 
     </span>
    </p>
   </div>
   <div class='ocr_carea' id='block_1_79' title="bbox 1953 3511 3528 3584">
    <p class='ocr_par' dir='ltr' id='par_1_79' title="bbox 1953 3511 3528 3584">
     <span class='ocr_line' id='line_1_79' title="bbox 1953 3511 3528 3584; baseline -0.001 -17"><span class='ocrx_word' id='word_1_582' title='bbox 1953 3514 2174 3583; x_wconf 75' lang='lat' dir='ltr'><strong>Augusti</strong></span> <span class='ocrx_word' id='word_1_583' title='bbox 2204 3551 2217 3576; x_wconf 87' lang='lat'><strong>,</strong></span> <span class='ocrx_word' id='word_1_584' title='bbox 2259 3511 2665 3566; x_wconf 87' lang='lat' dir='ltr'><strong>Narbonensem</strong></span> <span class='ocrx_word' id='word_1_585' title='bbox 2694 3550 2709 3575; x_wconf 94' lang='lat'><strong>,</strong></span> <span class='ocrx_word' id='word_1_586' title='bbox 2742 3511 3157 3580; x_wconf 83' lang='lat' dir='ltr'><strong>Lugdunensem</strong></span> <span class='ocrx_word' id='word_1_587' title='bbox 3185 3554 3201 3576; x_wconf 94' lang='lat'><strong>,</strong></span> <span class='ocrx_word' id='word_1_588' title='bbox 3238 3514 3528 3584; x_wconf 57' lang='lat' dir='ltr'><strong>Belgicam,</strong></span> 
     </span>
    </p>
   </div>
   <div class='ocr_carea' id='block_1_80' title="bbox 1951 3602 3533 3672">
    <p class='ocr_par' dir='ltr' id='par_1_80' title="bbox 1951 3602 3533 3672">
     <span class='ocr_line' id='line_1_80' title="bbox 1951 3602 3533 3672; baseline -0.001 -14"><span class='ocrx_word' id='word_1_589' title='bbox 1951 3617 2008 3658; x_wconf 91' lang='lat' dir='ltr'><strong>et</strong></span> <span class='ocrx_word' id='word_1_590' title='bbox 2039 3602 2420 3672; x_wconf 86' lang='lat' dir='ltr'><strong>Aquitanicam</strong></span> <span class='ocrx_word' id='word_1_591' title='bbox 2469 3602 2757 3671; x_wconf 76' lang='lat' dir='ltr'><strong>intelligit:</strong></span> <span class='ocrx_word' id='word_1_592' title='bbox 2796 3618 2861 3656; x_wconf 82' lang='lat' dir='ltr'><strong>ex</strong></span> <span class='ocrx_word' id='word_1_593' title='bbox 2912 3604 3114 3671; x_wconf 86' lang='lat' dir='ltr'><strong>quibus</strong></span> <span class='ocrx_word' id='word_1_594' title='bbox 3162 3619 3357 3671; x_wconf 86' lang='lat' dir='ltr'><strong>corpus</strong></span> <span class='ocrx_word' id='word_1_595' title='bbox 3403 3603 3533 3657; x_wconf 71' lang='lat' dir='ltr'><strong>Gil-</strong></span> 
     </span>
    </p>
   </div>
   <div class='ocr_carea' id='block_1_81' title="bbox 1951 3692 3529 3763">
    <p class='ocr_par' dir='ltr' id='par_1_81' title="bbox 1951 3692 3529 3763">
     <span class='ocr_line' id='line_1_81' title="bbox 1951 3692 3529 3763; baseline 0.001 -15"><span class='ocrx_word' id='word_1_596' title='bbox 1951 3696 2147 3749; x_wconf 90' lang='lat' dir='ltr'><strong>liarum</strong></span> <span class='ocrx_word' id='word_1_597' title='bbox 2178 3706 2306 3749; x_wconf 90' lang='lat' dir='ltr'><strong>tunc</strong></span> <span class='ocrx_word' id='word_1_598' title='bbox 2343 3692 2640 3747; x_wconf 83' lang='lat' dir='ltr'><strong>conﬂatum</strong></span> <span class='ocrx_word' id='word_1_599' title='bbox 2682 3704 2821 3758; x_wconf 88' lang='lat' dir='ltr'><strong>erat,</strong></span> <span class='ocrx_word' id='word_1_600' title='bbox 2857 3695 2998 3762; x_wconf 89' lang='lat' dir='ltr'><strong>quod</strong></span> <span class='ocrx_word' id='word_1_601' title='bbox 3030 3705 3216 3763; x_wconf 71' lang='lat' dir='ltr'><strong>postea</strong></span> <span class='ocrx_word' id='word_1_602' title='bbox 3253 3696 3307 3749; x_wconf 91' lang='lat' dir='ltr'><strong>in</strong></span> <span class='ocrx_word' id='word_1_603' title='bbox 3343 3698 3529 3751; x_wconf 86' lang='lat' dir='ltr'><strong>decent</strong></span> 
     </span>
    </p>
   </div>
   <div class='ocr_carea' id='block_1_82' title="bbox 1950 3784 3111 3853">
    <p class='ocr_par' dir='ltr' id='par_1_82' title="bbox 1950 3784 3111 3853">
     <span class='ocr_line' id='line_1_82' title="bbox 1950 3784 3111 3853; baseline 0.003 -15"><span class='ocrx_word' id='word_1_604' title='bbox 1950 3796 2005 3838; x_wconf 88' lang='lat' dir='ltr'><strong>et</strong></span> <span class='ocrx_word' id='word_1_605' title='bbox 2043 3794 2248 3853; x_wconf 84' lang='lat' dir='ltr'><strong>septem</strong></span> <span class='ocrx_word' id='word_1_606' title='bbox 2281 3784 2587 3852; x_wconf 85' lang='lat' dir='ltr'><strong>provincias</strong></span> <span class='ocrx_word' id='word_1_607' title='bbox 2614 3785 2959 3839; x_wconf 87' lang='lat' dir='ltr'><strong>distributum</strong></span> <span class='ocrx_word' id='word_1_608' title='bbox 2991 3787 3111 3842; x_wconf 80' lang='lat' dir='ltr'><strong>fuit.</strong></span> 
     </span>
    </p>
   </div>
   <div class='ocr_carea' id='block_1_83' title="bbox 2023 3876 3529 3943">
    <p class='ocr_par' dir='ltr' id='par_1_83' title="bbox 2023 3876 3529 3943">
     <span class='ocr_line' id='line_1_83' title="bbox 2023 3876 3529 3943; baseline 0.003 -14"><span class='ocrx_word' id='word_1_609' title='bbox 2023 3876 2201 3943; x_wconf 85' lang='lat' dir='ltr'><strong>Quare</strong></span> <span class='ocrx_word' id='word_1_610' title='bbox 2236 3893 2357 3931; x_wconf 90' lang='lat' dir='ltr'><strong>cum</strong></span> <span class='ocrx_word' id='word_1_611' title='bbox 2387 3878 2716 3932; x_wconf 87' lang='lat' dir='ltr'><strong>testimoniis</strong></span> <span class='ocrx_word' id='word_1_612' title='bbox 2762 3880 3150 3933; x_wconf 69' lang='lat' dir='ltr'><strong>vetustissimis</strong></span> <span class='ocrx_word' id='word_1_613' title='bbox 3179 3895 3243 3935; x_wconf 86' lang='lat' dir='ltr'><strong>ac</strong></span> <span class='ocrx_word' id='word_1_614' title='bbox 3278 3878 3529 3935; x_wconf 83' lang='lat' dir='ltr'><strong>ﬁrmissi-</strong></span> 
     </span>
    </p>
   </div>
   <div class='ocr_carea' id='block_1_84' title="bbox 1949 3968 3529 4035">
    <p class='ocr_par' dir='ltr' id='par_1_84' title="bbox 1949 3968 3529 4035">
     <span class='ocr_line' id='line_1_84' title="bbox 1949 3968 3529 4035; baseline 0.003 -14"><span class='ocrx_word' id='word_1_615' title='bbox 1949 3968 2050 4021; x_wconf 87' lang='lat' dir='ltr'><strong>mis</strong></span> <span class='ocrx_word' id='word_1_616' title='bbox 2077 3969 2280 4021; x_wconf 89' lang='lat' dir='ltr'><strong>nitatur</strong></span> <span class='ocrx_word' id='word_1_617' title='bbox 2307 3970 2590 4022; x_wconf 78' lang='lat' dir='ltr'><strong>exordintn</strong></span> <span class='ocrx_word' id='word_1_618' title='bbox 2630 3969 2939 4035; x_wconf 68' lang='lat' dir='ltr'><strong>prazdicalte</strong></span> <span class='ocrx_word' id='word_1_619' title='bbox 2973 3970 3093 4022; x_wconf 88' lang='lat' dir='ltr'><strong>lidei</strong></span> <span class='ocrx_word' id='word_1_620' title='bbox 3142 3971 3194 4023; x_wconf 91' lang='lat' dir='ltr'><strong>in</strong></span> <span class='ocrx_word' id='word_1_621' title='bbox 3244 3970 3434 4025; x_wconf 89' lang='lat' dir='ltr'><strong>Galliis</strong></span> <span class='ocrx_word' id='word_1_622' title='bbox 3464 3988 3529 4025; x_wconf 78' lang='lat' dir='ltr'><strong>ex</strong></span> 
     </span>
    </p>
   </div>
   <div class='ocr_carea' id='block_1_85' title="bbox 1948 4060 3532 4131">
    <p class='ocr_par' dir='ltr' id='par_1_85' title="bbox 1948 4060 3532 4131">
     <span class='ocr_line' id='line_1_85' title="bbox 1948 4060 3532 4131; baseline 0.003 -20"><span class='ocrx_word' id='word_1_623' title='bbox 1948 4060 2315 4126; x_wconf 87' lang='lat' dir='ltr'><strong>apostolorum</strong></span> <span class='ocrx_word' id='word_1_624' title='bbox 2349 4062 2687 4131; x_wconf 78' lang='lat' dir='ltr'><strong>delegatione</strong></span> <span class='ocrx_word' id='word_1_625' title='bbox 2712 4100 2729 4127; x_wconf 92' lang='lat'><strong>,</strong></span> <span class='ocrx_word' id='word_1_626' title='bbox 2774 4072 2829 4114; x_wconf 89' lang='lat' dir='ltr'><strong>et</strong></span> <span class='ocrx_word' id='word_1_627' title='bbox 2856 4072 3122 4127; x_wconf 73' lang='lat' dir='ltr'><strong>suscepta:</strong></span> <span class='ocrx_word' id='word_1_628' title='bbox 3151 4077 3179 4114; x_wconf 89' lang='lat' dir='ltr'><strong>a</strong></span> <span class='ocrx_word' id='word_1_629' title='bbox 3209 4062 3375 4115; x_wconf 88' lang='lat' dir='ltr'><strong>Celtis</strong></span> <span class='ocrx_word' id='word_1_630' title='bbox 3401 4105 3414 4127; x_wconf 92' lang='lat'><strong>,</strong></span> <span class='ocrx_word' id='word_1_631' title='bbox 3473 4072 3532 4116; x_wconf 90' lang='lat' dir='ltr'><strong>ut</strong></span> 
     </span>
    </p>
   </div>
   <div class='ocr_carea' id='block_1_86' title="bbox 1950 4148 3532 4218">
    <p class='ocr_par' dir='ltr' id='par_1_86' title="bbox 1950 4148 3532 4218">
     <span class='ocr_line' id='line_1_86' title="bbox 1950 4148 3532 4218; baseline 0.001 -17"><span class='ocrx_word' id='word_1_632' title='bbox 1950 4149 2194 4218; x_wconf 89' lang='lat' dir='ltr'><strong>loquitur</strong></span> <span class='ocrx_word' id='word_1_633' title='bbox 2224 4148 2479 4211; x_wconf 69' lang='lat' dir='ltr'><strong>lrenazus,</strong></span> <span class='ocrx_word' id='word_1_634' title='bbox 2512 4164 2606 4202; x_wconf 89' lang='lat' dir='ltr'><strong>seu</strong></span> <span class='ocrx_word' id='word_1_635' title='bbox 2637 4164 2665 4202; x_wconf 88' lang='lat' dir='ltr'><strong>a</strong></span> <span class='ocrx_word' id='word_1_636' title='bbox 2704 4149 2932 4203; x_wconf 83' lang='lat' dir='ltr'><strong>diversis</strong></span> <span class='ocrx_word' id='word_1_637' title='bbox 2970 4151 3279 4203; x_wconf 89' lang='lat' dir='ltr'><strong>nationibus</strong></span> <span class='ocrx_word' id='word_1_638' title='bbox 3325 4149 3532 4205; x_wconf 83' lang='lat' dir='ltr'><strong>Gallia-</strong></span> 
     </span>
    </p>
   </div>
   <div class='ocr_carea' id='block_1_87' title="bbox 1950 4240 3528 4307">
    <p class='ocr_par' dir='ltr' id='par_1_87' title="bbox 1950 4240 3528 4307">
     <span class='ocr_line' id='line_1_87' title="bbox 1950 4240 3528 4307; baseline -0.002 -14"><span class='ocrx_word' id='word_1_639' title='bbox 1950 4256 2067 4294; x_wconf 89' lang='lat' dir='ltr'><strong>rum</strong></span> <span class='ocrx_word' id='word_1_640' title='bbox 2096 4280 2112 4305; x_wconf 97' lang='lat'><strong>,</strong></span> <span class='ocrx_word' id='word_1_641' title='bbox 2162 4250 2220 4293; x_wconf 93' lang='lat' dir='ltr'><strong>ut</strong></span> <span class='ocrx_word' id='word_1_642' title='bbox 2249 4242 2326 4292; x_wconf 87' lang='lat' dir='ltr'><strong>ait</strong></span> <span class='ocrx_word' id='word_1_643' title='bbox 2358 4240 2725 4293; x_wconf 81' lang='lat' dir='ltr'><strong>Tertullianus</strong></span> <span class='ocrx_word' id='word_1_644' title='bbox 2761 4257 2774 4293; x_wconf 90' lang='lat'><strong>:</strong></span> <span class='ocrx_word' id='word_1_645' title='bbox 2807 4240 3092 4307; x_wconf 65' lang='lat' dir='ltr'><strong>aegerrime</strong></span> <span class='ocrx_word' id='word_1_646' title='bbox 3124 4240 3240 4293; x_wconf 82' lang='lat' dir='ltr'><strong>fero</strong></span> <span class='ocrx_word' id='word_1_647' title='bbox 3267 4255 3528 4307; x_wconf 83' lang='lat' dir='ltr'><strong>quorum-</strong></span> 
     </span>
    </p>
   </div>
   <div class='ocr_carea' id='block_1_88' title="bbox 1948 4330 3528 4400">
    <p class='ocr_par' dir='ltr' id='par_1_88' title="bbox 1948 4330 3528 4400">
     <span class='ocr_line' id='line_1_88' title="bbox 1948 4330 3528 4400; baseline -0.001 -16"><span class='ocrx_word' id='word_1_648' title='bbox 1948 4333 2069 4384; x_wconf 88' lang='lat' dir='ltr'><strong>dam</strong></span> <span class='ocrx_word' id='word_1_649' title='bbox 2123 4332 2177 4385; x_wconf 89' lang='lat' dir='ltr'><strong>in</strong></span> <span class='ocrx_word' id='word_1_650' title='bbox 2230 4347 2380 4384; x_wconf 88' lang='lat' dir='ltr'><strong>suam</strong></span> <span class='ocrx_word' id='word_1_651' title='bbox 2414 4332 2643 4400; x_wconf 88' lang='lat' dir='ltr'><strong>patriam</strong></span> <span class='ocrx_word' id='word_1_652' title='bbox 2693 4331 3090 4393; x_wconf 86' lang='lat' dir='ltr'><strong>acerbitatem,</strong></span> <span class='ocrx_word' id='word_1_653' title='bbox 3140 4330 3230 4397; x_wconf 90' lang='lat' dir='ltr'><strong>qui</strong></span> <span class='ocrx_word' id='word_1_654' title='bbox 3285 4330 3528 4398; x_wconf 72' lang='lat' dir='ltr'><strong>origines</strong></span> 
     </span>
    </p>
   </div>
   <div class='ocr_carea' id='block_1_89' title="bbox 1946 4421 3531 4489">
    <p class='ocr_par' dir='ltr' id='par_1_89' title="bbox 1946 4421 3531 4489">
     <span class='ocr_line' id='line_1_89' title="bbox 1946 4421 3531 4489; baseline -0.005 -11"><span class='ocrx_word' id='word_1_655' title='bbox 1946 4426 2188 4478; x_wconf 85' lang='lat' dir='ltr'><strong>Omnium</strong></span> <span class='ocrx_word' id='word_1_656' title='bbox 2222 4424 2589 4477; x_wconf 80' lang='lat' dir='ltr'><strong>Eeelesiarum</strong></span> <span class='ocrx_word' id='word_1_657' title='bbox 2630 4422 3052 4485; x_wconf 85' lang='lat' dir='ltr'><strong>Gallicanarum,</strong></span> <span class='ocrx_word' id='word_1_658' title='bbox 3090 4432 3288 4489; x_wconf 59' lang='lat' dir='ltr'><strong>prteter</strong></span> <span class='ocrx_word' id='word_1_659' title='bbox 3317 4421 3531 4486; x_wconf 80' lang='lat' dir='ltr'><strong>Lugdu-</strong></span> 
     </span>
    </p>
   </div>
   <div class='ocr_carea' id='block_1_90' title="bbox 260 4510 3529 4603">
    <p class='ocr_par' dir='ltr' id='par_1_90' title="bbox 260 4510 3529 4603">
     <span class='ocr_line' id='line_1_90' title="bbox 260 4510 3529 4603; baseline 0 -40"><span class='ocrx_word' id='word_1_660' title='bbox 260 4512 456 4575; x_wconf 81' lang='lat' dir='ltr'><strong>tialcm,</strong></span> <span class='ocrx_word' id='word_1_661' title='bbox 488 4514 748 4580; x_wconf 89' lang='lat' dir='ltr'><strong>aliosque</strong></span> <span class='ocrx_word' id='word_1_662' title='bbox 776 4512 828 4564; x_wconf 89' lang='lat' dir='ltr'><strong>in</strong></span> <span class='ocrx_word' id='word_1_663' title='bbox 862 4510 1058 4565; x_wconf 80' lang='lat' dir='ltr'><strong>tabulis</strong></span> <span class='ocrx_word' id='word_1_664' title='bbox 1082 4512 1466 4566; x_wconf 79' lang='lat' dir='ltr'><strong>ecclesiasticis</strong></span> <span class='ocrx_word' id='word_1_665' title='bbox 1507 4517 1837 4580; x_wconf 87' lang='lat' dir='ltr'><strong>adnotatos;</strong></span> <span class='ocrx_word' id='word_1_666' title='bbox 1876 4550 1917 4603; x_wconf 71' lang='grc' dir='ltr'>υ</span> <span class='ocrx_word' id='word_1_667' title='bbox 1950 4529 2171 4569; x_wconf 88' lang='lat' dir='ltr'><strong>nensem</strong></span> <span class='ocrx_word' id='word_1_668' title='bbox 2216 4525 2269 4567; x_wconf 88' lang='lat' dir='ltr'><strong>et</strong></span> <span class='ocrx_word' id='word_1_669' title='bbox 2302 4516 2435 4568; x_wconf 88' lang='lat' dir='ltr'><strong>alias</strong></span> <span class='ocrx_word' id='word_1_670' title='bbox 2470 4529 2672 4583; x_wconf 72' lang='lat' dir='ltr'><strong>pineas</strong></span> <span class='ocrx_word' id='word_1_671' title='bbox 2695 4555 2713 4580; x_wconf 91' lang='lat'><strong>,</strong></span> <span class='ocrx_word' id='word_1_672' title='bbox 2760 4514 2827 4567; x_wconf 89' lang='lat' dir='ltr'><strong>ad</strong></span> <span class='ocrx_word' id='word_1_673' title='bbox 2864 4514 3101 4566; x_wconf 89' lang='lat' dir='ltr'><strong>medium</strong></span> <span class='ocrx_word' id='word_1_674' title='bbox 3154 4513 3298 4565; x_wconf 79' lang='lat' dir='ltr'><strong>tertii</strong></span> <span class='ocrx_word' id='word_1_675' title='bbox 3344 4513 3529 4566; x_wconf 71' lang='lat' dir='ltr'><strong>saeculi</strong></span> 
     </span>
    </p>
   </div>
   <div class='ocr_carea' id='block_1_91' title="bbox 261 4603 1840 4674">
    <p class='ocr_par' dir='ltr' id='par_1_91' title="bbox 261 4603 1840 4674">
     <span class='ocr_line' id='line_1_91' title="bbox 261 4603 1840 4674; baseline 0.003 -19"><span class='ocrx_word' id='word_1_676' title='bbox 261 4614 312 4655; x_wconf 89' lang='lat' dir='ltr'><strong>et</strong></span> <span class='ocrx_word' id='word_1_677' title='bbox 359 4606 591 4674; x_wconf 82' lang='lat' dir='ltr'><strong>perfecit</strong></span> <span class='ocrx_word' id='word_1_678' title='bbox 627 4606 889 4657; x_wconf 86' lang='lat' dir='ltr'><strong>Clemens</strong></span> <span class='ocrx_word' id='word_1_679' title='bbox 923 4618 1016 4668; x_wconf 83' lang='lat' dir='ltr'><strong>per</strong></span> <span class='ocrx_word' id='word_1_680' title='bbox 1048 4603 1357 4674; x_wconf 83' lang='lat' dir='ltr'><strong>Dionysium</strong></span> <span class='ocrx_word' id='word_1_681' title='bbox 1389 4644 1404 4667; x_wconf 97' lang='lat'><strong>,</strong></span> <span class='ocrx_word' id='word_1_682' title='bbox 1444 4606 1795 4660; x_wconf 82' lang='lat' dir='ltr'><strong>Saturninum</strong></span> <span class='ocrx_word' id='word_1_683' title='bbox 1825 4645 1840 4673; x_wconf 90' lang='lat'><strong>,</strong></span> 
     </span>
    </p>
   </div>
   <div class='ocr_carea' id='block_1_92' title="bbox 265 4696 1841 4767">
    <p class='ocr_par' dir='ltr' id='par_1_92' title="bbox 265 4696 1841 4767">
     <span class='ocr_line' id='line_1_92' title="bbox 265 4696 1841 4767; baseline 0.002 -19"><span class='ocrx_word' id='word_1_684' title='bbox 265 4696 571 4767; x_wconf 71' lang='lat' dir='ltr'><strong>[intrepiqu</strong></span> <span class='ocrx_word' id='word_1_685' title='bbox 631 4696 1036 4751; x_wconf 82' lang='lat' dir='ltr'><strong>Santonensem</strong></span> <span class='ocrx_word' id='word_1_686' title='bbox 1065 4738 1078 4761; x_wconf 92' lang='lat'><strong>,</strong></span> <span class='ocrx_word' id='word_1_687' title='bbox 1113 4696 1364 4750; x_wconf 84' lang='lat' dir='ltr'><strong>Ursinum</strong></span> <span class='ocrx_word' id='word_1_688' title='bbox 1423 4696 1841 4765; x_wconf 84' lang='lat' dir='ltr'><strong>Bitutieensetn,</strong></span> 
     </span>
    </p>
   </div>
   <div class='ocr_carea' id='block_1_93' title="bbox 263 4792 491 4844">
    <p class='ocr_par' dir='ltr' id='par_1_93' title="bbox 263 4792 491 4844">
     <span class='ocr_line' id='line_1_93' title="bbox 263 4792 491 4844; baseline 0.022 -5"><span class='ocrx_word' id='word_1_689' title='bbox 263 4801 312 4840; x_wconf 88' lang='lat' dir='ltr'><strong>et</strong></span> <span class='ocrx_word' id='word_1_690' title='bbox 338 4792 491 4844; x_wconf 85' lang='lat' dir='ltr'><strong>alios.</strong></span> 
     </span>
    </p>
   </div>
   <div class='ocr_carea' id='block_1_94' title="bbox 326 4877 1842 4952">
    <p class='ocr_par' dir='ltr' id='par_1_94' title="bbox 326 4877 1842 4952">
     <span class='ocr_line' id='line_1_94' title="bbox 326 4877 1842 4952; baseline -0.001 -18"><span class='ocrx_word' id='word_1_691' title='bbox 326 4881 503 4952; x_wconf 68' lang='lat' dir='ltr'><strong>Neque</strong></span> <span class='ocrx_word' id='word_1_692' title='bbox 527 4896 669 4936; x_wconf 85' lang='lat' dir='ltr'><strong>sane</strong></span> <span class='ocrx_word' id='word_1_693' title='bbox 704 4877 1036 4947; x_wconf 78' lang='lat' dir='ltr'><strong>inl‘rugilcra</strong></span> <span class='ocrx_word' id='word_1_694' title='bbox 1071 4880 1169 4932; x_wconf 82' lang='lat' dir='ltr'><strong>fuit</strong></span> <span class='ocrx_word' id='word_1_695' title='bbox 1201 4877 1459 4947; x_wconf 87' lang='lat' dir='ltr'><strong>Philippi,</strong></span> <span class='ocrx_word' id='word_1_696' title='bbox 1488 4878 1672 4940; x_wconf 67' lang='lat' dir='ltr'><strong>Luem,</strong></span> <span class='ocrx_word' id='word_1_697' title='bbox 1713 4879 1842 4933; x_wconf 88' lang='lat' dir='ltr'><strong>Cre-</strong></span> 
     </span>
    </p>
   </div>
   <div class='ocr_carea' id='block_1_95' title="bbox 260 4968 1847 5038">
    <p class='ocr_par' dir='ltr' id='par_1_95' title="bbox 260 4968 1847 5038">
     <span class='ocr_line' id='line_1_95' title="bbox 260 4968 1847 5038; baseline -0.002 -14"><span class='ocrx_word' id='word_1_698' title='bbox 260 4978 445 5027; x_wconf 78' lang='lat' dir='ltr'><strong>scentis</strong></span> <span class='ocrx_word' id='word_1_699' title='bbox 473 4984 529 5027; x_wconf 89' lang='lat' dir='ltr'><strong>et</strong></span> <span class='ocrx_word' id='word_1_700' title='bbox 575 4972 935 5038; x_wconf 89' lang='lat' dir='ltr'><strong>reliquorum</strong></span> <span class='ocrx_word' id='word_1_701' title='bbox 969 5007 983 5027; x_wconf 90' lang='lat'><strong>,</strong></span> <span class='ocrx_word' id='word_1_702' title='bbox 1012 4984 1171 5036; x_wconf 86' lang='lat' dir='ltr'><strong>quam</strong></span> <span class='ocrx_word' id='word_1_703' title='bbox 1224 4970 1275 5021; x_wconf 94' lang='lat' dir='ltr'><strong>in</strong></span> <span class='ocrx_word' id='word_1_704' title='bbox 1306 4968 1495 5023; x_wconf 87' lang='lat' dir='ltr'><strong>Galliis</strong></span> <span class='ocrx_word' id='word_1_705' title='bbox 1530 4978 1847 5035; x_wconf 84' lang='lat' dir='ltr'><strong>sparserant</strong></span> 
     </span>
    </p>
   </div>
   <div class='ocr_carea' id='block_1_96' title="bbox 255 5061 1844 5131">
    <p class='ocr_par' dir='ltr' id='par_1_96' title="bbox 255 5061 1844 5131">
     <span class='ocr_line' id='line_1_96' title="bbox 255 5061 1844 5131; baseline -0.003 -14"><span class='ocrx_word' id='word_1_706' title='bbox 255 5063 572 5119; x_wconf 79' lang='lat' dir='ltr'><strong>Christiana:</strong></span> <span class='ocrx_word' id='word_1_707' title='bbox 608 5062 749 5117; x_wconf 82' lang='lat' dir='ltr'><strong>lidei</strong></span> <span class='ocrx_word' id='word_1_708' title='bbox 786 5062 1052 5114; x_wconf 84' lang='lat' dir='ltr'><strong>sententis</strong></span> <span class='ocrx_word' id='word_1_709' title='bbox 1077 5101 1091 5122; x_wconf 93' lang='lat'><strong>,</strong></span> <span class='ocrx_word' id='word_1_710' title='bbox 1120 5061 1210 5114; x_wconf 89' lang='lat' dir='ltr'><strong>Dei</strong></span> <span class='ocrx_word' id='word_1_711' title='bbox 1249 5062 1560 5127; x_wconf 88' lang='lat' dir='ltr'><strong>clementia,</strong></span> <span class='ocrx_word' id='word_1_712' title='bbox 1595 5062 1685 5131; x_wconf 89' lang='lat' dir='ltr'><strong>qui</strong></span> <span class='ocrx_word' id='word_1_713' title='bbox 1716 5062 1844 5113; x_wconf 90' lang='lat' dir='ltr'><strong>reli-</strong></span> 
     </span>
    </p>
   </div>
   <div class='ocr_carea' id='block_1_97' title="bbox 246 5151 1847 5226">
    <p class='ocr_par' dir='ltr' id='par_1_97' title="bbox 246 5151 1847 5226">
     <span class='ocr_line' id='line_1_97' title="bbox 246 5151 1847 5226; baseline -0.001 -19"><span class='ocrx_word' id='word_1_714' title='bbox 246 5172 373 5226; x_wconf 82' lang='lat' dir='ltr'><strong>quas</strong></span> <span class='ocrx_word' id='word_1_715' title='bbox 418 5160 579 5213; x_wconf 86' lang='lat' dir='ltr'><strong>orbis</strong></span> <span class='ocrx_word' id='word_1_716' title='bbox 640 5155 913 5224; x_wconf 77' lang='lat' dir='ltr'><strong>regiones</strong></span> <span class='ocrx_word' id='word_1_717' title='bbox 956 5153 1210 5217; x_wconf 81' lang='lat' dir='ltr'><strong>fovebat,</strong></span> <span class='ocrx_word' id='word_1_718' title='bbox 1263 5151 1466 5206; x_wconf 83' lang='lat' dir='ltr'><strong>Gallias</strong></span> <span class='ocrx_word' id='word_1_719' title='bbox 1516 5169 1621 5205; x_wconf 90' lang='lat' dir='ltr'><strong>non</strong></span> <span class='ocrx_word' id='word_1_720' title='bbox 1680 5153 1847 5206; x_wconf 83' lang='lat' dir='ltr'><strong>desti-</strong></span> 
     </span>
    </p>
   </div>
   <div class='ocr_carea' id='block_1_98' title="bbox 239 5243 1847 5315">
    <p class='ocr_par' dir='ltr' id='par_1_98' title="bbox 239 5243 1847 5315">
     <span class='ocr_line' id='line_1_98' title="bbox 239 5243 1847 5315; baseline -0.004 -12"><span class='ocrx_word' id='word_1_721' title='bbox 239 5262 437 5305; x_wconf 86' lang='lat' dir='ltr'><strong>tuente.</strong></span> <span class='ocrx_word' id='word_1_722' title='bbox 469 5251 642 5305; x_wconf 87' lang='lat' dir='ltr'><strong>Dicet</strong></span> <span class='ocrx_word' id='word_1_723' title='bbox 674 5259 785 5315; x_wconf 90' lang='lat' dir='ltr'><strong>pro</strong></span> <span class='ocrx_word' id='word_1_724' title='bbox 823 5244 981 5296; x_wconf 84' lang='lat' dir='ltr'><strong>nobis</strong></span> <span class='ocrx_word' id='word_1_725' title='bbox 1017 5243 1250 5297; x_wconf 76' lang='lat' dir='ltr'><strong>lrenzeus</strong></span> <span class='ocrx_word' id='word_1_726' title='bbox 1280 5283 1296 5307; x_wconf 87' lang='lat'><strong>,</strong></span> <span class='ocrx_word' id='word_1_727' title='bbox 1326 5245 1416 5313; x_wconf 91' lang='lat' dir='ltr'><strong>qui</strong></span> <span class='ocrx_word' id='word_1_728' title='bbox 1452 5244 1672 5297; x_wconf 88' lang='lat' dir='ltr'><strong>circiter</strong></span> <span class='ocrx_word' id='word_1_729' title='bbox 1704 5258 1847 5298; x_wconf 89' lang='lat' dir='ltr'><strong>anno</strong></span> 
     </span>
    </p>
   </div>
   <div class='ocr_carea' id='block_1_99' title="bbox 236 5338 1844 5415">
    <p class='ocr_par' dir='ltr' id='par_1_99' title="bbox 236 5338 1844 5415">
     <span class='ocr_line' id='line_1_99' title="bbox 236 5338 1844 5415; baseline -0.005 -16"><span class='ocrx_word' id='word_1_730' title='bbox 236 5346 333 5401; x_wconf 82' lang='grc'><strong>190</strong></span> <span class='ocrx_word' id='word_1_731' title='bbox 365 5345 624 5415; x_wconf 87' lang='lat' dir='ltr'><strong>scripsit,</strong></span> <span class='ocrx_word' id='word_1_732' title='bbox 664 5342 728 5394; x_wconf 90' lang='lat' dir='ltr'><strong>in</strong></span> <span class='ocrx_word' id='word_1_733' title='bbox 757 5338 861 5393; x_wconf 90' lang='lat' dir='ltr'><strong>lib.</strong></span> <span class='ocrx_word' id='word_1_734' title='bbox 895 5352 933 5398; x_wconf 83' lang='grc' dir='ltr'>ι,</span> <span class='ocrx_word' id='word_1_735' title='bbox 969 5353 1087 5405; x_wconf 87' lang='lat' dir='ltr'><strong>cap.</strong></span> <span class='ocrx_word' id='word_1_736' title='bbox 1121 5338 1176 5402; x_wconf 74' lang='grc' dir='ltr'><strong>ὃ,</strong></span> <span class='ocrx_word' id='word_1_737' title='bbox 1209 5354 1398 5393; x_wconf 87' lang='lat' dir='ltr'><strong>veram</strong></span> <span class='ocrx_word' id='word_1_738' title='bbox 1435 5339 1595 5391; x_wconf 82' lang='lat' dir='ltr'><strong>ﬁdem</strong></span> <span class='ocrx_word' id='word_1_739' title='bbox 1626 5338 1844 5407; x_wconf 88' lang='lat' dir='ltr'><strong>probari</strong></span> 
     </span>
    </p>
   </div>
   <div class='ocr_carea' id='block_1_100' title="bbox 222 5429 1847 5510">
    <p class='ocr_par' dir='ltr' id='par_1_100' title="bbox 222 5429 1847 5510">
     <span class='ocr_line' id='line_1_100' title="bbox 222 5429 1847 5510; baseline -0.006 -19"><span class='ocrx_word' id='word_1_740' title='bbox 222 5452 284 5493; x_wconf 78' lang='lat' dir='ltr'><strong>es</strong></span> <span class='ocrx_word' id='word_1_741' title='bbox 335 5439 599 5510; x_wconf 79' lang='lat' dir='ltr'><strong>ejusdem</strong></span> <span class='ocrx_word' id='word_1_742' title='bbox 655 5430 946 5486; x_wconf 71' lang='lat' dir='ltr'><strong>doctrina:</strong></span> <span class='ocrx_word' id='word_1_743' title='bbox 997 5429 1372 5499; x_wconf 82' lang='lat' dir='ltr'><strong>proleSsione,</strong></span> <span class='ocrx_word' id='word_1_744' title='bbox 1419 5444 1541 5499; x_wconf 82' lang='lat' dir='ltr'><strong>quae</strong></span> <span class='ocrx_word' id='word_1_745' title='bbox 1590 5430 1642 5481; x_wconf 91' lang='lat' dir='ltr'><strong>in</strong></span> <span class='ocrx_word' id='word_1_746' title='bbox 1674 5429 1847 5483; x_wconf 86' lang='lat' dir='ltr'><strong>variis</strong></span> 
     </span>
    </p>
   </div>
   <div class='ocr_carea' id='block_1_101' title="bbox 214 5519 1847 5598">
    <p class='ocr_par' dir='ltr' id='par_1_101' title="bbox 214 5519 1847 5598">
     <span class='ocr_line' id='line_1_101' title="bbox 214 5519 1847 5598; baseline -0.002 -24"><span class='ocrx_word' id='word_1_747' title='bbox 214 5526 485 5584; x_wconf 67' lang='lat' dir='ltr'><strong>Ecclesiis</strong></span> <span class='ocrx_word' id='word_1_748' title='bbox 526 5540 636 5598; x_wconf 84' lang='lat' dir='ltr'><strong>per</strong></span> <span class='ocrx_word' id='word_1_749' title='bbox 680 5522 1012 5575; x_wconf 85' lang='lat' dir='ltr'><strong>universum</strong></span> <span class='ocrx_word' id='word_1_750' title='bbox 1050 5520 1235 5573; x_wconf 91' lang='lat' dir='ltr'><strong>orbem</strong></span> <span class='ocrx_word' id='word_1_751' title='bbox 1253 5519 1564 5573; x_wconf 85' lang='lat' dir='ltr'><strong>constitutis</strong></span> <span class='ocrx_word' id='word_1_752' title='bbox 1591 5530 1847 5573; x_wconf 84' lang='lat' dir='ltr'><strong>constan-</strong></span> 
     </span>
    </p>
   </div>
   <div class='ocr_carea' id='block_1_102' title="bbox 210 5609 1844 5682">
    <p class='ocr_par' dir='ltr' id='par_1_102' title="bbox 210 5609 1844 5682">
     <span class='ocr_line' id='line_1_102' title="bbox 210 5609 1844 5682; baseline -0.01 -4"><span class='ocrx_word' id='word_1_753' title='bbox 210 5633 293 5677; x_wconf 76' lang='lat' dir='ltr'><strong>ter</strong></span> <span class='ocrx_word' id='word_1_754' title='bbox 325 5625 607 5682; x_wconf 84' lang='lat' dir='ltr'><strong>traditur,</strong></span> <span class='ocrx_word' id='word_1_755' title='bbox 648 5625 781 5670; x_wconf 84' lang='lat' dir='ltr'><strong>tum</strong></span> <span class='ocrx_word' id='word_1_756' title='bbox 825 5610 879 5664; x_wconf 91' lang='lat' dir='ltr'><strong>in</strong></span> <span class='ocrx_word' id='word_1_757' title='bbox 917 5609 1164 5675; x_wconf 91' lang='lat' dir='ltr'><strong>Oriente,</strong></span> <span class='ocrx_word' id='word_1_758' title='bbox 1212 5613 1263 5664; x_wconf 90' lang='lat' dir='ltr'><strong>in</strong></span> <span class='ocrx_word' id='word_1_759' title='bbox 1299 5611 1533 5682; x_wconf 63' lang='grc' dir='ltr'><strong>Αἴθῃ)ιο</strong></span> <span class='ocrx_word' id='word_1_760' title='bbox 1564 5622 1617 5665; x_wconf 91' lang='lat' dir='ltr'><strong>et</strong></span> <span class='ocrx_word' id='word_1_761' title='bbox 1641 5609 1844 5681; x_wconf 79' lang='lat' dir='ltr'><strong>Libya;</strong></span> 
     </span>
    </p>
   </div>
   <div class='ocr_carea' id='block_1_103' title="bbox 203 5702 1847 5771">
    <p class='ocr_par' dir='ltr' id='par_1_103' title="bbox 203 5702 1847 5771">
     <span class='ocr_line' id='line_1_103' title="bbox 203 5702 1847 5771; baseline -0.002 -10"><span class='ocrx_word' id='word_1_762' title='bbox 203 5727 316 5770; x_wconf 82' lang='grc' dir='ltr'>ιυιιι</span> <span class='ocrx_word' id='word_1_763' title='bbox 353 5720 407 5769; x_wconf 71' lang='lat' dir='ltr'><strong>in</strong></span> <span class='ocrx_word' id='word_1_764' title='bbox 448 5707 818 5769; x_wconf 83' lang='lat' dir='ltr'><strong>Germania,</strong></span> <span class='ocrx_word' id='word_1_765' title='bbox 852 5703 992 5770; x_wconf 79' lang='lat' dir='ltr'><strong>apud</strong></span> <span class='ocrx_word' id='word_1_766' title='bbox 1035 5703 1321 5770; x_wconf 76' lang='lat' dir='ltr'><strong>Hispanos,</strong></span> <span class='ocrx_word' id='word_1_767' title='bbox 1354 5714 1407 5756; x_wconf 91' lang='lat' dir='ltr'><strong>ct</strong></span> <span class='ocrx_word' id='word_1_768' title='bbox 1450 5702 1652 5766; x_wconf 84' lang='lat' dir='ltr'><strong>Gallos,</strong></span> <span class='ocrx_word' id='word_1_769' title='bbox 1686 5715 1847 5771; x_wconf 82' lang='lat' dir='ltr'><strong>atque</strong></span> 
     </span>
    </p>
   </div>
   <div class='ocr_carea' id='block_1_104' title="bbox 196 5794 1847 5866">
    <p class='ocr_par' dir='ltr' id='par_1_104' title="bbox 196 5794 1847 5866">
     <span class='ocr_line' id='line_1_104' title="bbox 196 5794 1847 5866; baseline -0.012 -2"><span class='ocrx_word' id='word_1_770' title='bbox 196 5812 355 5866; x_wconf 78' lang='lat' dir='ltr'><strong>alibi.</strong></span> <span class='ocrx_word' id='word_1_771' title='bbox 388 5807 549 5863; x_wconf 70' lang='lat' dir='ltr'><strong>Nam</strong></span> <span class='ocrx_word' id='word_1_772' title='bbox 588 5812 646 5857; x_wconf 79' lang='lat' dir='ltr'><strong>et</strong></span> <span class='ocrx_word' id='word_1_773' title='bbox 684 5802 763 5866; x_wconf 85' lang='lat' dir='ltr'><strong>si,</strong></span> <span class='ocrx_word' id='word_1_774' title='bbox 804 5795 1001 5861; x_wconf 83' lang='lat' dir='ltr'><strong>inquit,</strong></span> <span class='ocrx_word' id='word_1_775' title='bbox 1039 5795 1091 5847; x_wconf 90' lang='lat' dir='ltr'><strong>in</strong></span> <span class='ocrx_word' id='word_1_776' title='bbox 1124 5796 1316 5847; x_wconf 80' lang='lat' dir='ltr'><strong>mundo</strong></span> <span class='ocrx_word' id='word_1_777' title='bbox 1362 5794 1581 5864; x_wconf 68' lang='lat' dir='ltr'><strong>loquela?</strong></span> <span class='ocrx_word' id='word_1_778' title='bbox 1610 5794 1847 5848; x_wconf 82' lang='lat' dir='ltr'><strong>dissimi—</strong></span> 
     </span>
    </p>
   </div>
   <div class='ocr_carea' id='block_1_105' title="bbox 1948 4600 3530 4673">
    <p class='ocr_par' dir='ltr' id='par_1_105' title="bbox 1948 4600 3530 4673">
     <span class='ocr_line' id='line_1_105' title="bbox 1948 4600 3530 4673; baseline 0.001 -19"><span class='ocrx_word' id='word_1_779' title='bbox 1948 4603 2277 4668; x_wconf 88' lang='lat' dir='ltr'><strong>detrudunt;</strong></span> <span class='ocrx_word' id='word_1_780' title='bbox 2312 4601 2471 4657; x_wconf 80' lang='lat' dir='ltr'><strong>aﬂixo</strong></span> <span class='ocrx_word' id='word_1_781' title='bbox 2502 4618 2568 4656; x_wconf 75' lang='lat' dir='ltr'><strong>ex</strong></span> <span class='ocrx_word' id='word_1_782' title='bbox 2601 4602 2868 4673; x_wconf 87' lang='lat' dir='ltr'><strong>Gregorio</strong></span> <span class='ocrx_word' id='word_1_783' title='bbox 2894 4600 3196 4656; x_wconf 84' lang='lat' dir='ltr'><strong>Turonensi</strong></span> <span class='ocrx_word' id='word_1_784' title='bbox 3223 4602 3380 4670; x_wconf 86' lang='lat' dir='ltr'><strong>paulo</strong></span> <span class='ocrx_word' id='word_1_785' title='bbox 3401 4611 3530 4656; x_wconf 86' lang='lat' dir='ltr'><strong>ante</strong></span> 
     </span>
    </p>
   </div>
   <div class='ocr_carea' id='block_1_106' title="bbox 1946 4691 3525 4761">
    <p class='ocr_par' dir='ltr' id='par_1_106' title="bbox 1946 4691 3525 4761">
     <span class='ocr_line' id='line_1_106' title="bbox 1946 4691 3525 4761; baseline 0.001 -17"><span class='ocrx_word' id='word_1_786' title='bbox 1946 4692 2094 4747; x_wconf 89' lang='lat' dir='ltr'><strong>Decii</strong></span> <span class='ocrx_word' id='word_1_787' title='bbox 2124 4704 2178 4747; x_wconf 92' lang='lat' dir='ltr'><strong>et</strong></span> <span class='ocrx_word' id='word_1_788' title='bbox 2203 4692 2356 4747; x_wconf 88' lang='lat' dir='ltr'><strong>Grati</strong></span> <span class='ocrx_word' id='word_1_789' title='bbox 2385 4694 2755 4756; x_wconf 62' lang='lat' dir='ltr'><strong>consulatum,</strong></span> <span class='ocrx_word' id='word_1_790' title='bbox 2786 4694 2836 4745; x_wconf 90' lang='lat' dir='ltr'><strong>id</strong></span> <span class='ocrx_word' id='word_1_791' title='bbox 2862 4702 2945 4746; x_wconf 91' lang='lat' dir='ltr'><strong>est</strong></span> <span class='ocrx_word' id='word_1_792' title='bbox 2973 4691 3132 4761; x_wconf 87' lang='lat' dir='ltr'><strong>paulo</strong></span> <span class='ocrx_word' id='word_1_793' title='bbox 3162 4703 3290 4745; x_wconf 89' lang='lat' dir='ltr'><strong>ante</strong></span> <span class='ocrx_word' id='word_1_794' title='bbox 3325 4707 3525 4745; x_wconf 88' lang='lat' dir='ltr'><strong>annum</strong></span> 
     </span>
    </p>
   </div>
   <div class='ocr_carea' id='block_1_107' title="bbox 1945 4782 3525 4853">
    <p class='ocr_par' dir='ltr' id='par_1_107' title="bbox 1945 4782 3525 4853">
     <span class='ocr_line' id='line_1_107' title="bbox 1945 4782 3525 4853; baseline -0.001 -16"><span class='ocrx_word' id='word_1_795' title='bbox 1945 4785 2075 4849; x_wconf 75' lang='lat'><strong>9.50,</strong></span> <span class='ocrx_word' id='word_1_796' title='bbox 2106 4786 2262 4840; x_wconf 91' lang='lat' dir='ltr'><strong>initio</strong></span> <span class='ocrx_word' id='word_1_797' title='bbox 2294 4796 2500 4853; x_wconf 88' lang='lat' dir='ltr'><strong>septem</strong></span> <span class='ocrx_word' id='word_1_798' title='bbox 2541 4787 2816 4845; x_wconf 86' lang='lat' dir='ltr'><strong>sociorum</strong></span> <span class='ocrx_word' id='word_1_799' title='bbox 2849 4784 3250 4852; x_wconf 83' lang='lat' dir='ltr'><strong>episcOpornm.</strong></span> <span class='ocrx_word' id='word_1_800' title='bbox 3279 4782 3525 4837; x_wconf 89' lang='lat' dir='ltr'><strong>Gratiani</strong></span> 
     </span>
    </p>
   </div>
   <div class='ocr_carea' id='block_1_108' title="bbox 1948 4873 3527 4944">
    <p class='ocr_par' dir='ltr' id='par_1_108' title="bbox 1948 4873 3527 4944">
     <span class='ocr_line' id='line_1_108' title="bbox 1948 4873 3527 4944; baseline -0.002 -16"><span class='ocrx_word' id='word_1_801' title='bbox 1948 4874 2301 4942; x_wconf 85' lang='lat' dir='ltr'><strong>Turonensis,</strong></span> <span class='ocrx_word' id='word_1_802' title='bbox 2332 4876 2608 4944; x_wconf 87' lang='lat' dir='ltr'><strong>Trophimi</strong></span> <span class='ocrx_word' id='word_1_803' title='bbox 2642 4876 2991 4936; x_wconf 84' lang='lat' dir='ltr'><strong>Arelatensis,</strong></span> <span class='ocrx_word' id='word_1_804' title='bbox 3026 4873 3175 4927; x_wconf 87' lang='lat' dir='ltr'><strong>Pauli</strong></span> <span class='ocrx_word' id='word_1_805' title='bbox 3211 4873 3527 4927; x_wconf 56' lang='lat' dir='ltr'><strong>Narbonen-</strong></span> 
     </span>
    </p>
   </div>
   <div class='ocr_carea' id='block_1_109' title="bbox 1947 4966 3524 5036">
    <p class='ocr_par' dir='ltr' id='par_1_109' title="bbox 1947 4966 3524 5036">
     <span class='ocr_line' id='line_1_109' title="bbox 1947 4966 3524 5036; baseline -0.006 -12"><span class='ocrx_word' id='word_1_806' title='bbox 1947 4970 2023 5024; x_wconf 91' lang='lat' dir='ltr'><strong>sis</strong></span> <span class='ocrx_word' id='word_1_807' title='bbox 2050 5010 2065 5034; x_wconf 95' lang='lat'><strong>,</strong></span> <span class='ocrx_word' id='word_1_808' title='bbox 2098 4968 2359 5022; x_wconf 82' lang='lat' dir='ltr'><strong>Martialis</strong></span> <span class='ocrx_word' id='word_1_809' title='bbox 2389 4968 2792 5023; x_wconf 85' lang='lat' dir='ltr'><strong>Lemovicensis</strong></span> <span class='ocrx_word' id='word_1_810' title='bbox 2818 5009 2835 5033; x_wconf 93' lang='lat'><strong>,</strong></span> <span class='ocrx_word' id='word_1_811' title='bbox 2881 4968 3122 5036; x_wconf 85' lang='lat' dir='ltr'><strong>Dionysii</strong></span> <span class='ocrx_word' id='word_1_812' title='bbox 3156 4966 3481 5019; x_wconf 77' lang='lat' dir='ltr'><strong>Parisiensis</strong></span> <span class='ocrx_word' id='word_1_813' title='bbox 3508 5004 3524 5026; x_wconf 95' lang='lat'><strong>,</strong></span> 
     </span>
    </p>
   </div>
   <div class='ocr_carea' id='block_1_110' title="bbox 1949 5058 3525 5134">
    <p class='ocr_par' dir='ltr' id='par_1_110' title="bbox 1949 5058 3525 5134">
     <span class='ocr_line' id='line_1_110' title="bbox 1949 5058 3525 5134; baseline -0.005 -17"><span class='ocrx_word' id='word_1_814' title='bbox 1949 5062 2232 5117; x_wconf 88' lang='lat' dir='ltr'><strong>Saturnini</strong></span> <span class='ocrx_word' id='word_1_815' title='bbox 2278 5060 2530 5114; x_wconf 88' lang='lat' dir='ltr'><strong>Tolosani</strong></span> <span class='ocrx_word' id='word_1_816' title='bbox 2559 5102 2575 5127; x_wconf 88' lang='lat'><strong>,</strong></span> <span class='ocrx_word' id='word_1_817' title='bbox 2604 5070 2659 5115; x_wconf 90' lang='lat' dir='ltr'><strong>et</strong></span> <span class='ocrx_word' id='word_1_818' title='bbox 2694 5061 2989 5134; x_wconf 84' lang='lat' dir='ltr'><strong>Stremonii</strong></span> <span class='ocrx_word' id='word_1_819' title='bbox 3020 5058 3408 5120; x_wconf 81' lang='lat' dir='ltr'><strong>Arvernensis,</strong></span> <span class='ocrx_word' id='word_1_820' title='bbox 3434 5058 3525 5123; x_wconf 83' lang='lat' dir='ltr'><strong>qui</strong></span> 
     </span>
    </p>
   </div>
   <div class='ocr_carea' id='block_1_111' title="bbox 1949 5148 3526 5222">
    <p class='ocr_par' dir='ltr' id='par_1_111' title="bbox 1949 5148 3526 5222">
     <span class='ocr_line' id='line_1_111' title="bbox 1949 5148 3526 5222; baseline -0.004 -16"><span class='ocrx_word' id='word_1_821' title='bbox 1949 5152 2109 5222; x_wconf 90' lang='lat' dir='ltr'><strong>primi</strong></span> <span class='ocrx_word' id='word_1_822' title='bbox 2152 5154 2203 5205; x_wconf 92' lang='lat' dir='ltr'><strong>iu</strong></span> <span class='ocrx_word' id='word_1_823' title='bbox 2240 5152 2359 5206; x_wconf 91' lang='lat' dir='ltr'><strong>illas</strong></span> <span class='ocrx_word' id='word_1_824' title='bbox 2408 5151 2704 5207; x_wconf 84' lang='lat' dir='ltr'><strong>Galliarum</strong></span> <span class='ocrx_word' id='word_1_825' title='bbox 2762 5162 2950 5220; x_wconf 80' lang='lat' dir='ltr'><strong>partes</strong></span> <span class='ocrx_word' id='word_1_826' title='bbox 3004 5150 3185 5202; x_wconf 88' lang='lat' dir='ltr'><strong>lumen</strong></span> <span class='ocrx_word' id='word_1_827' title='bbox 3246 5148 3526 5215; x_wconf 72' lang='lat' dir='ltr'><strong>Evangelii</strong></span> 
     </span>
    </p>
   </div>
   <div class='ocr_carea' id='block_1_112' title="bbox 1949 5236 3531 5312">
    <p class='ocr_par' dir='ltr' id='par_1_112' title="bbox 1949 5236 3531 5312">
     <span class='ocr_line' id='line_1_112' title="bbox 1949 5236 3531 5312; baseline -0.005 -13"><span class='ocrx_word' id='word_1_828' title='bbox 1949 5245 2269 5312; x_wconf 90' lang='lat' dir='ltr'><strong>intulerunt,</strong></span> <span class='ocrx_word' id='word_1_829' title='bbox 2303 5254 2359 5300; x_wconf 90' lang='lat' dir='ltr'><strong>et</strong></span> <span class='ocrx_word' id='word_1_830' title='bbox 2394 5246 2447 5299; x_wconf 92' lang='lat' dir='ltr'><strong>in</strong></span> <span class='ocrx_word' id='word_1_831' title='bbox 2479 5242 2740 5299; x_wconf 80' lang='lat' dir='ltr'><strong>Ecclesiis</strong></span> <span class='ocrx_word' id='word_1_832' title='bbox 2769 5259 2798 5296; x_wconf 89' lang='lat' dir='ltr'><strong>a</strong></span> <span class='ocrx_word' id='word_1_833' title='bbox 2828 5258 2888 5297; x_wconf 80' lang='lat' dir='ltr'><strong>se</strong></span> <span class='ocrx_word' id='word_1_834' title='bbox 2915 5240 3224 5297; x_wconf 90' lang='lat' dir='ltr'><strong>constitutis</strong></span> <span class='ocrx_word' id='word_1_835' title='bbox 3250 5236 3531 5292; x_wconf 83' lang='lat' dir='ltr'><strong>stabilive-</strong></span> 
     </span>
    </p>
   </div>
   <div class='ocr_carea' id='block_1_113' title="bbox 1949 5346 2094 5393">
    <p class='ocr_par' dir='ltr' id='par_1_113' title="bbox 1949 5346 2094 5393">
     <span class='ocr_line' id='line_1_113' title="bbox 1949 5346 2094 5393; baseline -0.007 0"><span class='ocrx_word' id='word_1_836' title='bbox 1949 5346 2094 5393; x_wconf 90' lang='lat' dir='ltr'><strong>runt.</strong></span> 
     </span>
    </p>
   </div>
   <div class='ocr_carea' id='block_1_114' title="bbox 2020 5420 3532 5497">
    <p class='ocr_par' dir='ltr' id='par_1_114' title="bbox 2020 5420 3532 5497">
     <span class='ocr_line' id='line_1_114' title="bbox 2020 5420 3532 5497; baseline -0.004 -14"><span class='ocrx_word' id='word_1_837' title='bbox 2020 5430 2160 5495; x_wconf 88' lang='lat' dir='ltr'><strong>Quin</strong></span> <span class='ocrx_word' id='word_1_838' title='bbox 2186 5428 2345 5497; x_wconf 87' lang='lat' dir='ltr'><strong>primi</strong></span> <span class='ocrx_word' id='word_1_839' title='bbox 2380 5428 2457 5482; x_wconf 91' lang='lat' dir='ltr'><strong>illi</strong></span> <span class='ocrx_word' id='word_1_840' title='bbox 2488 5426 2655 5481; x_wconf 75' lang='lat' dir='ltr'><strong>duces</strong></span> <span class='ocrx_word' id='word_1_841' title='bbox 2683 5425 2938 5496; x_wconf 78' lang='lat' dir='ltr'><strong>praecipui</strong></span> <span class='ocrx_word' id='word_1_842' title='bbox 2973 5422 3174 5477; x_wconf 80' lang='lat' dir='ltr'><strong>fuerint</strong></span> <span class='ocrx_word' id='word_1_843' title='bbox 3203 5420 3532 5477; x_wconf 70' lang='lat' dir='ltr'><strong>Christiana:</strong></span> 
     </span>
    </p>
   </div>
   <div class='ocr_carea' id='block_1_115' title="bbox 1949 5512 3529 5588">
    <p class='ocr_par' dir='ltr' id='par_1_115' title="bbox 1949 5512 3529 5588">
     <span class='ocr_line' id='line_1_115' title="bbox 1949 5512 3529 5588; baseline -0.006 -14"><span class='ocrx_word' id='word_1_844' title='bbox 1949 5519 2312 5588; x_wconf 80' lang='lat' dir='ltr'><strong>expeditiOnis</strong></span> <span class='ocrx_word' id='word_1_845' title='bbox 2343 5517 2639 5586; x_wconf 82' lang='lat' dir='ltr'><strong>provinciis</strong></span> <span class='ocrx_word' id='word_1_846' title='bbox 2676 5514 3015 5569; x_wconf 87' lang='lat' dir='ltr'><strong>Narbonensi</strong></span> <span class='ocrx_word' id='word_1_847' title='bbox 3063 5524 3120 5566; x_wconf 89' lang='lat' dir='ltr'><strong>et</strong></span> <span class='ocrx_word' id='word_1_848' title='bbox 3154 5512 3481 5581; x_wconf 77' lang='lat' dir='ltr'><strong>Aquitanica</strong></span> <span class='ocrx_word' id='word_1_849' title='bbox 3511 5549 3529 5574; x_wconf 89' lang='lat'><strong>,</strong></span> 
     </span>
    </p>
   </div>
   <div class='ocr_carea' id='block_1_116' title="bbox 1948 5602 3531 5677">
    <p class='ocr_par' dir='ltr' id='par_1_116' title="bbox 1948 5602 3531 5677">
     <span class='ocr_line' id='line_1_116' title="bbox 1948 5602 3531 5677; baseline -0.004 -12"><span class='ocrx_word' id='word_1_850' title='bbox 1948 5622 2003 5665; x_wconf 86' lang='lat' dir='ltr'><strong>et</strong></span> <span class='ocrx_word' id='word_1_851' title='bbox 2027 5613 2078 5664; x_wconf 91' lang='lat' dir='ltr'><strong>in</strong></span> <span class='ocrx_word' id='word_1_852' title='bbox 2108 5611 2490 5665; x_wconf 89' lang='lat' dir='ltr'><strong>remotioribus</strong></span> <span class='ocrx_word' id='word_1_853' title='bbox 2518 5608 2766 5677; x_wconf 85' lang='lat' dir='ltr'><strong>partibus</strong></span> <span class='ocrx_word' id='word_1_854' title='bbox 2798 5606 2909 5675; x_wconf 79' lang='lat' dir='ltr'><strong>Lng</strong></span> <span class='ocrx_word' id='word_1_855' title='bbox 2933 5604 3177 5659; x_wconf 75' lang='lat' dir='ltr'><strong>lunensis</strong></span> <span class='ocrx_word' id='word_1_856' title='bbox 3207 5602 3531 5673; x_wconf 60' lang='lat' dir='ltr'><strong>provincia,</strong></span> 
     </span>
    </p>
   </div>
   <div class='ocr_carea' id='block_1_117' title="bbox 1950 5695 3527 5759">
    <p class='ocr_par' dir='ltr' id='par_1_117' title="bbox 1950 5695 3527 5759">
     <span class='ocr_line' id='line_1_117' title="bbox 1950 5695 3527 5759; baseline -0.004 -6"><span class='ocrx_word' id='word_1_857' title='bbox 1950 5716 1980 5753; x_wconf 85' lang='lat' dir='ltr'><strong>a</strong></span> <span class='ocrx_word' id='word_1_858' title='bbox 2021 5700 2237 5753; x_wconf 87' lang='lat' dir='ltr'><strong>nemine</strong></span> <span class='ocrx_word' id='word_1_859' title='bbox 2267 5700 2565 5759; x_wconf 89' lang='lat' dir='ltr'><strong>dubitatur,</strong></span> <span class='ocrx_word' id='word_1_860' title='bbox 2592 5696 3058 5752; x_wconf 86' lang='lat' dir='ltr'><strong>consentientibus</strong></span> <span class='ocrx_word' id='word_1_861' title='bbox 3094 5695 3404 5749; x_wconf 88' lang='lat' dir='ltr'><strong>tabularmn</strong></span> <span class='ocrx_word' id='word_1_862' title='bbox 3432 5708 3527 5747; x_wconf 85' lang='lat' dir='ltr'><strong>ec-</strong></span> 
     </span>
    </p>
   </div>
   <div class='ocr_carea' id='block_1_118' title="bbox 1952 5784 3531 5851">
    <p class='ocr_par' dir='ltr' id='par_1_118' title="bbox 1952 5784 3531 5851">
     <span class='ocr_line' id='line_1_118' title="bbox 1952 5784 3531 5851; baseline -0.006 -3"><span class='ocrx_word' id='word_1_863' title='bbox 1952 5793 2379 5848; x_wconf 73' lang='lat' dir='ltr'><strong>clesiasticarum</strong></span> <span class='ocrx_word' id='word_1_864' title='bbox 2429 5789 2833 5851; x_wconf 86' lang='lat' dir='ltr'><strong>monumentis,</strong></span> <span class='ocrx_word' id='word_1_865' title='bbox 2881 5798 2934 5843; x_wconf 85' lang='lat' dir='ltr'><strong>et</strong></span> <span class='ocrx_word' id='word_1_866' title='bbox 2982 5787 3315 5842; x_wconf 85' lang='lat' dir='ltr'><strong>solemnibus</strong></span> <span class='ocrx_word' id='word_1_867' title='bbox 3358 5784 3531 5839; x_wconf 78' lang='lat' dir='ltr'><strong>sacris</strong></span> 
     </span>
    </p>
   </div>
  </div>
