3972 6474
525 363 596 416 55
1836 353 2038 417 PETRI
2075 359 2165 415 DE
2203 352 2440 420 MARCA
3707 367 3773 422 '56

521 494 647 548 quae
669 479 722 533 in
754 494 938 534 eorum
966 482 1284 536 memoriam
1313 497 1494 536 annuo
1519 481 1648 549 ritu,
1676 482 1858 538 divino
1886 481 2103 538 Numini
2131 488 2181 543 Α
2210 481 2356 536 latus
2381 483 2450 537 ab
2478 481 2786 537 Arelatensi
2817 481 3109 553 episeopo,
3144 481 3411 554 Simplicii
3452 482 3774 538 Viennensis

521 581 860 640 peraguntur
891 572 943 626 in
975 574 1202 640 singulis
1232 573 1508 628 Ecclesiis.
1544 573 1758 627 Illarum
1793 585 1970 628 autem
1997 590 2096 628 an-

524 663 689 732 tiquae
721 665 1000 718 traditioni
1024 707 1038 728 ,
1068 665 1219 718 Bedte
1245 705 1261 731 ,
1297 665 1524 720 Usnardi
1556 668 1868 737 Adonisque
1898 668 2099 739 Marty-

524 756 753 824 rologiis
787 765 841 809 et
875 757 1024 810 Actis
1053 757 1323 810 veteribus
1356 755 1504 812 fulta:
1537 759 1587 811 in
1627 760 1884 828 temporis
1909 760 2096 813 consi-

526 847 787 912 guatiune
811 886 826 909 ,
857 861 954 899 cur
1003 847 1249 914 derogari
1291 848 1483 900 debeat
1509 890 1523 914 ,
1553 847 1715 916 plane
1745 863 1850 902 non
1895 849 2052 903 video
2077 887 2095 916 ,

523 939 826 1006 przrsertitn
865 955 985 991 cuin
1017 939 1136 990 aliis
1163 954 1376 1008 quoque
1423 941 1757 1009 argumentis
1793 942 1906 995 lucc
1955 943 2098 995 veri-

526 1036 610 1079 tas
640 1029 923 1082 innitatur.
961 1026 1220 1084 Sumatur
1247 1030 1458 1084 ittitittm
1501 1030 1852 1084 discussionis
1889 1048 1918 1085 a
1963 1033 2099 1086 Troa-

532 1120 718 1186 pltimo
743 1161 756 1180 .
785 1131 840 1174 et
899 1122 1270 1189 expenduntur
1319 1120 1480 1176 verba
1540 1125 1700 1179 libelli
1728 1124 1796 1178 ab
1826 1125 2097 1193 episcopis

524 1211 812 1278 pruritu-ie
857 1210 1179 1267 Viennensis
1207 1214 1367 1268 Leoni
1405 1232 1551 1285 papa:
1577 1217 1741 1270 oblati
1771 1232 1911 1271 anno
1942 1217 2047 1271 £50
2079 1237 2093 1273 :

526 1300 781 1357 Omnibus
815 1301 1107 1357 Gallicanis
1140 1309 1432 1373 regionibus
1470 1320 1648 1361 notum
1675 1320 1790 1373 est,
1826 1311 2093 1378 inquiunt,

525 1394 617 1444 sed
648 1410 739 1444 nec
767 1408 1119 1449 sacrosancta!
1164 1397 1418 1450 Romanm
1469 1398 1719 1454 Ecclesia:
1747 1401 1969 1455 habetur
2015 1404 2098 1456 iu-

522 1485 811 1550 coguitunt,
837 1489 974 1553 quod
999 1488 1170 1554 prima
1199 1491 1338 1541 intra
1373 1489 1576 1544 Gallias
1615 1493 1939 1546 Arelatensis
1964 1495 2094 1547 civi-

520 1585 602 1628 tas
632 1579 845 1630 missum
870 1596 902 1630 a
937 1579 1245 1633 beatissimo
1273 1580 1428 1636 Petro
1449 1583 1680 1650 apostolo
1707 1596 1946 1638 sanctum
1973 1585 2096 1638 Tro-

519 1668 755 1734 p/timum
791 1669 983 1723 habere
1015 1674 1205 1724 meruit
1232 1676 1551 1727 sacerdotem
1580 1717 1594 1741 ,
1641 1686 1690 1730 et
1731 1679 1921 1732 exinde
1971 1679 2092 1734 aliis

519 1759 776 1823 paulatim
825 1761 1124 1828 regionibus
1169 1761 1470 1816 Galliarum
1515 1768 1703 1818 bonum
1736 1768 1860 1835 fidei
1889 1779 1935 1821 et
1965 1770 2090 1821 reli-

520 1848 690 1914 gionis
721 1850 974 1920 infusum.
1007 1854 1176 1918 Quem
1209 1855 1502 1925 Gregorius
1543 1859 1773 1926 ponebat
1800 1863 1897 1914 sub
1931 1863 2090 1916 Decio

521 1937 875 2006 'l'ropbimunt
906 1982 921 2006 ,
972 1955 1148 1998 enatus
1198 1947 1574 2016 episcOpnrum
1630 1951 2088 2020 provincialium,

520 2032 718 2098 quibus
746 2046 1058 2104 perspectus
1088 2049 1203 2090 erat
1228 2054 1420 2092 census
1446 2040 1807 2094 Ecclesiarum
1843 2059 2086 2106 suarum,

519 2123 722 2191 quique
768 2123 1090 2192 Gregorium
1141 2139 1360 2182 centum
1414 2141 1469 2184 et
1527 2133 1920 2203 quinquaginta
1977 2135 2090 2189 fere

518 2217 678 2268 annis
707 2217 1139 2282 antecedebant,
1179 2219 1535 2290 Tr0pbitnum
1577 2240 1604 2276 a
1654 2223 1815 2279 Petro
1865 2227 2088 2280 missum

519 2311 715 2364 dOCenl
743 2349 756 2368 .
787 2321 840 2363 et
877 2319 934 2363 ut
980 2325 1092 2364 rem
1144 2313 1400 2368 Omnibus
1439 2320 1932 2384 perspectissimum
1969 2336 2094 2373 nar-

517 2413 640 2453 rant
669 2418 684 2466 ;
719 2401 1139 2472 subjiciuntqne,
1166 2407 1352 2459 exinde
1371 2410 1489 2460 aliis
1509 2409 1762 2476 paulatim
1794 2414 2090 2479 regionibus

518 2489 817 2544 Galliarum
844 2534 858 2557 ,
888 2494 1076 2547 bonum
1116 2497 1241 2564 fidei
1277 2509 1324 2550 et
1374 2501 1641 2570 religionis
1680 2503 1939 2571 infusum.
1977 2505 2088 2561 lloc

518 2582 696 2650 ipsmn
746 2586 1020 2652 signillcat
1065 2587 1311 2642 Zosimns
1360 2607 1492 2659 papa
1529 2593 1686 2659 epist.
1711 2594 1743 2646 5
1779 2612 1794 2648 :
1828 2597 1908 2647 Ad
1931 2615 2088 2665 quam

515 2670 908 2741 (Arelatensem
941 2677 1154 2745 urbem)
1183 2680 1407 2745 primum
1426 2698 1488 2734 ex
1511 2687 1608 2735 hac
1637 2687 1756 2737 sede
1779 2684 2089 2745 Trophimus

515 2779 752 2816 summus
781 2768 1030 2834 antistes,
1077 2787 1141 2822 ea:
1179 2773 1331 2841 cujus
1380 2776 1524 2840 [ante
1575 2785 1700 2828 tota:
1745 2773 1936 2830 Gallia:
1962 2779 2088 2847 fidei

516 2853 716 2908 rivulos
749 2871 1082 2926 acceperunt,
1116 2863 1346 2916 directus
1375 2876 1470 2916 est.
1500 2864 1670 2919 Porro
1703 2868 1820 2922 lucc
1858 2871 2086 2938 cpistola

517 2941 716 2999 Zosimi
750 2950 890 3001 edita
917 2967 943 2999 a
973 2948 1036 3007 V.
1063 2951 1120 3003 C.
1148 2952 1460 3016 Sirmoudo,
1483 2967 1535 3009 et
1569 2957 1782 3011 laudata
1816 2959 1941 3012 olim
1977 2973 2086 3016 tam

516 3038 571 3090 in
605 3039 835 3092 concilio
867 3039 1366 3105 Franeofordieusi,
1399 3061 1561 3112 quam
1590 3048 1754 3100 etiam
1788 3051 1854 3102 ab
1890 3049 2090 3105 Usnar-

2200 573 2588 642 impudentiam
2615 574 2833 626 damnat
2865 574 3024 642 epist.
3061 573 3115 639 7,
3173 575 3390 642 quodin
3432 591 3498 629 eo
3541 576 3772 630 Concilio

2199 663 2546 732 postulas~et,
2578 673 2634 717 ut
2668 663 2768 716 sibi
2801 664 3155 718 creandorum
3215 668 3552 718 sacerdotum
3580 668 3630 718 in
3653 680 3776 732 pro»

2199 757 2374 809 vincia
2435 757 2724 810 Viennensi
2775 756 3179 826 permitteretur
3237 758 3520 811 arbitrium
3570 777 3583 811 :
3631 757 3770 828 quod

2200 847 2276 901 ait
2304 863 2422 901 esse
2450 859 2641 902 contra
2678 857 2880 901 statuta
2919 846 3162 912 Patrum,
3197 861 3250 903 et
3279 851 3450 906 sancti
3485 849 3767 917 Tropbimi

2200 941 2561 994 reverentiam
2592 957 2607 994 :
2644 941 2997 1010 decernitqne
3024 981 3040 1007 ,
3076 942 3231 1011 juvta
3293 958 3482 1011 preces
3532 943 3768 998 Patrocli

2198 1031 2553 1094 Arelatensis,
2589 1040 2648 1084 nt
2678 1031 2794 1100 ejus
2826 1033 3065 1086 civitatis
3097 1036 3405 1102 cpiscopus,
3434 1034 3549 1100 jam
3583 1036 3704 1087 inde
3737 1053 3767 1088 a

2202 1121 2483 1191 Trapliimo
2511 1125 2866 1176 ordinationis
2893 1127 3080 1178 seriem
3123 1127 3438 1191 temporibus
3466 1127 3768 1180 roboratam

2199 1216 2517 1284 possideat,
2551 1231 2656 1268 non
2692 1218 2863 1270 solum
2905 1217 2954 1270 in
2985 1218 3259 1284 provincia
3298 1217 3588 1271 Viennensi
3619 1258 3634 1279 ,
3677 1218 3766 1269 sed

2198 1307 2363 1362 etiam
2408 1307 2462 1361 in
2512 1317 2737 1376 utraque
2779 1306 3138 1360 Narbonensi.
3191 1307 3359 1376 Cujus
3402 1309 3767 1373 pr;crogativ:e

2200 1399 2462 1452 rationein
2491 1413 2708 1467 quoque
2743 1400 2918 1453 reddit
2949 1399 3110 1466 epist.
3147 1398 3200 1464 8,
3244 1399 3310 1451 ad
3344 1398 3602 1450 Hilarium
3636 1397 3768 1450 Nar-

2197 1489 2489 1543 bonensem
2520 1509 2534 1544 :
2570 1491 2830 1555 Quoniam
2881 1490 3194 1556 Trajiltimus
3230 1492 3470 1544 sacerdos
3501 1491 3765 1558 quondam

2197 1577 2498 1632 Arelatensi
2524 1582 2638 1633 urbi
2667 1589 2730 1632 ab
2760 1582 3049 1647 apostolica
3086 1581 3206 1633 sede
3230 1578 3569 1632 transmissus
3600 1581 3668 1631 ad
3702 1580 3768 1632 il-

2199 1671 2277 1725 las
2333 1675 2566 1742 regiones
2642 1675 2883 1745 (scilicet
2933 1683 3217 1741 utramque
3263 1672 3667 1726 Narbonensem
3717 1680 3768 1726 ct

2201 1765 2561 1819 Viennensem
2588 1769 2604 1835 )
2637 1769 2770 1819 tanti
2800 1767 3024 1820 nominis
3054 1767 3396 1820 reverentiam
3433 1766 3634 1832 primus
3677 1779 3764 1816 cx-

2197 1858 2387 1923 liibuit,
2431 1871 2478 1912 et
2508 1861 2560 1912 in
2591 1860 2724 1911 alios
2754 1877 2858 1913 non
2901 1862 3179 1924 immerito,
3219 1877 3279 1912 ea
3313 1875 3465 1927 quam
3499 1866 3763 1925 acceperat

2197 1952 2513 2003 auctoritate
2552 1951 2864 2020 transfudit.
2907 1952 3094 2005 Totam
3119 1967 3250 2017 ergo
3274 1951 3534 2017 primatus
3561 1958 3764 2001 metro-

2196 2043 2400 2112 politici
2439 2060 2680 2105 causam,
2727 2047 2785 2096 ἐν
2825 2047 2890 2115 τῇ
2962 2041 3366 2115 πρωτοκλησίᾳ,
3406 2059 3498 2094 seu
3536 2041 3585 2094 in
3627 2043 3768 2110 prio-

2198 2149 2258 2189 re
2291 2138 2575 2190 voeatione
2602 2137 2669 2188 ad
2702 2137 2882 2192 fidem.
2913 2146 2968 2189 et
3007 2138 3058 2190 in
3096 2138 3393 2190 vetustiore
3423 2135 3763 2202 episcopatus

2197 2227 2535 2282 institutione
2570 2225 2710 2294 apud
2739 2225 3013 2277 Arelatem
3051 2241 3081 2278 a
3124 2225 3415 2294 'l‘ropbimo
3446 2223 3586 2276 facta
3611 2263 3626 2286 ,
3653 2221 3760 2275 Ζο-

2195 2319 2366 2372 simns
2399 2318 2601 2372 diserte
2654 2317 2958 2370 constituit.
3004 2317 3270 2370 Cmtcrutn
3301 2355 3318 2380 ,
3351 2316 3603 2384 quoniam
3649 2315 3763 2367 lucc

2195 2409 2397 2464 Zosimi
2435 2409 2694 2477 rescripta
2741 2408 3128 2462 consuetudine
3160 2407 3374 2476 quidem
3414 2393 3622 2459 vetusta
3649 2445 3665 2470 ,
3705 2417 3760 2458 ut

2196 2502 2310 2571 ipse
2347 2501 2460 2566 ait,
2493 2516 2560 2553 ex
2609 2499 2869 2553 relatione
2903 2499 3134 2552 Patrocli
3171 2501 3501 2562 nitebantur,
3551 2500 3642 2550 sed
3678 2497 3762 2549 die

2195 2592 2472 2660 Scipbnam
2525 2591 2777 2645 Ecclesiae
2833 2592 3159 2644 universalis
3203 2607 3231 2643 a
3288 2591 3496 2660 synodo
3547 2589 3762 2641 Niswna

2195 2685 2468 2738 decretam
2523 2682 2937 2743 convellebant,
2989 2697 3110 2750 qua:
3160 2681 3400 2751 singulas
3454 2680 3764 2749 provincias

2206 2775 2316 2827 suis
2344 2775 2692 2828 commiserat
2728 2773 3160 2841 metropolitanis
3186 2812 3202 2835 ,
3236 2788 3338 2825 non
3377 2783 3554 2824 autem
3585 2771 3766 2840 plures

2195 2865 2500 2936 provincias
2541 2866 2668 2930 nni;
2723 2865 2849 2919 hinc
2895 2865 3094 2918 factum
3123 2905 3138 2930 ,
3183 2874 3239 2917 ut
3291 2864 3598 2916 Bonifacius
3627 2877 3765 2930 papa

2196 2973 2302 3011 non
2338 2958 2685 3027 exprobrarit
2715 2957 2930 3024 quidem
2956 2955 3206 3008 Patroclo
3235 2956 3534 3008 Arelatensi
3566 2965 3768 3007 metro-

2195 3049 2428 3119 politiete
2469 3049 2753 3118 potestatis
2797 3051 3247 3117 usurpationem,
3285 3050 3378 3102 sed
3414 3051 3591 3118 potius
3626 3050 3769 3102 inte.

515 3129 584 3180 do
612 3139 668 3182 et
703 3133 890 3184 Adone
917 3171 934 3197 ,
984 3150 1104 3186 cum
1137 3136 1338 3202 scripta
1383 3137 1456 3190 sit
1504 3154 1646 3192 anno
1678 3139 1810 3205 “7,
1842 3141 2087 3213 Gregorii
2118 3181 2161 3238 ο
2194 3159 2345 3213 grain
2383 3142 2456 3196 illi
2500 3143 2806 3210 relinquens
2838 3144 2889 3196 in
2938 3143 3210 3212 provincia
3245 3141 3536 3197 Viennensi
3567 3182 3582 3207 ,
3619 3143 3767 3197 illius

515 3218 847 3276 Turonensis
876 3225 1184 3279 testimonio
1215 3229 1389 3296 potior
1418 3243 1538 3283 esse
1567 3230 1724 3285 debet
1755 3233 1806 3285 in
1838 3238 2084 3303 ponenda

515 3308 795 3376 Tropbimi
837 3318 1038 3381 epocba
1065 3357 1080 3380 ,
1129 3333 1288 3386 quam
1321 3322 1678 3376 disertissime
1707 3328 1943 3394 synodus
1973 3330 2086 3398 epi-

515 3418 799 3471 scoporum
839 3409 1257 3474 provincialium
1300 3413 1468 3466 refert
1510 3418 1577 3470 ad
1623 3415 1841 3472 Petrum
1868 3431 2088 3489 aposto-

515 3493 657 3558 lum;
706 3514 735 3549 a
763 3499 966 3566 quibus
1017 3518 1122 3553 non
1173 3504 1398 3556 discedit
1430 3503 1713 3572 Zosimns,
1744 3526 1864 3562 cum
1895 3513 2088 3568 doceat

513 3589 746 3652 primum
799 3591 849 3641 in
885 3589 1075 3644 Galliis
1116 3591 1471 3660 Tropbimutn
1521 3599 1690 3651 fuisse
1732 3603 2085 3658 constitutum

511 3677 842 3746 episcopum.
905 3680 1095 3735 Libelli
1153 3685 1415 3752 supplicis
1469 3689 1535 3742 ad
1587 3705 1644 3743 se
1695 3691 1764 3745 ab
1815 3695 2085 3763 episeopis

513 3767 664 3820 miSsi
710 3774 973 3826 rationein
1008 3773 1196 3828 habuit
1229 3775 1337 3828 Leo
1376 3780 1617 3845 perutiles
1653 3785 1913 3852 rescripto
1944 3790 2082 3854 quod

513 3858 580 3909 ad
628 3875 724 3914 eos
771 3864 954 3915 statim
1012 3866 1202 3930 dedit,
1253 3883 1361 3936 quo
1394 3880 1628 3922 veterem
1669 3873 1999 3930 Arelatensis
2032 3887 2086 3930 et

513 3946 844 4007 Viennensis
874 3956 1124 4010 Ecclesia:
1158 3961 1222 4012 de
1251 3961 1645 4029 metropolitiea
1675 3965 1933 4034 dignitate
1962 3984 2088 4023 con~

514 4044 808 4097 tentionetn
835 4083 850 4107 ,
885 4045 1211 4102 Viennensis
1240 4053 1534 4118 provincize
1555 4054 1822 4109 divisione
1871 4073 2084 4127 compm

511 4131 615 4185 nit.
649 4132 878 4189 Necesse
910 4147 991 4190 est
1017 4142 1403 4195 controversia:
1433 4143 1578 4198 illius
1603 4156 1804 4200 statunt
1833 4161 2083 4217 compen-

512 4223 604 4275 dio
645 4228 1052 4295 perstringere:
1089 4240 1146 4283 ut
1196 4233 1286 4298 qui
1339 4236 1545 4288 suborti
1595 4248 1722 4290 sunt
1763 4254 1828 4292 ex
1877 4254 1942 4294 eo
1977 4257 2080 4296 non

507 4325 643 4366 sane
671 4327 930 4385 percepto
971 4319 1024 4371 in
1057 4322 1392 4375 eruditorum
1432 4327 1626 4380 anitnis
1655 4329 1912 4397 scrupuli,
1939 4334 2080 4398 quod

508 4404 575 4454 ad
601 4402 882 4472 Tropbimi
909 4411 1294 4480 antiquitatem
1324 4425 1556 4483 spectat,
1590 4419 1800 4476 facilius
1835 4425 2084 4478 eximan-

511 4505 618 4548 tur.
646 4496 850 4554 Vienna
882 4503 1081 4557 civitas
1109 4511 1428 4577 metropolis
1461 4522 1581 4565 erat
1611 4516 1900 4580 provincia:
1923 4519 2081 4574 Vien-

507 4588 694 4641 nensis
724 4589 777 4642 in
834 4590 1094 4648 laterculo
1130 4597 1364 4666 imperii.
1416 4601 1590 4668 Unde,
1630 4604 1786 4674 juxta
1840 4625 2082 4667 canones

509 4676 796 4749 Nicmnos,
831 4683 923 4752 jus
977 4692 1435 4758 metropoliticum
1492 4697 1556 4748 ad
1610 4714 1670 4752 se
1718 4703 1987 4768 pertinuere
2026 4707 2080 4760 in

507 4769 700 4823 ordine
729 4775 1106 4832 ecclesiastico
1155 4783 1512 4838 contenderat
1545 4786 1676 4841 olim
1728 4791 2042 4862 Simplicius
2066 4836 2081 4861 ,

509 4862 752 4919 civitatis
783 4866 927 4922 illius
955 4873 1244 4942 cpiscopus
1287 4875 1552 4931 adversus
1578 4879 1954 4938 Arelatensem
1983 4927 1997 4950 ,
2027 4886 2080 4940 in

506 4957 748 5011 concilio
780 4959 1130 5030 Taurinensi,
1163 4980 1303 5018 anno
1333 4966 1459 5021 597.
1489 4969 1604 5035 Qua
1643 4973 1696 5025 in
1728 4973 1822 5028 lite
1854 4975 2080 5031 interlo-

507 5049 620 5100 euti
658 5058 787 5104 sunt
815 5051 1024 5116 Patres,
1057 5071 1175 5108 eam
1201 5058 1474 5113 civitatem
1505 5061 1610 5116 frui
1645 5065 1844 5121 debere
1874 5069 2080 5125 honore

508 5135 771 5200 primatus
797 5177 812 5202 ,
839 5153 960 5206 quae
991 5141 1210 5197 doceret
1239 5161 1297 5200 se
1327 5163 1448 5202 esse
1478 5153 1772 5218 provincize
1805 5172 2080 5229 metropo-

507 5223 633 5290 lim;
659 5227 782 5282 dato
817 5230 1034 5285 interim
1065 5233 1130 5286 ad
1152 5233 1436 5293 fovendam
1473 5247 1822 5301 concordiam
1857 5223 2076 5318 episco-

506 5317 590 5383 pis
622 5321 873 5386 consilio,
907 5333 966 5378 ιιι
1001 5327 1233 5395 quisque
1266 5331 1560 5387 viciniores
1590 5337 1690 5390 sibi
1727 5317 1980 5395 civitates
2008 5342 2076 5396 ad

506 5421 659 5460 suam
686 5423 871 5464 curam
913 5425 1215 5469 revocaret.
1269 5417 1490 5472 Pessum
1533 5422 1656 5476 data
1705 5435 1825 5478 erat
1855 5426 1958 5479 hac
1991 5428 2077 5480 in-

507 5497 861 5554 terlocutione
893 5504 1234 5560 Arelatensis
1270 5509 1526 5569 Ecclesia:
1567 5516 1803 5582 dignitas
1829 5556 1845 5582 ,
1877 5532 1998 5586 qua:
2022 5520 2075 5574 in

502 5589 698 5644 ordine
755 5594 936 5648 civilis
998 5596 1371 5665 dispositionis
1419 5621 1448 5657 a
1517 5607 1801 5675 metropoli
1854 5609 2076 5663 civitate

504 5677 795 5738 Viennensi
827 5687 1033 5756 absque
1061 5689 1224 5746 dubio
1274 5696 1566 5762 pendebat.
1617 5697 1796 5764 Quare
1823 5697 2074 5754 Zosimns

502 5772 689 5843 viginti
719 5789 834 5846 post
888 5781 1154 5848 synodum
1192 5786 1589 5845 Taurincnsem
1626 5791 1782 5846 annis
1816 5793 2073 5864 interpel-

2200 3246 2378 3289 tamen
2413 3236 2772 3289 temeritatem
2809 3236 3140 3288 damnaverit
3171 3236 3393 3303 epistola
3418 3237 3540 3289 data
3577 3238 3643 3288 ad
3677 3235 3770 3286 lli-

2195 3327 2389 3381 larium
2423 3325 2827 3382 Narbonensem
2859 3343 3002 3382 anno
3028 3327 3154 3393 422,
3183 3333 3321 3395 quod
3349 3327 3552 3381 scilcet
3582 3329 3632 3381 iu
3661 3327 3770 3380 Lu-

2197 3417 2409 3472 tubensi
2441 3417 2681 3472 Ecclesia
2712 3418 3110 3473 ordinationem
3146 3418 3383 3488 episc0pi
3434 3419 3767 3472 celebrasset

2195 3510 2249 3561 in
2283 3509 2455 3560 aliena
2483 3509 2750 3575 provincia
2779 3547 2795 3575 ,
2823 3507 3036 3578 inquit,
3065 3510 3270 3563 scilicet
3301 3510 3353 3562 in
3381 3509 3718 3565 Narbonensi
3748 3549 3765 3575 ,

2195 3616 2316 3668 qua:
2363 3616 2393 3652 a
2429 3600 2719 3654 Viennensi
2770 3611 2888 3654 erat
2939 3603 3215 3654 distincta.
3269 3601 3400 3654 lllttd
3453 3615 3634 3654 autem
3685 3604 3770 3653 fa-

2193 3702 2338 3745 ctum
2402 3693 2679 3760 pertendit
2731 3701 2917 3745 contra
2969 3693 3158 3762 synodi
3212 3692 3442 3745 Nicaeus:
3490 3695 3766 3746 (‘OﬂSlllll-

2196 3783 2394 3836 tionem
2423 3824 2440 3850 ,
2469 3799 2628 3852 quam
2659 3784 2962 3849 describit;
3001 3798 3419 3852 conunonetque
3457 3784 3714 3838 llilarium
3745 3823 3764 3849 ,

2193 3889 2254 3932 ut
2291 3879 2831 3949 nzetropoliticojure
2879 3880 3141 3943 munitus,
3203 3891 3256 3933 et
3309 3881 3767 3948 przeccptionibns

2191 3970 2304 4023 suis
2339 3972 2529 4036 fretus,
2556 3987 2675 4040 qua:
2706 3971 2952 4025 facienda
2987 3980 3112 4026 sunt
3155 3971 3207 4024 in
3242 3969 3536 4024 Lutubeusi
3569 3969 3766 4023 Eccle‘

2191 4063 2270 4118 sia
2304 4071 2540 4130 pra'stet.
2586 4061 2769 4116 Noluit
2828 4063 3066 4118 llilarius
3113 4064 3478 4126 Arelatensis,
3529 4061 3763 4114 l‘atrocli

2191 4167 2499 4216 successor,
2545 4153 2709 4206 fultus
2742 4162 2794 4206 et
2817 4151 3017 4206 Zosimi
3053 4153 3218 4221 priori
3251 4152 3514 4219 rescripto
3545 4160 3599 4204 et
3629 4166 3766 4204 con-

2189 4245 2476 4298 suetudine
2505 4255 2736 4308 vetusta,
2758 4259 2947 4314 parere
2971 4246 3189 4298 decreto
3210 4241 3494 4304 Bonifacii,
3513 4243 3764 4314 restrin-

2189 4335 2366 4404 gentis
2399 4335 2535 4388 intra
2565 4313 2922 4389 Viennensem
2948 4334 3279 4403 provinciam
3301 4313 3636 4387 Arelatensis
3653 4332 3766 4401 epi-

2189 4429 2335 4498 sc0pi
2373 4435 2715 4496 potestatem.
2744 4426 2915 4494 Quam
2949 4425 3018 4480 ob
3056 4440 3193 4487 rem.
3233 4433 3288 4478 et
3322 4436 3545 4492 propter
3577 4424 3766 4480 Cbelia

2114 4534 2158 4588 ι)
2189 4517 2332 4571 douii
2367 4532 2610 4578 causam,
2644 4516 2888 4584 aliasque
2915 4516 3266 4585 gravissimas
3297 4513 3560 4579 rationes,
3590 4515 3764 4567 iratus

2187 4607 2394 4662 Hilario
2417 4609 2526 4664 Leo
2561 4607 2666 4662 Pl’.
2690 4607 2835 4678 quod
2867 4609 3048 4661 minus
3077 4609 3258 4663 colere
3283 4605 3622 4674 majestatem
3653 4605 3765 4659 lto.

2184 4718 2360 4757 manu:
2391 4703 2536 4757 sedis
2559 4701 2857 4764 videretur,
2895 4701 3091 4755 acerbe
3135 4701 3189 4754 in
3241 4715 3363 4754 eum
3401 4702 3673 4755 invehitur
3704 4702 3762 4754 in

2183 4796 2411 4866 cpistola
2444 4796 2510 4848 ad
2539 4795 2818 4864 episcopos
2841 4793 3169 4848 Viennensis
3203 4795 3498 4862 provincia:
3555 4795 3761 4860 scripta

2185 4887 2484 4942 annuHE’).
2531 4886 2675 4941 Inter
2708 4897 2904 4939 caetera
2959 4885 3032 4938 illi
3082 4886 3287 4951 objicit.
3326 4887 3470 4954 quod
3517 4885 3760 4953 projecto

2183 4981 2435 5049 episcopo
2465 4977 2681 5032 infirmo
2704 4987 2758 5032 et
2794 4977 3081 5041 nescienti,
3129 4976 3292 5029 alium
3321 4978 3764 5044 superposuisset

2181 5074 2514 5140 episcopum,
2546 5069 2707 5135 idque
2735 5071 2788 5122 in
2815 5069 2992 5122 aliena
3026 5069 3318 5136 provincia,
3361 5069 3569 5122 scilicet
3600 5079 3759 5122 extra

2181 5163 2564 5217 Viennensem.
2621 5160 2762 5226 Quid
2815 5163 2917 5213 sibi
2971 5160 3212 5213 llilarius
3267 5161 3454 5228 quierit
3490 5160 3548 5212 in
3577 5160 3757 5212 aliena

2181 5255 2480 5323 provincia,
2499 5253 2692 5321 inquit,-
2721 5262 2767 5305 et
2799 5251 2852 5304 id
2876 5251 3014 5320 quod
3033 5252 3210 5304 nullus
3233 5251 3562 5304 decessurum
3588 5252 3758 5318 ipsius

2179 5357 2302 5398 ante
2335 5343 2682 5396 Patroculum
2709 5341 2924 5408 habuit,
2955 5357 3051 5393 cur
3079 5351 3322 5409 usurpat,
3355 5355 3474 5392 cum
3503 5350 3550 5391 et
3585 5334 3756 5407 ipsum

2179 5436 2318 5504 quod
2356 5432 2608 5486 Patroclo
2653 5449 2686 5484 a
2727 5436 2847 5485 sede
2894 5432 3186 5496 apostolica
3219 5431 3586 5499 temporaliter
3615 5431 3758 5483 vide-

2181 5529 2335 5580 batur
2362 5543 2473 5580 esse
2505 5541 2808 5579 concessum
2830 5565 2844 5588 ,
2893 5524 3225 5593 postmodum
3255 5524 3320 5575 sit
3363 5521 3578 5575 meliore
3627 5539 3755 5574 sen-

2179 5620 2344 5671 tentia
2376 5618 2682 5671 mutatum?
2716 5616 2921 5681 Quibus
2947 5613 3126 5667 verbis
3158 5614 3266 5668 Leo
3301 5614 3648 5684 apertissime
3676 5616 3758 5665 si-

2180 5710 2405 5778 gniticat
2427 5708 2608 5776 priora
2641 5707 2838 5760 Zosimi
2873 5707 3162 5773 rescripta,
3192 5714 3246 5758 et
3283 5705 3554 5773 p0stcrius
3583 5704 3755 5759 Bonie

2179 5801 2302 5855 facii
2337 5804 2636 5867 decretum,
2679 5815 2788 5869 quo
2821 5809 3062 5868 potestas
3115 5797 3451 5854 Arelatensis
3510 5794 3753 5868 episcopi
