3972 6484
225 337 272 393 57
1233 342 1569 400 EPISTOLA
1612 346 1702 400 AD
1742 345 2101 404 IIENRICUM
2143 345 2517 404 VALESIUM.
3452 354 3524 409 58

225 458 334 513 ltura
355 457 587 515 limites
631 461 1008 521 Viennensis
1038 464 1328 536 provinciae
1367 470 1749 529 coercebatur,
1787 464 1920 529 υιἈ
1949 465 2151 531 clesize,
2206 480 2327 536 qua:
2372 466 2506 521 vitio
2538 464 2778 536 episcopi
2802 467 2884 521 sui
2912 465 3107 522 Iiilaril
3145 464 3371 537 antiquo
3396 465 3523 533 jure

224 549 447 617 superius
514 556 771 610 monui.
838 558 977 621 Qua:
1027 568 1209 613 autem
1261 558 1614 627 exceptiones
1641 556 1843 625 objice-

224 651 379 694 mitur
411 643 722 700 adversos
782 645 1003 702 Zosimi
1058 648 1425 717 rescriptum,
1463 647 1515 701 in
1546 662 1612 700 eo
1662 647 1841 716 capite

225 735 339 801 quod
379 733 830 790 ordinationes
865 738 921 791 in
958 748 1188 807 utraque
1232 736 1567 792 Narbonensi
1594 735 1844 791 Patroclo

225 839 498 879 concessas
547 830 840 894 respicit,
902 831 1047 884 idem
1104 829 1391 884 manifeste
1422 829 1602 893 docet,
1641 829 1684 881 si
1727 827 1842 895 ejus

225 920 359 971 verba
430 919 610 986 juxta
679 922 928 989 regulas
976 922 1114 989 juris
1162 921 1556 990 expendantur.
1627 920 1844 974 Scilicet

230 1010 497 1078 obreptum
528 1008 792 1066 Zosinto
867 1029 969 1083 per
1023 1015 1207 1066 falsam
1253 1012 1484 1067 Patrocli
1536 1013 1842 1082 suggestio-

224 1116 357 1165 nem,
383 1102 487 1170 qui
552 1104 877 1158 referebat
919 1104 988 1158 ad
1045 1107 1485 1158 consuetudinem
1532 1113 1841 1169 vetustam,

225 1206 356 1260 quam
419 1193 548 1259 ipse
616 1194 867 1261 primus
918 1195 1208 1264 usurpabat
1268 1197 1551 1250 ordinandi
1608 1204 1848 1263 potesta-

230 1294 315 1336 tem
345 1284 395 1336 in
432 1285 760 1353 provincia
798 1285 1172 1341 Narbonensi.
1213 1288 1411 1341 Deinde
1463 1288 1747 1356 significat,
1775 1287 1843 1342 ad

227 1390 470 1428 sonituum
547 1379 1019 1447 prmrogativatn
1055 1378 1200 1432 illam
1257 1394 1286 1432 a
1338 1377 1553 1433 Zosimo
1594 1381 1660 1433 ad
1706 1390 1843 1434 tetu-

224 1478 305 1531 pus
332 1461 605 1517 Patroclo
663 1479 1017 1519 concessam
1054 1466 1273 1537 intelligi
1329 1467 1548 1523 debere.
1605 1470 1844 1539 Denique

225 1557 372 1607 utitur
405 1556 759 1623 posteriore
794 1556 1071 1613 Bonifacii
1100 1559 1338 1622 decreto,
1374 1563 1518 1628 quod
1562 1561 1720 1632 juxta
1750 1579 1845 1618 ca-

223 1661 399 1699 nonum
431 1648 896 1712 praascriptutn,
926 1649 1272 1702 ambitiosum
1309 1650 1438 1704 illud
1476 1661 1528 1706 et
1562 1667 1662 1722 per
1690 1651 1846 1706 frau-

223 1736 322 1789 dein
348 1736 616 1791 elicitum
659 1737 896 1793 Zosimi
928 1742 1251 1809 rescriptum
1281 1780 1297 1805 ,
1349 1744 1484 1797 duas
1534 1744 1845 1812 provincias

1944 557 1997 610 in
2022 565 2340 627 perpetuum
2369 558 2569 626 privari
2595 572 2702 611 non
2730 567 2963 628 poterat.
2998 558 3183 628 Itaque
3207 574 3317 613 rem
3349 566 3516 613 totam

1937 642 2090 712 juxta
2148 644 2367 699 concilii
2420 643 2773 701 Tanrinensis
2800 646 3085 701 consilium
3146 647 3330 701 datunt
3389 647 3517 702 oliui

1943 736 2393 790 contendentibus
2412 736 2636 789 duarum
2654 736 2933 790 civitatum
2962 738 3247 805 episcopis.
3275 737 3357 791 sic
3382 746 3518 790 tein-

1946 829 2181 897 peravit,
2215 838 2277 881 ut
2306 828 2564 898 majorem
2619 838 2823 898 partem
2854 830 3148 898 provincia:
3198 826 3522 886 Viennensis

1944 920 2265 975 restitueret
2323 919 2628 973 Arelatensi
2687 920 2985 985 Ecclesiae;
3025 921 3156 974 solis
3179 932 3415 989 quatuor
3443 922 3522 975 ci-

1946 1010 2208 1064 vitatibus
2240 1026 2403 1078 penes
2441 1008 2800 1065 Viennensem
2833 1011 3144 1080 episcopum
3180 1012 3421 1076 relictis.
3452 1012 3521 1067 ne

1945 1100 2204 1155 honorem
2240 1100 2690 1170 metropoliticum
2719 1140 2733 1161 .
2767 1117 2925 1169 quem
2964 1102 3195 1171 ipsemet
3224 1116 3521 1156 concesse—

1944 1200 2052 1256 rat,
2075 1192 2315 1243 adimere
2339 1206 2434 1258 per
2465 1191 2885 1245 inconstantiam
2921 1202 3009 1245 aut
3031 1191 3281 1259 injutiam
3310 1192 3521 1245 vitlere~

1946 1290 2067 1347 tur;
2098 1292 2173 1343 et,
2202 1290 2258 1334 ut
2283 1282 2394 1349 ipse
2426 1280 2682 1348 loquitur,
2716 1297 2782 1334 ne
2813 1282 3143 1339 Viennensis.
3173 1285 3256 1336 cui
3281 1292 3520 1352 potesta-

1948 1380 2053 1424 teni
2092 1371 2545 1438 metropoliticam
2585 1370 2790 1423 Ililario
2834 1371 3066 1425 ablatam
3108 1373 3467 1441 deputaverat
3499 1411 3516 1437 ,

1944 1461 2223 1528 semetipso
2249 1459 2421 1529 [nctus
2451 1460 2714 1514 videretur
2737 1461 2975 1526 inferior.
3010 1459 3114 1513 Sed
3152 1470 3263 1513 tum
3317 1461 3385 1515 de
3440 1460 3516 1512 is-

1949 1551 2073 1604 thac
2121 1552 2532 1617 controversia,
2592 1561 2701 1603 ttnn
2739 1550 2901 1603 etiam
2959 1549 3023 1604 de
3059 1551 3314 1619 dignitate
3370 1549 3518 1604 civili

1942 1637 2269 1694 Viennensis
2293 1649 2345 1693 et
2368 1640 2699 1694 Arelatensis
2727 1640 2980 1703 civitatis,
3002 1651 3302 1693 accuratam
3335 1641 3516 1699 disce-

1945 1730 2239 1798 ptationem
2271 1728 2519 1782 dabimus
2561 1729 2613 1781 in
2645 1731 2879 1782 secunda
2921 1728 3161 1781 editione
3191 1726 3315 1781 libri
3345 1727 3515 1783 nostri

222 1828 297 1880 nui
329 1829 799 1895 metropolitano
827 1832 1178 1895 concedens,
1224 1833 1543 1888 resciderat.
1595 1834 1836 1891 Tandem

1944 1820 2019 1874 De
2052 1821 2389 1890 primatibus,
2411 1835 2574 1889 quant
2607 1821 2956 1874 adornamus.

218 1918 490 1987 praefracta
526 1919 755 1974 Hilarii
789 1916 1143 1977 Arelatensis
1171 1926 1514 1979 contumacia
1559 1924 1670 1981 Leo
1703 1944 1839 1997 papa

216 2023 530 2075 succensus,
574 2013 821 2080 absque
853 2015 1172 2083 cognitione
1218 2031 1398 2072 causa:
1429 2017 1690 2073 inauditis
1737 2021 1844 2076 illis

214 2115 431 2169 quorum
462 2102 806 2168 intererat,
840 2104 937 2173 jus
965 2120 1127 2159 omne
1169 2108 1627 2176 metropoliticuni
1677 2114 1840 2165 etiam

215 2189 260 2244 in
286 2193 579 2261 provincia
625 2194 959 2250 Viennensi
990 2200 1193 2252 ademit
1231 2201 1489 2271 episcopo
1511 2202 1840 2271 Arelatensi,

213 2278 444 2349 illudque
489 2280 834 2337 Viennensi
884 2286 1243 2355 adjudieavit,
1294 2305 1359 2344 ac
1406 2291 1452 2344 si
1508 2293 1575 2345 ad
1605 2308 1727 2347 eum
1773 2310 1841 2349 ex

209 2370 318 2439 jure
348 2374 543 2427 civilis
576 2375 986 2445 tnetropoleos
1028 2377 1182 2446 juxta
1224 2396 1462 2436 canones
1496 2385 1791 2451 pertineret
1820 2426 1838 2452 ,

212 2462 693 2524 queinadmodutn
729 2466 1066 2535 Simplicius
1102 2470 1152 2522 in
1193 2472 1426 2525 concilio
1456 2472 1776 2530 Taurinensi
1810 2493 1837 2530 τι

211 2549 461 2605 Patribus
488 2552 638 2605 olim
688 2553 1011 2619 impetrare
1039 2564 1361 2611 tentaverat.
1398 2557 1551 2613 Ilanc
1590 2560 1840 2627 injuriam

208 2639 519 2695 Arelatensi
564 2641 866 2696 Ecclesiae
923 2643 1132 2697 illatam
1161 2648 1422 2701 adversus
1458 2651 1842 2704 vetustissima:

208 2735 641 2788 consuetudinis
665 2736 731 2787 ὲν
761 2737 834 2806 τῇ
871 2735 1263 2809 πρωτοκλησίᾳ
1292 2737 1531 2794 fundatae
1568 2750 1622 2795 et
1645 2757 1672 2793 a
1701 2741 1841 2796 Tro-

206 2822 390 2892 phimo
418 2825 623 2879 ducta!
675 2830 1103 2892 auctoritatem,
1138 2830 1378 2899 episcopi
1423 2832 1723 2901 provinciae
1754 2831 1844 2887 Vi-

209 2914 494 2977 ennensis,
528 2915 645 2968 hac
681 2916 949 2968 novitate
976 2918 1234 2984 perculsi,
1263 2936 1518 2974 amovere
1549 2934 1840 2992 curarunt,

212 3012 507 3059 occasione
535 3020 791 3076 arrepta
825 3023 896 3062 es
938 3008 1089 3062 obitu
1144 3010 1330 3065 Hilarii
1358 3051 1375 3074 ,
1422 3023 1477 3066 et
1511 3017 1779 3068 electione
1809 3030 1840 3068 a

216 3111 276 3150 se
298 3099 437 3155 facta
462 3098 793 3164 Ravennii,
815 3101 921 3153 viri
963 3102 1269 3169 graviSsitni
1296 3115 1353 3158 et
1377 3098 1543 3158 Leoni
1577 3107 1837 3175 pergrati.

216 3187 401 3261 Itaque
442 3193 647 3247 libello
682 3192 936 3259 supplici
970 3194 1036 3244 ad
1070 3192 1301 3247 Leonem
1338 3194 1467 3247 dato
1494 3236 1508 3259 ,
1569 3198 1837 3265 primatus

220 3284 566 3339 Arelatensis
615 3286 909 3353 originem
961 3296 1246 3338 arcesunt
1282 3302 1311 3339 a
1363 3285 1704 3356 Tropltimo:
1748 3289 1837 3357 qui

222 3377 418 3430 missus
446 3393 478 3431 a
513 3376 582 3429 Β.
623 3377 825 3441 Petro,
847 3376 1057 3444 primus
1083 3378 1132 3430 itt
1161 3376 1347 3432 Galliis
1377 3380 1591 3433 Arelate
1624 3382 1839 3451 episco-

223 3479 401 3535 patum
433 3469 701 3523 instituit
737 3486 752 3521 :
789 3469 951 3535 cujus
979 3471 1196 3536 quidem
1229 3473 1497 3538 prima-va:
1536 3472 1839 3526 institutio-

228 3561 309 3612 nis
336 3563 479 3615 ratio
516 3562 718 3629 potior
750 3560 829 3614 sit
880 3561 1154 3625 habenda,
1194 3579 1356 3631 quam
1389 3564 1567 3618 υἰνιιὶε
1606 3565 1840 3635 disposi-

230 3655 408 3719 tionis,
432 3672 561 3724 quae
604 3656 847 3707 Vienna:
898 3653 990 3722 jus
1033 3657 1389 3723 metropoleos
1442 3659 1673 3726 politiae
1707 3659 1837 3712 olim

233 3745 523 3801 tribuerat.
555 3747 729 3813 Quod
787 3744 957 3798 telum
991 3760 1055 3798 ex
1106 3747 1296 3800 ordine
1330 3748 1474 3802 civili
1524 3750 1748 3818 petitum
1783 3758 1840 3804 ut

237 3839 497 3904 repellant
531 3838 823 3905 episcopi,
860 3852 968 3889 non
1000 3837 1247 3890 dubitant
1277 3839 1487 3891 civilem
1514 3855 1729 3909 queque
1756 3841 1841 3892 di-

239 3926 517 3989 gnitatem,
551 3941 670 3994 qua
706 3925 1057 3992 temporibus
1106 3925 1210 3979 illis
1235 3924 1460 3980 ﬂorebat
1484 3928 1679 3982 civitas
1711 3930 1840 3984 Are-

241 4011 479 4082 latensis,
514 4017 697 4071 Leoni
727 4032 1071 4087 proponere:
1101 4017 1152 4071 in
1184 4034 1246 4072 ea
1274 4034 1463 4088 nempe
1488 4024 1671 4075 sedent
1703 4038 1840 4091 prie-

243 4104 451 4163 lectura:
484 4110 805 4165 Galliarum
826 4126 856 4161 a
890 4109 1111 4163 civitate
1144 4108 1487 4166 Trevirorum
1517 4130 1583 4169 eo
1605 4116 1837 4169 transla-

245 4202 347 4248 tam
380 4204 696 4255 consistere
731 4218 746 4254 :
792 4211 960 4267 atque
991 4201 1132 4254 adeo
1196 4203 1380 4256 urbem
1438 4204 1582 4258 illam
1617 4218 1839 4260 matrem

249 4292 471 4344 omnium
500 4293 821 4346 Galliarum
844 4308 988 4345 esse.
1012 4290 1165 4356 Quod
1199 4295 1423 4359 dictum,
1452 4306 1510 4351 ttt
1539 4312 1842 4366 opponatur

249 4378 480 4447 Vienna,
506 4400 637 4452 qua:
668 4399 773 4453 pro
810 4393 990 4437 matre
1014 4382 1338 4441 Viennensis
1375 4398 1578 4442 tantum
1617 4394 1839 4459 provin-

2014 1914 2281 1968 Cteterum
2320 1914 2433 1966 hinc
2476 1910 2758 1979 Tropltinii
2812 1912 3116 1982 antiquitas
3160 1914 3518 1968 confirmatur

1942 2005 2174 2072 epistola
2199 2004 2452 2075 Cypriani
2481 2006 2547 2058 ad
2581 2004 2917 2073 Stephanum
2950 2020 3178 2075 papam,
3219 2021 3323 2075 qua
3384 2006 3521 2075 petit

1942 2102 2002 2147 ut
2030 2096 2098 2148 ab
2147 2108 2213 2149 eo
2258 2094 2571 2148 scribantur
2608 2094 2803 2149 littera!
2832 2097 2883 2148 in
2912 2093 3255 2149 Provinciam
3311 2095 3399 2163 (id
3435 2105 3521 2150 est

1943 2184 2350 2240 Narbonensem
2395 2184 2649 2249 solidam,
2683 2200 2840 2252 quam
2880 2188 3049 2240 veteri
3097 2185 3393 2240 Provincize
3420 2200 3521 2239 tto-

1943 2276 2088 2330 mine
2122 2277 2429 2346 nuocupat)
2478 2278 2675 2345 quibus
2722 2276 3000 2331 Marciano
3030 2278 3283 2346 eplStOPO
3337 2280 3523 2331 Arela-

1946 2369 2082 2422 tensi
2150 2368 2423 2431 abstento,
2456 2369 2594 2421 alius
2643 2369 2695 2421 iti
2730 2370 2846 2438 ejus
2882 2370 3061 2423 locum
3112 2373 3515 2433 substituatur;

1942 2461 2196 2529 quoniam
2234 2459 2431 2528 Spretis
2466 2459 2800 2528 collegarum
2838 2458 3077 2525 monitis,
3121 2459 3400 2515 Novatiani
3425 2478 3519 2516 er-

1942 2550 2164 2605 roribus
2196 2552 2555 2619 pervicaciter
2582 2551 2912 2605 adhaerebat.
2942 2550 3231 2605 Necessum
3277 2567 3403 2605 vero
3433 2561 3517 2607 est

1943 2639 2081 2696 hanc
2110 2641 2367 2712 Cypriani
2423 2642 2706 2713 epistolam
2739 2647 3001 2715 scriptam
3041 2659 3162 2701 esse
3193 2647 3346 2700 initio
3374 2649 3520 2701 sedis

1943 2732 2229 2801 Stephani,
2260 2735 2479 2806 quando
2515 2739 2651 2792 duos
2682 2740 2824 2791 inter
2856 2736 2973 2791 illos
2995 2739 3277 2807 pontifices
3306 2740 3519 2792 dissen-

1941 2822 2025 2876 sio
2056 2827 2294 2879 nondutn
2329 2827 2433 2881 ulla
2473 2830 2876 2884 intercesSerat.
2921 2829 3136 2883 Initium
3176 2841 3352 2883 autem
3386 2830 3514 2882 illud

1943 2911 2204 2984 Stephani
2241 2935 2360 2972 cum
2389 2922 2553 2975 cadat
2583 2920 2636 2974 in
2682 2937 2885 2974 annum
2918 2919 3047 2986 256,
3082 2921 3329 2990 St‘qttltttl'
3374 2919 3518 2973 Mar-

1941 3007 2087 3061 ciani
2124 3009 2344 3063 exordia
2388 3011 2716 3066 antecedere
2765 3011 2911 3065 Decii
2966 3014 3331 3065 t'onSttlatttttt.
3365 3011 3516 3068 Unde

1944 3100 2250 3155 rectissime
2288 3101 2593 3171 colligitur,
2624 3103 2934 3158 missionem
2963 3103 3241 3172 Trophimi
3269 3107 3320 3156 in
3354 3115 3506 3157 aute-

1944 3191 2082 3243 riora
2105 3192 2547 3259 promovendatn,
2570 3194 2740 3245 invito
2759 3193 2882 3246 licet
2901 3191 3164 3259 Gregorio
3185 3192 3513 3263 'I'uronensi,

1942 3283 2151 3337 scilicet
2177 3284 2243 3336 ad
2270 3283 2415 3337 Petri
2467 3293 2704 3344 mtatem,
2733 3284 2887 3354 juxta
2932 3284 3094 3338 libelli
3128 3287 3512 3356 episcoporttttl

1940 3375 2232 3442 provincia:
2274 3374 2599 3431 Viennensis
2631 3378 2999 3431 testationem.
3031 3377 3155 3430 Sola
3188 3379 3307 3433 falsi
3333 3383 3515 3449 suspi-

1941 3463 2096 3518 cione
2131 3465 2272 3518 ultro
2299 3467 2603 3534 exCOgitata
2640 3476 2749 3518 tmn
2800 3468 3065 3523 adversus
3090 3464 3347 3538 Cypriani
3398 3471 3515 3540 cpi-

1942 3558 2158 3620 Slolam,
2191 3568 2299 3610 tum
2327 3560 2586 3611 adversus
2610 3558 2811 3614 Zosimi
2857 3564 3119 3631 rescripta
3150 3576 3201 3616 et
3228 3567 3516 3632 epist-opu-

1943 3663 2061 3703 rum
2091 3648 2349 3712 libellum,
2376 3650 2567 3703 nollem
2591 3667 2618 3703 a
2648 3652 2947 3707 manifestis
2972 3655 3076 3708 illis
3103 3659 3511 3723 probationibus

1941 3755 2000 3793 se
2031 3740 2322 3795 liberarent
2355 3739 2601 3811 Gregorii
2632 3740 2894 3799 fautores.
2928 3746 3178 3799 Admissa
3208 3752 3403 3817 quippe
3427 3766 3514 3803 sv-

1940 3831 2047 3886 mel
2091 3834 2191 3887 hac
2245 3834 2603 3901 respondendi
2639 3845 2695 3888 et
2732 3838 3119 3905 prtesrribendi
3156 3846 3381 3903 ratione,
3418 3843 3513 3894 ad-

1940 3938 2130 3978 versus
2158 3924 2356 3993 scripta
2376 3940 2497 3995 quae
2524 3926 2651 3981 stilo
2683 3937 2738 3981 ct
2771 3940 3101 3984 vetusmrutn
3127 3932 3372 3985 conicum
3392 3933 3511 3987 etii-

1941 4015 2253 4083 tiontnnque
2295 4017 2419 4077 lide,
2476 4027 2831 4088 veterumque
2859 4030 3148 4073 auctorum
3197 4024 3512 4076 testimoitio

1942 4107 2283 4169 muniuntur,
2316 4106 2461 4160 Cadit
2499 4111 2675 4162 omnis
2703 4109 2770 4162 de
2800 4111 3190 4179 quaeStionibus
3227 4112 3511 4167 litterariis

1941 4198 2243 4252 disserendi
2273 4200 2609 4267 ingeniorum
2643 4201 2950 4257 delectatio.
2979 4204 3195 4257 Interim
3247 4206 3508 4258 omitten-

1942 4290 2070 4343 dmn
2104 4309 2206 4346 non
2243 4302 2325 4346 est
2357 4304 2621 4346 assertum
2672 4294 2951 4364 Cypriano
2978 4294 3258 4360 epistolam
3283 4312 3311 4347 a
3344 4293 3408 4349 V.
3444 4296 3509 4350 C.

1943 4378 2180 4448 Itigaltio
2216 4381 2268 4434 in
2303 4380 2450 4434 netis
2474 4383 2541 4434 ad
2567 4383 2919 4452 Cyprianum,
2952 4384 3132 4436 discus
3166 4383 3218 4437 is
3247 4384 3366 4437 falsi
3416 4398 3509 4437 ar-

251 4471 342 4524 εἰει
393 4488 451 4525 se
505 4473 771 4543 gerebat.
831 4473 1061 4525 Addunt
1112 4476 1273 4527 etiam
1308 4489 1321 4527 :
1356 4474 1666 4546 Quicunque
1696 4479 1838 4533 intra
1871 4496 1915 4551 ι)
1943 4474 2213 4539 sumentis
2240 4487 2270 4523 a
2295 4473 2413 4525 viro
2450 4473 2769 4528 doctissimo
2800 4474 2995 4527 allatis.
3025 4474 3258 4543 Operam
3289 4490 3508 4545 quoius

251 4554 463 4625 Callias,
495 4563 724 4616 scilicet
748 4560 868 4627 jam
908 4561 1033 4615 inde
1075 4578 1103 4615 a
1139 4565 1497 4619 Constantino
1522 4567 1755 4623 Maximo
1784 4581 1838 4624 et

256 4648 653 4714 Valentiniano,
691 4659 973 4705 ostentare
1006 4654 1166 4706 voluit
1194 4656 1428 4725 insignia
1454 4658 1751 4727 dignitatis,
1782 4662 1837 4715 in

252 4736 341 4791 hac
360 4748 483 4797 urbe
511 4743 871 4797 consulatum
900 4746 1187 4810 accepisse,
1229 4758 1275 4800 et
1321 4749 1527 4802 dedisse
1554 4765 1573 4803 :
1609 4751 1709 4807 hoc
1754 4763 1839 4806 est

254 4835 577 4889 consulatum
603 4835 967 4888 circensibus
983 4834 1366 4903 celebravisse,
1387 4841 1835 4906 quemadmodum

251 4926 448 4993 egregie
483 4928 636 4981 hunc
674 4927 863 4978 locum
907 4925 1296 4995 interpretatur
1321 4930 1405 4982 vir
1428 4932 1833 4987 eruditissimus

241 5013 500 5072 Adrianus
550 5016 841 5080 Valesius,
890 5015 1199 5071 litterarum
1228 5029 1281 5073 et
1313 5022 1589 5090 sanguinis
1622 5038 1838 5093 germa-

239 5104 401 5161 nitate
431 5107 610 5164 frater
657 5120 817 5169 tuus,
858 5122 894 5159 ο
943 5107 1074 5159 milii
1124 5110 1447 5167 cltarissitne
1478 5112 1709 5170 Ilenrice
1733 5113 1839 5169 Va-

232 5191 346 5261 lesi,
374 5201 427 5252 in
452 5200 597 5255 libro
634 5214 742 5254 VIII
782 5195 990 5250 Rerum
1024 5196 1431 5265 Francicarum,
1462 5220 1601 5272 quas
1631 5208 1836 5261 doctis-

232 5285 381 5341 simis
409 5291 561 5344 curis
596 5300 655 5345 et
686 5284 935 5354 ingenii
970 5288 1051 5341 sui
1100 5289 1321 5345 solertia
1379 5293 1694 5349 illustravit.
1731 5297 1837 5350 Ex-

223 5381 404 5442 pcnsis
456 5385 690 5435 tandem
749 5380 1042 5431 rationum
1093 5381 1381 5436 momentis
1411 5422 1428 5447 ,
1480 5398 1602 5453 qua:
1657 5386 1837 5441 libello

219 5473 606 5544 episcoporum
641 5470 1096 5529 Provincialium
1146 5474 1586 5542 continebantur,
1637 5482 1837 5537 auditis

214 5579 432 5635 quoque
458 5562 916 5636 allegationibus
942 5560 1181 5629 episcopi
1208 5563 1547 5635 Viennensis,
1573 5566 1679 5623 Leo
1697 5586 1834 5639 papa

208 5657 479 5728 privilegii
514 5653 903 5712 Arelatensis
938 5653 1199 5707 rationein
1237 5654 1542 5712 habendam
1577 5661 1788 5715 censuit
1818 5701 1835 5725 ,

210 5751 749 5820 restituendi-mque
781 5743 1246 5813 metropoliticam
1274 5748 1587 5820 dignitatem
1625 5753 1697 5809 illi
1736 5752 1837 5809 Ec-

1941 4578 2048 4616 non
2105 4563 2476 4633 indiligentem
2527 4566 2707 4633 posuit
2768 4567 2847 4620 vir
2879 4567 3039 4637 plane
3077 4568 3320 4623 eruditus
3354 4567 3510 4637 Ilugo

1937 4647 2226 4705 Henardus
2262 4655 2313 4705 in
2351 4652 2662 4708 refellendis
2713 4657 3042 4723 argumentis
3095 4656 3355 4711 adversus
3404 4656 3511 4727 Cy-

1939 4741 2115 4812 priani
2154 4743 2463 4813 epistolam,
2494 4755 2550 4799 rt
2599 4747 2804 4802 Zosimi
2849 4748 3137 4818 rescripta,
3174 4758 3337 4819 atque
3365 4749 3511 4804 libel-

1940 4831 2048 4884 lum
2076 4834 2369 4902 supplicem
2405 4835 2672 4890 adductis.

2008 4922 2139 4988 Quae
2177 4926 2505 4991 testimonia,
2557 4927 2682 4983 licet
2716 4929 2781 4980 ad
2812 4928 3189 4983 vindicandam
3224 4932 3507 4986 veritatem

1939 5015 2230 5081 sulliciant,
2268 5032 2372 5070 non
2405 5017 2639 5072 alienum
2682 5020 2785 5072 erit
2820 5022 2887 5073 ad
2939 5023 3244 5078 traditionis
3275 5024 3510 5093 antiqua:

1937 5114 2137 5168 seriem
2182 5115 2679 5183 comprobandum,
2717 5116 2961 5172 Adonem
3011 5118 3371 5175 Viennensem
3403 5133 3511 5177 tes-

1941 5216 2045 5261 tem
2072 5203 2294 5259 laudare
2318 5221 2334 5270 ;
2373 5205 2527 5272 cujus
2550 5208 2660 5260 lucc
2692 5220 2819 5262 sunt
2847 5211 3009 5265 verba
3043 5213 3094 5264 in
3123 5210 3511 5284 Martyrologio

1939 5312 1991 5350 tv
2026 5294 2155 5350 Καὶ.
2203 5294 2500 5350 Januarii:
2553 5298 2707 5365 Apud
2754 5299 3044 5364 Arelatem,
3093 5304 3286 5356 natalis
3334 5306 3507 5358 sancti

1941 5388 2211 5457 Trapltimi
2240 5389 2901 5460 episconictcanfeswris,
2950 5394 3199 5460 discipuli
3241 5396 3511 5454 apostolo-

1938 5497 2056 5534 rum
2095 5478 2237 5533 Petri
2262 5492 2310 5534 et
2356 5479 2541 5536 Pauli.
2590 5480 2735 5538 ldetn
2771 5487 2992 5538 uberius
3020 5486 3071 5537 in
3107 5486 3289 5540 libello
3330 5489 3397 5540 de
3433 5487 3517 5540 fe-

1938 5572 2276 5629 stivitatibus
2304 5573 2695 5641 apostolorum.
2730 5573 2947 5628 Natalis
2996 5578 3164 5629 sancti
3197 5576 3469 5643 Tro’iltimi
3491 5617 3509 5644 ,

1938 5665 2123 5735 dequo
2153 5665 2333 5719 scribit
2376 5665 2658 5734 Apostolus
2705 5667 2774 5718 ad
2829 5666 3155 5721 Timotheum
3182 5683 3201 5721 .'
3234 5688 3252 5721 ι
3290 5664 3513 5739 Τνοριιὶο

1938 5774 2080 5812 munt
2104 5770 2279 5811 autem
2322 5757 2505 5816 reliqui
2535 5757 2803 5821 inﬁrmum
2832 5756 3031 5814 lli/eti.
3065 5779 3085 5813 ο
3129 5759 3231 5816 llic
3282 5760 3346 5814 ab
3385 5776 3515 5829 apo-
