3972 6484
524 357 595 411 39
1836 353 2042 408 PETRI
2084 353 2170 409 DE
2210 350 2444 407 MARCA
3709 343 3776 399 ιο

523 476 673 533 stolis
709 474 891 530 Ite-mm
921 474 1192 527 ordinatus
1223 475 1512 541 cpiscopus,
1556 475 1756 540 primus
1794 475 1866 526 ad
1920 473 2110 526 Arela—
2214 488 2337 525 cum
2372 470 2538 526 Paulo
2568 471 2895 541 proconsule
2947 471 3161 534 miscet,
3216 468 3574 533 eamdemque
3623 464 3774 524 facit,

523 581 623 624 tem
649 569 827 622 urbem
849 564 1043 620 Gallia:
1069 567 1133 618 ob
1183 565 1380 619 Christi
1425 563 1770 634 Erangetium
1805 564 2100 634 pradican-

522 663 649 713 dum
683 658 914 710 directus
951 664 1028 709 est
1053 669 1073 707 :
1130 671 1196 708 ex
1229 656 1382 724 cujus
1439 653 1602 724 fonte,
1656 665 1710 708 ut
1745 656 1924 708 beatus
1959 671 2099 722 papa

521 747 766 804 Zosimus
799 745 998 804 scribit,
1027 751 1150 797 totw
1177 741 1364 797 Callia:
1389 743 1513 812 ﬁdei
1565 745 1705 798 rivos
1731 755 2044 812 acceperunt
2077 759 2099 799 .°

521 841 614 910 qui
639 838 780 904 apud
809 837 1043 889 eamdem
1075 836 1253 888 urbem
1293 835 1349 887 in
1378 851 1505 903 pace
1531 836 1749 905 quievit.

593 928 794 983 Errare
825 923 1074 994 Gregorii
1109 923 1446 978 Turonensis
1478 924 1528 976 in
1565 922 1933 992 consignanda
1961 921 2097 978 Tro-

525 1021 692 1090 phimi
729 1019 935 1087 epocha
987 1017 1298 1084 dispuncto,
1332 1027 1390 1068 re
1424 1013 1850 1083 impetrabiliore
1880 1025 2101 1068 utemur

524 1111 578 1166 in
614 1107 891 1180 probanda
921 1105 1117 1160 similis
1143 1105 1388 1173 ejusdem
1430 1105 1672 1157 auctoris
1715 1103 2101 1158 ballucinatio-

523 1203 610 1256 nis
651 1200 1040 1254 confutationc.
1092 1195 1320 1251 Paulum
1375 1194 1786 1250 Narbonensem
1838 1197 1903 1250 ad
1955 1197 2097 1251 Decii

522 1302 765 1362 tempora
785 1290 1086 1360 Gregorius
1119 1289 1330 1358 dejicit.
1361 1288 1461 1342 Cui
1498 1302 1832 1358 opponemns
1856 1288 2097 1360 locuple-

523 1385 793 1439 tissimum
823 1380 1192 1437 teSIimonium
1241 1380 1598 1434 vetustissimi
1645 1377 2010 1450 Martyrolosii
2065 1394 2096 1435 a

522 1474 828 1544 Rosweydo
857 1471 1011 1534 editi,
1040 1486 1148 1540 quo
1183 1469 1426 1524 Ecclesia
1458 1468 1699 1524 Romana
1733 1471 1875 1525 inter
1899 1471 2098 1525 solem-

521 1582 620 1621 nes
673 1570 809 1620 ritns
854 1565 1127 1627 utebatur,
1180 1573 1319 1617 teste
1357 1561 1618 1632 Gregorio
1647 1561 1838 1633 Magno
1880 1563 1971 1618 lib.
2003 1577 2094 1627 vn,

519 1658 683 1726 epist.
715 1655 807 1710 ἓξ).
845 1652 1212 1724 blartyrologii
1257 1653 1401 1708 illius
1437 1654 1550 1708 haec
1573 1663 1700 1708 sunt
1729 1655 1891 1708 verba
1927 1655 1994 1709 ad
2040 1670 2095 1709 xt

520 1747 640 1804 Kal.
671 1745 874 1816 Aprilis
904 1761 920 1798 :
963 1744 1256 1807 Narbonaz,
1296 1744 1469 1797 sancti
1503 1741 1666 1797 Pauli
1695 1747 1962 1815 episcopi,
2013 1745 2098 1798 di-

520 1840 709 1907 scipuli
733 1835 1111 1907 apostolorum.
1155 1835 1232 1889 En
1262 1835 1486 1890 Paulum
1520 1839 1834 1907 episcopum
1883 1836 2092 1892 Narbo-

523 1948 771 1998 nensem,
803 1929 1128 1998 discipulum
1176 1928 1584 1996 apostolorum,‘
1609 1930 1662 1983 id
1711 1939 1794 1990 est
1849 1931 1918 1984 ab
1963 1931 2096 2001 ipsis

522 2024 783 2094 apostolis
824 2023 1197 2079 Christianam
1229 2019 1390 2074 [idem
1449 2023 1721 2076 edoctum.
1774 2022 1947 2077 Causa
2001 2039 2094 2078 ca-

521 2116 669 2178 dam,
701 2113 802 2166 nisi
839 2121 1096 2166 constans
1127 2112 1202 2165 sit
1231 2112 1283 2164 in
1315 2111 1503 2165 eodem
1530 2109 1915 2181 Martyrologio
1946 2113 2093 2166 verbi

522 2208 666 2262 illius
696 2222 858 2274 quam
887 2206 1143 2276 pr0posui
1196 2203 1570 2273 significatio;
1627 2221 1746 2276 qua:
1795 2207 1899 2260 alia
1948 2215 2097 2260 certe

521 2314 642 2352 esse
675 2314 780 2351 non
805 2306 982 2366 potest
1023 2296 1180 2364 juxta
1220 2297 1500 2367 proprium
1553 2297 1810 2352 dictionis
1851 2312 2092 2351 sensum.

521 2387 774 2443 Referam
809 2387 948 2449 loca,
980 2403 1046 2441 ex
1081 2387 1278 2456 quibus
1318 2388 1433 2444 haec
1467 2388 1786 2456 significatio
1813 2387 1963 2440 verbi
1993 2387 2094 2440 ad-

521 2482 772 2536 struitur.
812 2478 990 2534 Pridie
1032 2477 1218 2534 Nonas
1242 2478 1514 2534 Januarii.
1545 2479 1700 2546 Apud
1722 2479 1956 2542 Cretam,
1989 2477 2093 2532 Titi

521 2572 878 2640 apostolorum
904 2572 1150 2640 discipuli
1193 2587 1255 2628 ιιι
1301 2570 1428 2625 Kal.
1459 2569 1611 2624 Maii.
1640 2571 1791 2633 Apud
1828 2569 2128 2636 Papinum.

523 2665 735 2736 Tycliici
781 2665 1137 2731 apostolorum
1174 2664 1440 2731 discipuli.
1477 2678 1550 2718 vn
1620 2660 1888 2716 Kalendas
1918 2661 2091 2716 Junii.

521 2757 675 2824 Apud
707 2757 959 2822 Athenas,
986 2757 1247 2820 Quadrati
1272 2755 1630 2822 apostolorum
1665 2755 1932 2823 discipuli.
1967 2753 2094 2808 Pii-

520 2849 606 2901 die
634 2847 818 2901 Nonas
846 2849 1092 2917 Augusti.
1149 2845 1444 2900 Aristarchi
1462 2847 1704 2913 discipuli
1717 2847 2092 2915 apostolorum.

523 2956 574 2994 tv
613 2938 738 2992 Kal.
771 2941 1090 2994 Decembris.
1155 2937 1426 2993 Sostltenis
1450 2938 1690 3007 discipuli
1717 2938 2092 3006 apostolorum.

529 3046 584 3084 vt
635 3029 902 3085 Kalendas
943 3029 1220 3084 Januarii.
1255 3029 1525 3098 Trophimi
1567 3030 1818 3099 episcopi,
1851 3029 2096 3099 discipuli

520 3121 878 3191 apostolorum
921 3121 1098 3188 Quare
1129 3121 1332 3175 diserta
1367 3129 1472 3184 est,
1499 3120 1708 3184 utdixi,
1731 3119 2094 3188 Martyrol03ii
2126 3151 2167 3205 Ο

532 3215 736 3268 veteris
767 3214 992 3268 Romani
1031 3213 1267 3277 testatio,
1292 3212 1361 3267 ad
1403 3211 1673 3281 figendum
1700 3211 1848 3265 Pauli
1888 3209 2097 3266 Narbo—

521 3307 707 3359 nensis
739 3307 1107 3375 episcopatum
1158 3306 1210 3359 in
1268 3304 1400 3374 ipsis
1430 3303 1796 3374 apostolorum
1833 3303 2096 3373 tempori-

522 3396 644 3462 bus,
696 3396 945 3464 quamvis
996 3396 1278 3466 Trophimi
1335 3395 1653 3464 episcopatu
1709 3395 2094 3463 posteriorem.

521 3485 950 3539 Celeberrimum
985 3486 1207 3554 quidem
1258 3483 1399 3552 apud
1425 3483 1678 3551 antiquos
1736 3479 1907 3535 fuisse
1943 3479 2095 3533 Pauli

522 3578 684 3647 hujus
722 3592 938 3641 nomen,
962 3579 1119 3633 docet
1149 3575 1480 3631 Prudentius
1510 3575 1563 3629 in
1598 3573 1926 3643 Martyribus
1972 3571 2094 3626 Ca:-

519 3665 924 3732 saraugustanis
951 3680 971 3720 :

595 3757 829 3813 Barcino
861 3760 1006 3812 claro
1043 3756 1302 3828 Cucufate
1333 3759 1472 3829 {ulta

593 3849 801 3920 surget,
834 3862 880 3904 et
914 3851 1085 3904 Paulo
1105 3852 1342 3921 speciosa
1376 3851 1578 3905 Narbo.

522 3940 630 3997 Sed
659 3941 912 4012 temporis
938 3941 1120 3995 veram
1153 3942 1620 4012 consignationem
1676 3955 1743 3996 ex
1785 3939 2095 3994 testimonio

521 4034 894 4088 vetustissimo
927 4035 1185 4088 Romanae
1221 4031 1478 4088 Ecclesia:
1507 4048 1670 4102 supra
1702 4033 1920 4087 laudato
1959 4032 2095 4085 hau~

524 4124 634 4177 rire
680 4125 960 4180 debemus.
1003 4122 1046 4178 Τ
1053 4123 1338 4177 raditionis
1384 4139 1515 4178 vero
1552 4125 1722 4178 series
1755 4127 1981 4192 petenda
2011 4131 2095 4178 est

523 4223 632 4266 tum
656 4228 720 4266 ex
750 4211 1015 4276 Usuardo,
1039 4225 1091 4266 et
1118 4228 1180 4265 ex
1200 4212 1350 4266 Actis
1368 4214 1492 4266 vita:
1519 4213 1663 4266 Pauli
1691 4212 2092 4277 Narbonensis;

523 4312 635 4356 tum
660 4303 826 4355 etiam
856 4317 920 4356 ex
974 4303 1182 4356 Adonis
1209 4303 1591 4372 Martyrologio
1615 4344 1630 4368 ,
1668 4311 1830 4372 atque
1859 4317 1924 4356 ex
1951 4303 2096 4370 ejus-

520 4399 640 4450 dem
677 4396 858 4451 lihello
902 4398 969 4450 de
1020 4394 1415 4450 festivitatibus
1479 4395 1884 4464 apostolorum;
1942 4394 2095 4463 cujus

2202 563 2466 618 Prteterea
2502 564 2660 618 docet
2685 564 2736 617 in
2773 563 3117 633 possessione
3169 561 3512 629 episcopatus
3556 557 3777 612 institn-

2199 663 2315 710 tum
2353 668 2382 706 a
2419 651 2587 708 Paulo
2635 651 2878 722 apostolo
2923 651 2975 706 in
3013 648 3326 720 Hispaniam
3375 651 3774 720 proficiscente.

2201 745 2331 813 Quae
2363 745 2581 813 quidem
2607 746 2903 812 prudenter
2929 744 3048 796 Ado
3083 758 3187 796 non
3221 743 3458 797 asseruit
3501 748 3561 795 ut.
3601 751 3776 802 certa,

2200 837 2293 890 sed
2321 846 2374 888 ut
2401 833 2541 889 fama
2588 833 2883 888 vetustiore
2915 843 3173 900 recepta:
3232 832 3390 901 cujus
3441 830 3792 884 narrationis

2201 937 2454 981 auctores
2477 925 2717 988 Braulio,
2748 923 3017 988 Leander,
3050 921 3326 986 Julianus,
3358 933 3413 976 et
3441 921 3530 974 alii
3564 929 3778 974 veteres

2200 1019 2494 1084 scriptores
2520 1013 2738 1082 lliSpani
2765 1014 3120 1082 proferuntur
3151 1014 3203 1067 in
3255 1012 3455 1068 litteris
3504 1013 3774 1081 Stephani

2200 1122 2350 1176 papa:
2377 1108 2536 1162 editis
2567 1125 2594 1159 a
2617 1108 2750 1162 viris
2779 1105 3104 1160 clarissimis
3151 1113 3205 1158 et
3227 1105 3613 1160 eruditissimis
3640 1104 3774 1160 Gni-

2202 1197 2384 1251 lielmo
2413 1196 2636 1260 Catelle,
2671 1206 2924 1250 senatore
2955 1194 3246 1260 Tolosano,
3273 1205 3326 1249 et
3360 1194 3606 1264 Philippo
3633 1193 3773 1249 Lab-

2199 1288 2337 1353 baeo,
2363 1287 2651 1342 Societatis
2679 1287 2805 1342 Jesu
2855 1288 3204 1356 presbytero;
3234 1301 3460 1355 quarum
3498 1284 3778 1353 exemplar

2204 1388 2384 1433 exstat
2415 1380 2578 1433 etiam
2613 1379 2668 1433 in
2717 1377 2956 1432 archivis
2985 1376 3244 1432 Ecclesia:
3301 1376 3732 1430 Tarraconensis
3758 1414 3773 1440 ,

2198 1483 2536 1539 quarumque
2587 1468 2743 1522 ﬁdem
2790 1477 2845 1522 et
2876 1467 3194 1521 sententiam
3219 1466 3576 1535 expendimus
3604 1466 3659 1519 in
3685 1480 3775 1520 se-

2199 1559 2372 1612 cunde
2413 1557 2648 1612 editione
2675 1557 2794 1610 libri
2823 1556 2993 1610 nostri
3025 1557 3098 1610 De
3129 1555 3462 1624 primatibus.

2268 1649 2424 1716 Quod
2451 1651 2646 1704 attinet
2673 1650 2740 1703 ad
2785 1647 3086 1703 Martialem
3108 1687 3123 1715 ,
3173 1648 3303 1702 illud
3336 1663 3502 1700 unum
3539 1647 3775 1702 habetur

2197 1739 2250 1796 in
2281 1739 2682 1811 Martyrologiis
2735 1737 3032 1802 veteribus,
3085 1752 3210 1791 eum
3259 1734 3560 1790 Lemovica:
3605 1735 3776 1791 fuisse

2129 1817 2170 1872 Β
2199 1833 2537 1903 episcOpunt.
2589 1829 2974 1885 Verumtamen
3034 1829 3256 1898 antiqua
3290 1827 3405 1897 ejus
3438 1827 3560 1882 vita:
3597 1829 3730 1881 Acta
3754 1866 3770 1890 ,

2199 1939 2364 1976 unum
2396 1921 2563 1976 fuisse
2595 1933 2626 1974 e
2668 1933 2773 1973 ιιι
2839 1917 3117 1988 discipulis
3167 1916 3413 1980 Domini,
3455 1925 3510 1970 et
3551 1932 3580 1969 a
3613 1913 3776 1970 Petro

2199 2015 2447 2084 apostolo
2475 2013 2542 2067 ad
2583 2012 2882 2080 Aquitanos
2914 2011 3139 2064 missum
3176 2007 3407 2073 docent;
3439 2023 3604 2077 quam
3659 2017 3773 2062 tra-

2197 2109 2457 2164 ditionem
2484 2105 2729 2175 amplexa
2761 2113 2847 2158 est
2892 2103 3132 2174 synodus
3176 2101 3584 2155 Letnovicensis
3631 2104 3775 2154 anno

2200 2197 2339 2254 1054
2372 2197 2425 2251 in
2457 2193 2854 2264 disceptatione
2894 2206 3016 2261 qua:
3065 2193 3133 2246 de
3171 2190 3432 2246 Martialis
3468 2192 3771 2260 apostolatu

2197 2291 2251 2345 in
2275 2288 2464 2345 Galliis
2495 2288 2678 2342 habita
2705 2294 2807 2342 est.

2271 2381 2512 2452 Dionysii
2549 2379 2871 2436 Parisiensis
2894 2379 3142 2435 succedit
3172 2389 3367 2434 vexata
3391 2379 3774 2449 disputationi-

2197 2477 2298 2530 bus
2329 2474 2778 2544 gravissimorum
2828 2475 3069 2528 virorum
3098 2474 3307 2543 epocba
3339 2489 3353 2526 :
3392 2473 3475 2526 his
3499 2475 3774 2527 stantibus

2196 2578 2225 2615 a
2260 2561 2540 2629 Gregorio,
2573 2570 2630 2616 et
2679 2563 2745 2615 ad
2787 2561 2934 2615 Decii
2967 2571 3208 2631 tempora
3260 2562 3562 2616 antistitem
3618 2563 3770 2616 illum

2196 2654 2629 2716 detrudentihus,
2657 2667 2764 2722 quo
2811 2668 2935 2723 spes
2969 2654 3148 2708 omnis
3180 2653 3544 2709 Parisiensem
3572 2654 3775 2725 Diony-

2196 2743 2334 2798 sium
2364 2759 2484 2797 cum
2514 2746 2842 2815 Arcopagita
2886 2745 3245 2816 permiscendi
3283 2745 3678 2801 abscindatur:
3715 2747 3775 2800 il-

2198 2834 2266 2888 lis
2291 2849 2447 2900 vero,
2480 2835 2753 2888 contrario
2775 2838 3076 2906 proposito,
3105 2835 3172 2889 ad
3207 2835 3541 2890 Clementem
3572 2835 3776 2890 [ionia-

2199 2942 2325 2983 num
2350 2927 2467 2996 ejus
2495 2927 2806 2981 missionem
2841 2927 3221 2982 referentibus.
3252 2926 3398 2980 Sane
3427 2941 3457 2980 a
3487 2925 3775 2982 Clemente

2199 3022 2250 3075 in
2275 3020 2479 3074 Gallias
2505 3019 2818 3091 Dionysium
2849 3019 3073 3074 missum
3110 3017 3295 3084 fuisse,
3322 3017 3462 3072 Beda
3480 3029 3534 3074 et
3564 3018 3776 3074 Usuar-

2200 3114 2298 3164 11113
2326 3112 2524 3166 docent
2550 3111 2603 3165 in
2625 3111 2739 3166 suis
2760 3109 3158 3182 Martyrologiis
3183 3129 3197 3165 :
3227 3125 3388 3180 quam
3421 3109 3774 3166 traditionem

2201 3214 2294 3254 eos
2328 3203 2574 3258 hausisse
2599 3213 2804 3258 certum
2845 3214 2928 3258 est
2953 3219 3018 3258 ex
3050 3202 3195 3256 Actis
3242 3202 3484 3272 antiquis
3529 3201 3668 3259 Vitae
3710 3203 3773 3256 s.

2199 3297 2487 3368 Dionysii,
2544 3311 2664 3366 qum
2709 3297 2910 3351 dudum
2961 3311 3029 3350 ex
3081 3311 3208 3350 mss.
3269 3295 3552 3350 codicibus
3604 3293 3780 3349 edidit

2199 3391 2266 3448 ν.
2289 3391 2350 3446 C.
2381 3401 2436 3444 et
2469 3390 2872 3446 eruditissimus
2926 3389 3250 3444 Franciseus
3280 3388 3603 3458 Bosquetns,
3631 3403 3779 3443 nunc

2202 3478 2589 3532 meritissimus
2618 3479 2908 3546 episcopus
2933 3477 3189 3531 Ecclesiae
3211 3476 3645 3546 Monspeliensis.
3674 3477 3780 3531 No-

2200 3583 2323 3622 men
2349 3569 2586 3623 auctoris
2631 3567 2777 3622 illius
2814 3565 2950 3621 Vita:
2983 3564 3308 3635 deprehendi
3358 3568 3410 3622 in
3445 3568 3638 3624 codice
3671 3585 3777 3624 ms.

2199 3656 2532 3713 Turonensis
2562 3658 2841 3725 Ecclesiae,
2888 3660 2981 3728 qui
3043 3658 3423 3728 complectitur
3457 3657 3607 3714 Vitas
3643 3675 3778 3714 san-

2198 3762 2408 3806 etorum
2433 3750 2637 3819 aliquot
2669 3768 2697 3803 a
2731 3750 3029 3806 Fortunato
3057 3751 3385 3820 descriptas,
3409 3762 3465 3805 et
3498 3753 3640 3806 inter
3671 3768 3783 3806 cte-

2198 3852 2369 3906 teras,
2410 3842 2647 3912 Dionysii
2677 3841 3002 3897 Parisiensis
3044 3844 3188 3897 illam
3219 3858 3338 3912 qua:
3371 3842 3518 3910 jam,
3555 3853 3613 3897 ut
3637 3843 3780 3911 dixi,

2197 3936 2342 3991 edita
2374 3946 2456 3990 est
2491 3936 2543 3988 in
2580 3935 2878 4005 publicum.
2929 3936 3198 3990 Habemus
3251 3951 3380 4003 ergo
3409 3936 3780 3992 Fortunatum

2203 4027 2581 4083 Pictavensetn
2617 4029 2929 4096 epiSt-Opum
2951 4069 2966 4094 ,
2998 4029 3262 4096 aequalem
3299 4027 3543 4098 Gregorii
3601 4029 3784 4084 Tur:-

2200 4120 2406 4185 nensis,
2430 4119 2516 4188 qui
2547 4119 3132 4190 DionysiiParisiensis
3157 4120 3502 4190 epochamad
3531 4129 3780 4189 tempora

2199 4212 2492 4268 Clementis
2520 4212 2770 4266 retrahit.
2800 4210 2975 4278 Quam
3031 4212 3360 4266 sententiam
3420 4213 3594 4266 secuti
3650 4225 3786 4270 sunt

2197 4305 2435 4376 episcopi
2464 4307 2758 4361 Galliarum
2793 4309 2848 4362 in
2884 4308 3108 4378 epistola
3141 4309 3207 4362 ad
3247 4309 3542 4379 Eugenium
3581 4325 3783 4380 papam

2200 4401 2400 4467 scripta
2430 4413 2574 4453 anno
2606 4399 2733 4465 82b,
2761 4415 2884 4470 qua;
2911 4401 3143 4455 habetur
3177 4402 3317 4468 apud
3365 4401 3660 4455 Baronium
3700 4420 3713 4455 :
3750 4418 3783 4456 a

525 4489 638 4543 [nec
660 4497 786 4542 sunt
818 4489 979 4542 verba
1013 4494 1080 4541 ad
1113 4489 1254 4541 diem
1293 4503 1343 4540 XI
1374 4486 1603 4542 Kalend.
1634 4486 1873 4554 Aprilis:
1917 4483 2094 4536 Nata-
2127 4485 2172 4540 D
2201 4489 2398 4557 quibus
2425 4487 2725 4544 Fortunato
2765 4500 2898 4544 teste
2931 4491 3065 4545 adeo
3114 4490 3385 4562 locuplete
3420 4490 3571 4548 fuitis
3601 4493 3785 4548 disce-

517 4577 582 4632 lis
604 4581 772 4632 sancti
805 4577 988 4644 Pauli,
1017 4594 1169 4648 quem
1194 4577 1332 4630 beati
1364 4578 1589 4644 apostoli
1637 4577 1948 4630 ordinatum
1979 4575 2095 4630 urbi

519 4668 791 4726 Narbona:
819 4673 1118 4740 episcopum
1173 4670 1451 4725 miserunt.
1496 4668 1664 4736 Quem
1701 4669 1918 4722 tradunt
1948 4685 2096 4722 eum-

517 4765 636 4816 dem
671 4766 839 4829 ipsum
871 4765 1036 4832 {uisse
1067 4762 1309 4832 Sergium
1346 4761 1573 4814 Paulum
1593 4760 1954 4830 proconsulem
1976 4801 1989 4824 ,
2020 4762 2096 4814 ui-

519 4870 634 4908 rum
661 4856 988 4921 prudentem,
1017 4871 1049 4907 a
1081 4870 1186 4925 quo
1229 4853 1338 4921 ipse
1375 4852 1579 4905 Paulus
1619 4854 1835 4906 sortitus
1883 4861 1958 4906 est
2001 4868 2096 4905 ηιμ

515 4962 654 5010 men,
689 4947 815 5014 quia
881 4963 998 4999 eum
1047 4947 1175 5013 fidei
1224 4945 1424 4999 Christi
1456 4943 1727 5012 subegerat
1754 4959 1774 4998 :
1807 4944 1999 5013 quique
2029 4943 2093 4996 ab

514 5039 694 5090 eodem
725 5051 908 5090 sancto
961 5038 1238 5104 apostolo,
1288 5050 1406 5087 cum
1456 5039 1522 5087 ad
1580 5033 1870 5102 Hispanias
1902 5035 2096 5102 pradi-

523 5131 684 5182 candi
722 5131 894 5198 gratia
942 5137 1195 5196 pergeret,
1230 5127 1370 5194 apud
1418 5127 1699 5195 praefatam
1723 5126 1900 5178 urbem
1937 5123 2094 5178 Nar-

514 5225 702 5276 bonam
732 5221 967 5285 relictus,
996 5219 1390 5288 prtedicationis
1419 5218 1584 5288 officio
1611 5233 1715 5270 non
1741 5218 1971 5286 segniter
2001 5217 2094 5269 im-

512 5312 676 5380 pleto,
704 5311 882 5364 clarus
915 5309 1189 5364 miraculis
1220 5317 1503 5361 coronatus
1533 5307 1808 5370 sepelitur.
1862 5305 1959 5362 Hic
1985 5308 2092 5361 duo

515 5407 763 5472 quaedam
792 5402 1130 5458 observanda
1161 5410 1310 5456 sunt.
1355 5402 1435 5455 Ac
1473 5403 1650 5470 primo
1679 5401 1919 5470 quidem,
1957 5399 2092 5453 Pau-

516 5496 627 5549 lum
656 5493 998 5550 Narbonensi
1031 5492 1292 5550 Ecclesia:
1323 5494 1642 5561 prtel'cctnm
1681 5491 1997 5560 episcopum
2025 5491 2093 5546 ab

519 5586 656 5656 ipsis
689 5587 1056 5656 apostolorum
1097 5584 1458 5656 temporibus,
1500 5583 1745 5640 absoluta
1800 5593 1884 5639 est
1905 5597 2092 5640 sueto-

514 5680 672 5739 ritas,
705 5691 828 5728 cum
859 5690 1044 5730 eorum
1073 5675 1370 5745 discipulus
1424 5675 1611 5741 fuerit,
1665 5686 1724 5730 ut
1771 5676 1903 5730 dixi.
1941 5675 2094 5730 Alte-

515 5784 636 5824 rum
669 5768 884 5837 respicit
919 5779 1158 5825 veterem
1217 5771 1418 5824 fatuam
1445 5811 1459 5838 ,
1511 5785 1631 5840 qua:
1667 5768 1888 5824 Paulum
1935 5771 2086 5826 illum

2198 4579 2346 4641 dere,
2375 4577 2646 4648 piaculum
2670 4593 2793 4634 esse
2822 4590 2973 4648 puto.

2270 4669 2344 4724 De
2380 4669 2700 4734 Saturnino,
2735 4670 2967 4726 Gatiano
2996 4680 3050 4724 et
3091 4669 3407 4726 Strcmonio
3454 4686 3582 4727 mox
3618 4687 3784 4743 agam

2198 4764 2454 4834 quoniam
2486 4763 2739 4832 specialis
2764 4764 2977 4817 illorum
3009 4770 3092 4816 est
3116 4778 3300 4817 causa.

2271 4853 2386 4908 Non
2423 4870 2508 4909 me
2540 4855 2694 4918 latet,
2726 4856 2857 4924 quid
2889 4857 3131 4919 eruditos
3165 4857 3312 4910 viros
3343 4853 3411 4908 ad
3458 4853 3783 4922 deprimen-

2197 4947 2321 5002 dam
2379 4946 2430 5000 in
2479 4948 2784 5018 posteriora
2834 4953 3077 5014 tempora
3137 4956 3345 5014 septem
3393 4948 3782 5014 episcoporum

2198 5038 2485 5106 epocham,
2515 5037 2680 5090 veluti
2731 5037 3040 5107 praecipites
3079 5039 3287 5106 egerit:
3323 5035 3514 5091 Severi
3557 5035 3786 5102 Sulpitii

2208 5142 2427 5197 nempe,
2453 5139 2617 5197 atque
2649 5127 2892 5197 Gregorii
2923 5126 3258 5182 Turonensis
3279 5127 3597 5181 auctoritas.
3630 5127 3785 5180 Scri-

2195 5220 2302 5289 psit
2328 5222 2416 5275 ille
2440 5263 2455 5288 ,
2503 5219 2612 5276 Sub
2646 5221 2858 5274 Aurelio
2883 5221 3149 5274 Antonino
3172 5221 3280 5274 visa
3305 5221 3532 5289 primum
3561 5221 3615 5273 in
3643 5218 3781 5274 σαι-

2198 5314 2287 5367 liis
2312 5315 2591 5386 martyrio,
2634 5313 2730 5367 Dei
2761 5313 3009 5384 religione
3046 5323 3190 5366 trans
3216 5312 3369 5379 Alpes
3395 5313 3576 5366 serius.
3598 5328 3782 5366 susce-

2195 5415 2305 5472 pta.
2360 5403 2513 5462 Unde
2567 5405 2767 5459 tabulis
2833 5405 3218 5459 ecclesiasticis
3281 5404 3439 5456 [idem
3503 5419 3610 5457 non
3685 5420 3778 5458 es-

2195 5511 2254 5550 se
2288 5496 2585 5550 habendam
2613 5497 2891 5566 colligunt.
2922 5511 3041 5564 qua:
3075 5495 3174 5547 sub
3205 5493 3529 5559 Domitiano,
3557 5493 3641 5548 vel
3674 5495 3779 5548 sub

2196 5587 2454 5658 Trojano,
2489 5598 2582 5641 ant
2608 5589 2851 5642 Adriano
2907 5602 3094 5656 passos
3147 5587 3366 5640 tradunt
3409 5587 3676 5655 quosdam
3706 5599 3775 5640 es

2195 5675 2467 5746 prioribus
2501 5677 2606 5730 illis
2659 5675 3030 5747 pontiﬁcibus.
3069 5673 3290 5728 Utinam
3339 5673 3659 5728 maluissent
3690 5675 3778 5728 iu-

2199 5767 2586 5836 terpretatione
2614 5783 2678 5823 ex
2739 5768 2872 5837 ipsis
2902 5765 3042 5835 juris
3075 5776 3130 5820 et
3165 5765 3441 5821 rhetorum
3493 5763 3790 5836 principiis
