3972 6484
229 383 269 439 ll

1536 389 1804 448 VALESII
1845 390 2235 446 PBEFATIO.

3451 396 3525 458 li

228 501 364 562 ducta,
393 497 706 555 Severum
737 517 881 558 cum
923 503 1192 576 diptychis
1223 506 1607 586 ecclesiasticis
1641 512 1694 564 in
1719 527 1850 590 con;
1875 519 1923 574 Α
1951 526 2055 568 non
2091 511 2270 577 debet,
2291 509 2419 580 quin
2451 506 2695 581 Gregorii
2719 517 2956 580 tempore
2979 511 3172 582 doplex
3203 512 3519 570 in‘valnisset

229 593 430 648 cordiam
468 593 848 662 adducere;
884 600 1071 668 generi
1100 599 1296 669 quippe
1345 615 1441 670 per
1470 603 1706 671 speciem
1739 604 1838 659 de-

231 695 434 754 rogatur,
472 696 542 739 ut
605 687 848 745 docent
875 691 1274 759 jurisconsulti.
1310 692 1387 748 De
1435 696 1712 765 martyriis
1749 711 1840 766 ge-

229 776 471 832 neralibus
526 776 824 848 loquitur
882 783 1160 846 Severus,
1196 783 1407 840 scilicet
1457 786 1524 840 de
1553 787 1698 842 cmde
1726 796 1836 842 tum

227 869 548 937 potuilicum,
603 882 741 925 tum
795 873 983 942 plebis
1038 874 1394 939 Christianae,
1430 893 1529 946 per
1577 879 1839 948 supplicia

227 972 698 1032 ronsumptorum,
748 977 814 1021 ut
850 969 1058 1022 accidit
1083 969 1133 1022 in
1179 970 1432 1026 Ecclesiis
1459 971 1750 1027 Viennensi
1786 981 1839 1027 et

227 1047 549 1120 Lugduncusi
596 1053 719 1108 sub
761 1055 1090 1121 Antonino,
1126 1073 1232 1128 quo
1285 1059 1458 1114 solum
1515 1063 1841 1131 respiciebat

227 1143 460 1202 Severus;
495 1144 594 1196 cui
637 1145 806 1199 cladi
851 1149 1055 1202 similis
1091 1159 1213 1203 ante
1260 1150 1401 1205 nulla
1433 1155 1736 1221 contigerat
1783 1156 1837 1210 in

227 1234 399 1290 Galliis.
437 1234 611 1301 Quod
664 1247 880 1292 tamen
938 1257 1041 1296 non
1073 1244 1292 1312 impedit
1331 1245 1459 1313 quin
1503 1247 1712 1315 priores
1741 1249 1840 1302 ali-

228 1335 328 1392 quot
348 1325 606 1395 episcopi
643 1343 762 1396 pro
790 1327 1028 1384 Christo
1066 1343 1292 1386 mortem
1333 1333 1589 1401 obierint,
1632 1339 1839 1407 absque

228 1417 306 1494 ulla
335 1428 519 1472 tamen
562 1421 848 1488 generali
894 1423 1065 1490 plebis
1084 1425 1408 1481 Christiana:
1442 1438 1642 1498 strage,
1667 1439 1724 1484 ut
1755 1431 1838 1484 fa-

225 1520 338 1562 ctum
362 1518 563 1577 postea
588 1515 708 1565 sub
745 1511 950 1579 Decio,
974 1515 1062 1584 qui
1093 1515 1236 1573 solos
1267 1516 1318 1570 in
1350 1517 1636 1587 episcopos
1663 1520 1839 1574 anim-

223 1601 535 1655 advertebat.
558 1601 783 1672 Neque
814 1621 958 1661 vero
985 1610 1230 1678 sequitur
1255 1624 1469 1666 errasse
1497 1611 1752 1667 Severum
1783 1615 1836 1668 in

221 1696 538 1762 perterenda
618 1713 830 1753 rerum
886 1701 1062 1765 serie,
1119 1717 1240 1755 cum
1301 1717 1398 1770 per
1457 1707 1836 1776 compendium

220 1801 405 1841 summa
435 1789 680 1844 illarum
717 1791 921 1860 capita
956 1793 1234 1861 attigerit,
1265 1811 1441 1865 neque
1472 1799 1524 1850 in
1555 1813 1616 1853 se
1655 1814 1841 1856 susce-

1949 603 2225 673 opinio,et
2252 604 2384 672 quin
2416 612 2647 672 utraque
2681 603 2795 658 sola
2825 603 3088 658 relatione
3111 604 3395 661 niteretur.
3425 607 3521 662 Al-

1949 705 2060 750 tera
2098 705 2184 749 est
2206 711 2366 765 quam
2398 698 2645 768 sequitur
2673 695 2965 768 Gregorius
2997 697 3100 752 hoc
3131 697 3269 759 loco.
3299 713 3514 766 passum

1945 800 2068 839 esse
2115 783 2464 839 Saturninum
2517 785 2664 840 Decii
2692 784 2998 839 consulatu.
3030 782 3162 839 Illud
3204 795 3383 840 autem
3423 799 3519 838 au-

1947 881 2067 928 ctor
2089 871 2156 926 ab
2186 887 2251 927 eo
2273 872 2522 928 laudatus
2544 873 2744 937 hausit,
2763 889 2867 928 non
2887 888 2950 928 ex
2980 875 3210 930 vetustis
3239 874 3516 930 Saturnini

1946 962 2212 1032 passionis
2247 963 2414 1027 Actis,
2449 965 2541 1019 sed
2571 979 2635 1018 ex
2665 963 2812 1032 ﬁdeli
2843 965 3221 1032 recordatione,
3255 975 3312 1020 ut
3341 967 3518 1035 loqui-

1948 1064 2056 1108 tur.
2100 1053 2322 1110 Vetusta
2352 1057 2492 1110 enim
2521 1057 2786 1126 passionis
2811 1057 2964 1124 Acta,
2999 1057 3086 1112 vel
3119 1073 3214 1128 per
3251 1058 3518 1118 incuriam

1949 1154 2191 1215 tempore
2222 1145 2312 1200 illo
2340 1147 2541 1215 scripta
2585 1160 2691 1200 non
2739 1147 2976 1212 fuerant,
3006 1148 3089 1202 vel
3123 1162 3190 1204 ex
3226 1148 3518 1218 praesidum

1949 1238 2168 1292 decreto
2231 1238 2563 1308 temporibus
2593 1236 2744 1293 Decii
2801 1239 2922 1309 igne
2974 1241 3289 1308 perierant;
3339 1251 3398 1295 ut
3452 1241 3519 1295 de

1947 1330 2098 1384 Actis
2122 1339 2416 1401 martyrum
2444 1330 2769 1401 generaliter
2799 1339 3025 1385 testatur
3047 1333 3393 1389 Prudentius.
3421 1332 3520 1387 Al-

1949 1432 2063 1478 tera
2101 1424 2398 1488 sententia,
2445 1436 2540 1477 sua
2596 1438 2810 1492 quoque
2854 1424 3121 1478 relatione
3172 1424 3302 1479 l'nlta
3341 1424 3520 1494 (cujus

1949 1515 2106 1570 testis
2124 1515 2236 1584 ipse
2263 1515 2449 1585 Greg.,
2472 1515 2561 1569 lib.
2589 1518 2698 1579 t,'c.
2723 1514 2816 1579 48,
2839 1515 2911 1570 De
2933 1515 3242 1584 miraculis),
3269 1515 3521 1570 tradebat

1947 1605 2170 1660 missum
2203 1606 2554 1660 Saturninum
2573 1623 2600 1658 ει
2624 1606 2902 1677 discipulis
2926 1607 3308 1675 apostolorum,
3332 1607 3382 1660 id
3410 1617 3515 1673 est,

1947 1696 2067 1766 plus
2101 1713 2263 1768 quam
2303 1708 2518 1753 centum
2548 1708 2602 1753 et
2629 1699 3024 1768 quinquaginta
3067 1698 3226 1752 annis
3249 1700 3386 1767 iante
3416 1698 3520 1753 De-

1948 1789 2115 1844 cium.
2166 1791 2316 1845 Adeo
2348 1799 2407 1844 ut
2461 1792 2512 1844 in
2557 1791 2778 1859 ancipiti
2827 1790 3020 1858 positis
3044 1831 3058 1855 ,
3089 1791 3248 1844 liceat
3274 1789 3516 1845 ultimam

217 1880 352 1948 perit,
389 1881 660 1952 origines
695 1884 1091 1940 Ecclesiarum
1121 1886 1544 1958 Gallicanarum,
1565 1907 1702 1960 quas
1725 1908 1837 1948 om-

1945 1878 2188 1948 Gregorii
2220 1880 2544 1935 sententiam
2585 1881 2775 1950 sequi,
2806 1896 2924 1952 quae
2945 1887 3185 1936 conteret
3217 1881 3387 1950 priori
3443 1880 3519 1935 illi

217 1971 323 2025 nino
367 1972 628 2028 intactas
692 1975 980 2044 reliquit,
1015 1986 1069 2032 et
1126 1976 1464 2048 singulorum
1521 1982 1840 2048 pontiﬁcum

213 2076 418 2120 eventus
455 2066 737 2122 tradere.
781 2068 948 2133 Quod
971 2076 1148 2122 autem
1172 2070 1470 2140 subjnngit,
1500 2073 1668 2126 serius
1689 2081 1841 2128 lrans

211 2155 346 2220 Alpes
370 2169 709 2227 susceptam
759 2159 1102 2228 religionem,
1125 2174 1313 2214 verum
1347 2171 1450 2223 est,
1483 2162 1664 2216 habita
1694 2178 1840 2218 com-

209 2247 478 2314 paratione
506 2248 790 2316 partium
827 2246 1224 2312 Orientalium,
1263 2258 1426 2318 atque
1458 2250 1628 2314 ipsius
1654 2249 1837 2317 ltalite,
1871 2278 1878 2286 -

210 2353 311 2407 quae
360 2340 522 2409 prius
557 2341 802 2395 imbuta
862 2349 952 2394 est
1001 2339 1246 2394 doctrina
1299 2339 1455 2404 ﬁdei,
1485 2351 1540 2398 et
1591 2341 1839 2398 fortassis

209 2445 314 2484 cum
336 2432 599 2485 nheriori
633 2441 700 2486 et
734 2430 988 2486 faciliori
1020 2441 1280 2502 proventu
1329 2448 1493 2502 quam
1522 2434 1577 2489 in
1625 2432 1835 2504 Galliis,

207 2524 480 2595 gentilium
509 2523 1011 2594 superstitionum
1046 2525 1519 2580 retinentioribus.

267 2620 504 2687 Depnlsa
540 2634 615 2674 ex
680 2617 908 2674 Severo
959 2624 1128 2689 petita
1177 2621 1425 2677 machina
1455 2661 1470 2684 ,
1507 2620 1665 2677 liberi
1716 2636 1838 2678 esse

202 2723 485 2776 passamus
517 2727 552 2764 a
595 2718 762 2764 metu
793 2711 1072 2782 Gregorii.
1101 2714 1270 2769 Docet
1295 2713 1411 2782 ipse
1437 2713 1541 2766 duo
1567 2714 1836 2782 quaedam,

202 2796 291 2850 lib.
322 2814 337 2852 ι
406 2798 598 2864 Ilist.,
641 2815 782 2868 cap.
819 2800 895 2853 30
930 2819 944 2854 :
978 2801 1230 2866 alterum,
1265 2811 1472 2872 septem
1495 2801 1615 2858 illos
1661 2804 1837 2860 socios

203 2891 384 2945 eodem
421 2902 698 2962 tempore
736 2892 798 2946 in
829 2891 1044 2948 Gallias
1077 2893 1409 2964 pervenisse,
1440 2892 1714 2952 Ecclesias
1745 2909 1836 2951 se-

205 2991 344 3051 ptem
395 2984 466 3037 ab
525 2999 600 3038 eo
658 2993 1140 3038 commemoratas
1183 2983 1402 3053 'primos
1463 2986 1833 3052 constituisse;

208 3074 432 3130 alterum
480 3090 633 3130 vero
671 3115 688 3139 ,
750 3076 957 3130 horum
1020 3076 1309 3130 adventum
1374 3076 1715 3134 referendum
1768 3081 1835 3136 ad

212 3176 448 3237 tempora
486 3169 836 3223 consulatui
873 3167 1026 3222 Decii
1058 3176 1114 3222 et
1163 3167 1316 3224 Grati
1351 3169 1551 3237 vicina,
1579 3171 1631 3224 id
1653 3180 1736 3226 est
1768 3171 1834 3226 ad

214 3273 408 3314 annum
443 3259 586 3326 250,
627 3271 736 3313 aut
775 3259 1026 3314 circiter.
1077 3260 1205 3326 Qua:
1250 3262 1496 3316 narratio
1548 3261 1836 3318 manifeste

218 3363 412 3421 pugnat
445 3367 582 3408 cum
648 3351 902 3414 lrenaeo,
941 3350 1036 3420 qui
1065 3351 1344 3422 sexaginta
1385 3361 1442 3407 et
1472 3352 1705 3422 amplius
1738 3367 1835 3406 an—

220 3443 298 3496 nis
329 3454 457 3499 ante
490 3443 659 3497 hunc
689 3441 1053 3498 consulatum
1081 3441 1446 3496 Ecclesiarum
1475 3443 1617 3513 apud
1655 3441 1835 3498 Celtas

222 3532 568 3591 luridatarum
615 3533 910 3590 meminit.
956 3532 1167 3603 Pugnat
1213 3549 1430 3605 queque
1458 3549 1582 3589 cum
1620 3533 1827 3589 Tertul-

222 3624 381 3692 liano,
401 3630 499 3696 qui
535 3629 790 3698 triginta
827 3637 881 3681 et
901 3626 1139 3696 amplius
1167 3627 1325 3682 annis
1352 3637 1477 3681 ante
1524 3625 1672 3682 Decii
1703 3641 1836 3696 epo-

231 3722 402 3789 cbam,
431 3723 704 3776 diversas
731 3719 1040 3776 Galliarum
1090 3719 1344 3774 nationes
1381 3719 1538 3774 ﬁdem
1570 3719 1838 3775 Christia-

231 3826 347 3865 nam
401 3813 668 3884 proﬁteri
728 3819 1028 3866 testatur:
1069 3826 1188 3880 qua:
1242 3826 1362 3866 cum
1397 3812 1467 3866 sit
1513 3829 1581 3867 ex
1625 3811 1832 3876 auditu,

234 3907 380 3971 plane
411 3905 858 3975 przcdicautium
911 3903 1206 3958 missorum
1258 3905 1561 3959 ministerio
1608 3905 1837 3960 diversis

237 3993 332 4049 illis
356 3997 679 4051 nationibus
709 3991 1052 4048 infundenda
1081 3994 1215 4060 fuit;
1250 3993 1340 4063 qui
1365 3995 1578 4064 quidem
1608 3995 1698 4049 alii
1728 4011 1836 4049 non

237 4096 351 4139 sunt
372 4099 576 4157 praeter
599 4102 703 4142 eos
728 4126 744 4149 ,
772 4099 913 4155 quos
937 4084 1130 4139 tabula:
1153 4085 1530 4141 ecclesiasticae
1555 4087 1834 4143 exhibent.

242 4176 443 4234 Erravit
471 4197 608 4242 ergo
637 4179 970 4248 Gregorius,
999 4186 1262 4245 praetextu
1286 4176 1420 4232 Vita:
1442 4179 1613 4233 sancti
1646 4177 1844 4232 Satur-

245 4273 368 4332 uini,
387 4275 542 4342 cujus
570 4274 748 4327 verba
768 4271 979 4337 laudat,
1006 4271 1058 4324 in
1095 4271 1300 4342 epocba
1329 4271 1474 4326 Decii
1505 4273 1835 4327 constituen-

249 4363 346 4428 da;
373 4383 541 4436 quam
578 4367 832 4434 scriptor
855 4363 949 4417 ille
975 4379 1096 4416 cum
1120 4364 1219 4418 soli
1253 4364 1552 4419 Saturnino
1575 4363 1837 4434 adigeret,

247 4451 526 4524 Gregorius
549 4458 620 4511 de
653 4470 761 4511 suo
786 4453 855 4507 ad
887 4451 1028 4506 alios
1075 4453 1350 4518 extendit,
1384 4468 1450 4506 ex
1483 4463 1696 4521 recepta
1727 4451 1837 4521 jam

251 4555 349 4600 tum
391 4551 660 4620 opinione
687 4549 761 4603 de
794 4555 1009 4616 septem
1059 4544 1274 4600 illorum
1319 4545 1598 4600 societate.
1635 4545 1711 4599 De
1739 4560 1837 4599 suo

249 4640 504 4697 addidisse
532 4642 680 4706 dixi,
717 4638 989 4708 quoniam
1026 4636 1078 4690 in
1131 4637 1310 4692 verbis
1361 4639 1612 4690 Actorum
1646 4636 1837 4692 Satur-

251 4732 348 4786 nini
372 4751 487 4804 qnaa
533 4734 850 4804 Gregorius
888 4731 1098 4794 laudat,
1130 4731 1274 4784 nulla
1319 4729 1379 4784 ﬁt
1403 4747 1494 4786 sex
1523 4729 1836 4800 pontiﬁcum

252 4828 435 4880 mentio
470 4845 485 4894 ;
525 4841 715 4896 neque
749 4825 922 4880 etiam
958 4822 1262 4893 incorpore
1286 4823 1534 4877 Actorum
1558 4837 1677 4894 qua:
1699 4825 1836 4892 apud

249 4914 448 4974 Surium
505 4927 740 4976 exstant
778 4934 794 4982 ;
836 4930 965 4986 qua:
998 4915 1158 4984 plane
1195 4925 1322 4969 sunt
1354 4917 1543 4971 eadem
1598 4930 1720 4970 cum
1771 4918 1838 4971 iis

243 5010 376 5062 Actis
411 5028 473 5067 ex
531 5011 750 5083 quibus
799 5009 990 5063 locum
1044 5022 1074 5060 a
1117 5021 1175 5062 se
1220 5006 1494 5062 laudatum
1541 5006 1839 5078 Gregorius

238 5101 516 5174 decerpsit,
545 5122 680 5161 cum
728 5101 935 5157 iisdem
989 5099 1210 5154 omnino
1239 5099 1420 5155 verbis
1449 5101 1520 5156 ibi
1556 5101 1704 5157 locus
1749 5101 1839 5156 ille

234 5193 528 5265 descriptus
591 5193 951 5264 reperiatur.
1010 5187 1178 5244 Porro
1211 5191 1343 5244 Acta
1395 5190 1484 5244 illa
1540 5193 1840 5261 composita

230 5298 345 5340 sunt
371 5287 532 5359 longo
567 5282 888 5342 intervallo
922 5289 1051 5352 post
1097 5281 1302 5337 obitum
1337 5280 1622 5351 Exsuperii
1673 5281 1837 5336 Tolo-

225 5379 361 5443 sani,
395 5381 552 5449 cujus
591 5375 946 5438 meminere,
980 5381 1038 5426 ut
1071 5381 1218 5428 recte
1249 5371 1504 5427 observat
1541 5371 1696 5442 Ηυεο
1728 5371 1838 5428 Me-

225 5475 440 5529 aardus.
495 5469 859 5528 Destituitur
913 5466 1099 5532 itaque
1145 5463 1436 5535 Gregorius
1483 5464 1564 5519 sui
1599 5465 1838 5519 auctoris

233 5564 549 5627 estimouio,
611 5561 673 5613 in
729 5570 840 5612 sex
897 5552 1249 5622 pontiﬁcibus
1287 5571 1302 5608 :
1335 5554 1470 5609 adeo
1521 5563 1580 5608 ut
1630 5555 1835 5625 epocha

207 5658 522 5711 causulams
555 5651 760 5714 Decii,
801 5644 876 5700 ad
922 5644 1099 5700 solum
1135 5646 1488 5703 Saturninum
1526 5647 1835 5719 episcopum

204 5763 266 5801 es
309 5752 402 5805 illo
429 5752 705 5804 Actorum
745 5739 1033 5807 scriptore
1061 5737 1336 5794 referenda
1359 5740 1450 5795 sit.

273 5844 432 5912 Quod
475 5854 678 5900 autem
733 5835 812 5889 ad
849 5831 1213 5888 Saturninum
1258 5833 1470 5900 attinet,
1502 5833 1835 5892 controverti

528 5938 846 5999 ΡΑτιοι..
894 5925 1016 5986 Gn.
1051 5923 1194 5987 XX.

1862 3247 1904 3306 C

1867 4592 1910 4648 D

1945 1973 2085 2041 apud
2109 1986 2232 2026 eum
2262 1987 2364 2025 non
2396 1981 2777 2036 controversae,
2807 1973 2872 2027 de
2901 1987 3010 2026 non
3041 1972 3359 2028 divellendis
3386 1972 3521 2027 adeo

1943 2063 2153 2133 prolixa
2192 2073 2499 2134 temporum
2533 2064 2939 2133 intercapedine
2971 2080 2999 2119 a
3029 2079 3086 2119 se
3117 2065 3348 2120 invicem
3374 2064 3519 2134 prio-

1944 2156 2096 2210 ribus
2134 2155 2403 2226 episcopis
2441 2179 2452 2212 :
2485 2157 2635 2227 quia
2676 2156 2838 2211 Petro
2865 2167 2920 2212 et
2949 2155 3134 2223 Paulo,
3178 2168 3235 2212 et
3263 2157 3521 2227 deinceps

1939 2263 1972 2303 ι
2000 2248 2279 2304 Clemente
2305 2250 2672 2319 apostolorum
2696 2250 2958 2321 discipulo
2980 2289 2996 2315 ,
3027 2265 3135 2306 non
3165 2249 3324 2320 longe
3352 2251 3522 2307 inter-

1940 2340 2081 2395 vallo
2127 2340 2299 2406 missi,
2325 2342 2549 2396 exordia
2586 2341 2706 2396 ﬁdei
2743 2357 2838 2410 per
2881 2342 3092 2400 Gallias
3129 2353 3520 2414 propagarunt.

1941 2431 2080 2487 l-linc
2111 2433 2336 2499 factum,
2385 2442 2446 2489 ut
2475 2434 2592 2488 Ado
2644 2435 2698 2490 in
2736 2435 3120 2508 Martyrologio
3167 2437 3519 2492 Saturninum

1942 2525 2150 2580 scribat
2178 2539 2395 2594 passum
2424 2526 2524 2581 sub
2571 2527 2752 2589 Decio.
2795 2529 2952 2598 juxta
3003 2529 3235 2599 primam
3269 2528 3520 2600 Gregorii

1940 2616 2251 2686 Opinionem
2280 2632 2294 2672 :
2322 2614 2575 2670 Rabanus
2608 2626 2788 2670 autem
2825 2617 2878 2672 in
2906 2633 3006 2673 suo
3027 2618 3412 2692 Martyrologio
3431 2634 3522 2674 se-

1939 2718 2136 2777 quatur
2185 2708 2500 2769 secundam,
2533 2709 2808 2777 usurpatis
2840 2724 3054 2780 quoque
3103 2711 3354 2782 Gregorii
3398 2725 3521 2766 ver-

1938 2799 2022 2856 bis
2055 2818 2070 2856 :
2098 2799 2209 2855 Iste
2231 2815 2371 2868 vero,
2403 2800 2600 2867 inquit,
2633 2800 2956 2856 Saturninus
2984 2813 3208 2872 martyr,
3238 2811 3294 2856 ut
3328 2801 3518 2871 fertur,

1937 2895 2002 2947 ab
2032 2894 2387 2964 apostolorum
2411 2893 2682 2964 discipulis
2703 2895 2996 2960 ordinatus,
3013 2897 3070 2949 in
3101 2898 3280 2949 urbem
3309 2893 3525 2950 Tolosa-

1938 2993 2052 3038 tunt
2080 2995 2154 3038 est
2186 2985 2440 3040 directus.
2471 2984 2623 3051 Quod
2674 2984 3077 3054 intelligendum
3111 2985 3178 3040 de
3205 2985 3516 3045 Clemente,

1937 3086 1968 3125 a
1993 3086 2101 3141 quo
2121 3071 2316 3126 missus
2351 3072 2546 3127 dicitur
2576 3069 2906 3128 Saturninus
2933 3087 3037 3127 una
3083 3087 3205 3127 cum
3236 3073 3520 3145 Dionysio,

1939 3164 1992 3218 in
2044 3165 2188 3218 Actis
2226 3165 2502 3219 veteribus
2551 3163 2610 3219 S.
2656 3164 2896 3236 Dionysii
2944 3165 3262 3234 compositis
3305 3182 3337 3222 a
3383 3166 3520 3222 For-

1941 3263 2128 3309 tunato
2157 3255 2479 3319 Pictavensi,
2503 3255 2594 3325 qui
2650 3256 2942 3310 secundam
2984 3255 3237 3326 Gregorii
3291 3266 3518 3312 senten-

1933 3346 2065 3401 tiam
2140 3345 2499 3400 disertissime
2562 3346 2869 3402 conﬁrmat.
2925 3345 3252 3416 Quanquam
3302 3356 3518 3403 vetusta

1936 3436 1995 3491 S.
2036 3435 2312 3492 Saturnini
2349 3436 2483 3490 Acta
2509 3436 2732 3492 missum
2789 3454 2820 3492 a
2867 3439 3026 3494 Petro
3073 3440 3324 3504 doceant,
3357 3447 3412 3493 et
3460 3439 3517 3494 in

1935 3529 2176 3585 Elusana
2227 3531 2364 3586 urbe
2390 3529 2896 3601 Novempopulanite
2929 3531 3136 3588 scilicet
3177 3531 3467 3601 metropoli
3497 3573 3515 3595 ,

1936 3621 2133 3677 deinde
2155 3621 2505 3692 Pompelone,
2527 3635 2584 3680 et
2611 3627 2664 3677 in
2692 3622 2814 3678 aliis
2840 3623 3223 3692 Hispaniarum
3258 3621 3516 3692 gentibus

1936 3713 2209 3770 Ecclesias
2243 3716 2632 3782 constituisse;
2664 3727 2724 3770 ut
2767 3729 2834 3772 ex
2885 3717 3000 3772 suis
3045 3729 3262 3786 quoque
3319 3713 3518 3770 tabulis

1935 3804 2177 3861 fatentur
2205 3817 2458 3862 auctores
2490 3805 2733 3876 Hispani.
2782 3805 2889 3862 Sed
2931 3805 3103 3861 satius
3153 3813 3258 3869 est,
3291 3813 3350 3858 ut
3403 3803 3518 3858 ha:-

1937 3913 2156 3953 rearnus
2182 3897 2370 3953 relatte
2407 3913 2438 3952 a
2491 3897 2754 3968 Gregorio
2788 3898 3090 3962 traditioni,
3121 3895 3333 3952 scilicet
3355 3911 3386 3950 a
3433 3895 3516 3948 di-

1936 3988 2160 4058 scipulis
2183 3989 2552 4058 apostolorum
2587 3989 2918 4054 ordinatum,
2951 3988 3005 4042 id
3038 3996 3124 4043 est
3152 4001 3183 4040 a
3212 3985 3514 4050 Clemente,

1932 4080 2086 4149 juxta
2109 4078 2491 4136 Fortunatum.

2010 4170 2208 4224 Eadem
2230 4169 2520 4239 explicatio
2561 4169 2862 4226 adhibenda
2895 4179 2978 4226 est
3011 4169 3166 4233 alteri
3195 4169 3334 4233 loco.
3371 4184 3422 4224 c.
3457 4169 3515 4234 8,

1940 4264 2016 4318 De
2041 4266 2209 4335 gloria
2237 4264 2628 4336 Confusarum,
2657 4268 2746 4322 ubi
2774 4269 2939 4322 tradit
2969 4266 3224 4322 Biturica:
3247 4267 3366 4320 urbi
3393 4279 3519 4319 ver-

1939 4355 2092 4422 bum_
2120 4356 2312 4411 salutis
2341 4357 2667 4426 praadicasse
2707 4355 2963 4412 Ursinum
3005 4355 3344 4424 episc0pum,
3370 4353 3518 4423 quia

1939 4445 2212 4513 discipulis
2246 4445 2606 4514 apostolorum
2655 4447 2711 4500 in
2760 4442 2966 4500 Gallias
2997 4445 3288 4497 destinatus
3319 4443 3516 4509 fuerat,

1939 4535 2154 4591 scilicet
2185 4551 2216 4590 a
2261 4535 2564 4603 Clemente,
2611 4541 2669 4588 ut
2695 4533 2813 4604 ejus
2843 4534 2977 4589 Vita:
3017 4531 3147 4585 Acta
3192 4528 3516 4600 perantiqua

1941 4637 2230 4684 testantur.
2331 4615 2335 4619 ’

2013 4718 2291 4789 Speciales
2315 4733 2454 4790 quas
2499 4717 2845 4774 adhibuimus
2885 4716 3365 4786 probationes-pro
3413 4709 3520 4765 ful-

1941 4811 2134 4867 cienda
2171 4813 2344 4868 veteri
2397 4812 2601 4882 epocba
2635 4812 2872 4882 quinque
2912 4811 3250 4878 pontiﬁcum,
3283 4805 3519 4876 Trophi-

1941 4901 2036 4968 mi,
2067 4900 2244 4967 Pauli,
2271 4901 2554 4966 Martialis,
2578 4902 2840 4973 Dionysii,
2860 4899 3164 4966 Saturnini,
3193 4899 3515 4970 quibuscum

1940 5006 2040 5060 par
2100 5000 2186 5048 est
2224 5006 2388 5047 causa
2435 4991 2666 5062 plurium
2717 4991 2944 5046 aliorum
2999 4991 3088 5060 qui
3147 4990 3418 5044 Ecclesias
3463 4988 3516 5041 in

1945 5081 2134 5140 Galliis
2158 5085 2543 5150 fundaverunt,
2584 5084 2867 5154 generales
2905 5085 3249 5154 probationes
3290 5099 3357 5136 ex
3405 5081 3520 5135 Ire-

1945 5190 2082 5242 naeo,
2132 5176 2464 5232 Tertulliano
2492 5187 2546 5230 et
2574 5177 2829 5243 Eusebio,
2857 5178 2924 5231 de
2947 5185 3215 5231 vetustate
3249 5172 3521 5227 Ecclesia-

1944 5286 2084 5335 runt,
2117 5282 2174 5324 ut
2195 5271 2404 5340 juvant,
2429 5270 2508 5325 sic
2553 5278 2800 5323 mutuum
2823 5284 3040 5339 quoque
3074 5284 3142 5322 ex
3184 5267 3292 5321 illis
3335 5264 3517 5320 subsi-

1942 5362 2088 5415 dium
2110 5363 2348 5430 capiunt.
2384 5362 2499 5428 Qua
2531 5361 2599 5416 de
2631 5375 2690 5415 re
2729 5361 3016 5431 diligenter
3067 5358 3324 5421 disseruit
3378 5357 3519 5428 juris

1942 5453 2226 5524 utriusque
2256 5452 2643 5509 celeberrimus
2675 5463 2990 5507 antecessor
3014 5452 3066 5505 in
3091 5450 3382 5506 Academia
3409 5448 3520 5505 To-

1942 5544 2128 5602 losana
2162 5547 2430 5601 Antonius
2478 5544 2713 5598 Dadinus
2744 5544 3047 5610 Alteserra,
3083 5541 3180 5597 lib.
3211 5557 3268 5597 tv
3325 5539 3522 5595 Rerum

1943 5641 2403 5714 Aquitanicarum,
2431 5653 2480 5692 c.
2504 5635 2559 5691 9.

2015 5737 2168 5805 Quod
2219 5743 2404 5790 autem
2467 5733 2661 5786 attinet
2717 5732 2783 5784 ad
2833 5730 3125 5786 Gatianum
3185 5730 3530 5785 Turonensis

1944 5826 2201 5888 Ecclesia:
2248 5825 2585 5897 episcopum,
2613 5838 2732 5880 cum
2758 5821 2874 5893 ejus
2898 5837 3181 5880 successor
3208 5820 3526 5890 Gregorius,

3212 5916 3254 5974 2
