3972 6484
534 337 605 393 ιδ

1791 337 2060 397 VALESll
2094 340 2479 406 PRIEFATIO.

3719 357 3796 415 ιι

532 458 620 515 cui
649 467 1140 556 perspecta‘erant
1166 458 1424 556 Ecclesia:
1457 475 1566 517 sua:
1596 463 1881 556 tabularia,
1916 466 2106 524 doceat
2136 472 2183 530 Α
2213 472 2369 530 iidem
2429 476 2482 532 in
2543 492 2606 533 ea
2662 478 3038 556 instituerunt_
3070 479 3356 550 Dionysius
3422 478 3786 549 Parisiensis,

532 551 810 621 conceptis
839 551 1042 618 verbis,
1088 551 1181 608 lib.
1215 567 1266 606 ix
1331 551 1471 606 Hist.
1495 595 1510 620 ,
1541 567 1660 624 cap.
1685 555 1748 610 51
1777 597 1791 620 .
1820 556 2105 614 Gatianum

532 659 674 699 anno
699 643 842 699 Decii
871 646 1045 714 primo
1081 661 1110 698 a
1159 659 1298 715 papa
1337 645 1480 699 sedis
1525 645 1782 702 Romana:
1821 651 2106 706 transmis-

529 748 674 802 sum,
695 736 892 790 additis
917 751 1132 806 quoque
1154 736 1361 806 aliquot
1393 737 1510 804 ejus
1534 739 1773 808 episcopi
1799 741 1986 811 gestis,
2015 757 2108 798 ne-

528 829 765 900 queulla
814 830 967 885 nobis
1002 831 1219 885 aliunde
1261 840 1513 902 suppetat
1541 833 1856 899 auctoritas,
1887 851 1992 906 qua
2042 837 2107 891 il-

495 976 499 980 .
529 921 641 976 lum
677 925 743 978 ad
774 923 1070 978 vetustiora
1103 931 1342 990 tempora
1377 939 1728 990 revocemus,
1756 929 2104 982 temerarium

528 1029 726 1072 censeo
783 1017 1048 1071 adversus
1097 1013 1423 1085 Gregorium
1470 1016 1537 1072 de
1582 1019 1813 1088 propriae
1855 1019 2107 1076 Ecclesiae

527 1118 672 1169 statu
705 1110 1001 1180 disputare.
1035 1108 1181 1164 Idem
1224 1109 1512 1164 dicendum
1541 1120 1671 1181 puto
1703 1111 1768 1168 de
1811 1110 2106 1169 Stremnuii

523 1204 881 1260 Arvernensis
919 1203 1155 1273 episcopi
1213 1203 1420 1268 initiis;
1454 1218 1573 1271 qua:
1628 1200 1982 1274 Gregorium,
2022 1215 2106 1258 tit-

523 1309 651 1367 pOte
675 1296 847 1365 patria
879 1296 1203 1355 Arvernum.
1227 1304 1390 1365 atque
1414 1295 1549 1350 adeo
1584 1295 1636 1349 in
1668 1296 1780 1350 suis
1813 1312 1915 1351 non
1947 1312 2105 1367 pere-

521 1387 760 1458 grinum,
823 1389 994 1441 latere
1038 1401 1144 1440 non
1203 1395 1474 1457 poterant.
1536 1386 1665 1455 Quae
1719 1385 1952 1443 fortasse
2003 1389 2106 1444 fuit

520 1481 737 1534 occasio
758 1493 858 1534 cur
884 1478 1245 1550 negligentius
1275 1494 1336 1535 se
1362 1479 1618 1534 habuerit
1659 1480 1712 1534 in
1743 1481 1972 1535 aliarum
2003 1481 2106 1538 Ec-

519 1571 809 1628 clesiarum
883 1570 1281 1641 investigandis
1354 1569 1546 1626 initiis.
1603 1570 1810 1637 Quibus
1878 1575 2104 1630 exordia

518 1666 753 1720 duarum
818 1663 919 1719 sibi
973 1663 1303 1728 chararum,
1334 1661 1668 1719 Turonensis
1717 1673 1772 1719 et
1820 1665 2100 1732 Arvernae,

515 1757 720 1826 aquari
770 1770 878 1812 non
929 1769 1092 1826 posse
1144 1771 1269 1810 cum
1302 1756 1533 1822 videret,
1567 1755 1758 1812 maluit
1809 1756 1875 1811 ad
1911 1758 2100 1813 harum

515 1857 766 1919 tempora
797 1847 1044 1918 priorum
1091 1847 1336 1918 quinque
1387 1847 1735 1906 fundationes
1765 1851 2100 1908 indiscussas

515 1940 840 2009 deprimere.
899 1940 1081 2008 Quare
1127 1955 1251 1994 cum
1309 1940 1454 2009 apud
1503 1941 1648 1996 viros
1702 1943 2098 2000 eruditissimos

515 2035 736 2104 antiqua
765 2031 1132 2088 Ecclesiarum
1158 2031 1565 2100 Gallicanarmn
1591 2035 1862 2106 diptycba,
1892 2035 1946 2091 in
1978 2036 2098 2107 qui-

511 2129 614 2182 bus
637 2127 922 2196 pontifices
961 2126 1082 2182 lidei
1125 2127 1432 2197 praedicata:
1460 2129 1802 2200 antesignani
1839 2131 2096 2200 descripti

511 2229 662 2284 sunt,
715 2234 838 2274 cum
889 2220 1163 2274 missionis
1212 2221 1528 2288 apostolica:
1565 2222 1932 2278 vetustissima
1963 2237 2094 2292 epo-
2169 2272 2178 2282 .

510 2310 634 2378 cha,
670 2325 736 2366 ex
775 2325 841 2366 eo
869 2310 989 2366 solo
1024 2309 1202 2380 capite
1247 2312 1492 2366 nutarint
1541 2313 1596 2368 in
1637 2313 1896 2382 temporis
1957 2314 2096 2369 assi-

509 2404 789 2474 gnatione,
815 2403 958 2474 quod
995 2417 1117 2458 cum
1173 2403 1382 2460 Severo
1431 2415 1486 2460 et
1537 2403 1804 2477 Gregorio
1852 2421 2094 2479 pugnare

507 2492 847 2557 viderentur,
903 2491 1304 2563 religiosissimi
1348 2495 1590 2564 episcopi
1639 2495 1860 2567 collega:
1919 2498 2092 2553 nostri

506 2592 768 2655 poterunt
828 2585 1097 2655 intrepide
1153 2585 1205 2639 in
1251 2585 1366 2641 suis
1421 2586 1678 2642 Ecclesiis
1738 2589 2094 2644 decessorum

507 2690 733 2734 suorum
767 2677 1020 2733 traditam
1055 2693 1302 2737 asserere
1323 2689 1670 2747 vetustatem,
1696 2681 1875 2736 securi
1902 2680 1969 2736 de
2000 2679 2090 2736 illa

505 2783 628 2840 quae
655 2770 860 2825 nostris
911 2770 1079 2840 ebjici
1122 2771 1262 2827 solet
1286 2781 1530 2827 veterum
1557 2781 1853 2828 auctarum
1872 2772 2092 2843 ignora-

507 2861 659 2916 tione
687 2862 1151 2932 aut’contemptu,
1193 2872 1306 2918 tum
1339 2864 1502 2919 etiam
1536 2863 1604 2918 de
1629 2862 1811 2934 aliquo
1842 2863 2091 2920 veritatis

504 2953 780 3010 historicas
805 2955 1088 3026 dispendio
1115 2973 1134 3011 :
1163 2970 1282 3026 quae
1312 2954 1520 3025 alioqui
1547 2955 1844 3023 laboraret,
1871 2957 1917 3011 si
1940 2957 2090 3011 Actis

503 3049 746 3120 antiquis
775 3050 908 3106 fides
935 3065 1031 3106 sua
1070 3049 1474 3105 detraheretur.
1503 3048 1692 3120 Itaque
1741 3059 1939 3121 praeter
1978 3067 2088 3107 cte-

505 3151 654 3199 teros
682 3142 933 3213 superius
962 3151 1318 3207 memoratos,
1348 3140 1679 3196 Clementem
1711 3156 1741 3194 a
1777 3141 1938 3199 Petro
1957 3157 2091 3213 apo-

501 3235 644 3294 stolo
677 3237 902 3291 missum
941 3236 1047 3292 sibi
1094 3233 1450 3291 vindicabunt
1497 3236 1794 3303 Metenses,
1823 3250 1892 3290 ex
1941 3235 2086 3290 Actis

502 3327 648 3381 unde
699 3327 1073 3396 nan-rationem
1125 3341 1280 3383 suam
1327 3326 1507 3383 hausit
1548 3325 1752 3382 Paulus
1803 3327 2085 3392 diaconus,

502 3419 695 3476 mediae
751 3420 950 3485 inlatis,
999 3431 1056 3476 et
1112 3436 1224 3475 non
1276 3420 1690 3476 contemnenda:
1744 3421 2087 3476 auctoritatis

500 3514 761 3584 scriptor.
787 3511 1037 3581 Ejusdem
1069 3511 1298 3581 apostoli
1323 3526 1471 3567 cum
1491 3551 1507 3577 ,
1531 3522 1587 3567 et
1620 3521 1806 3582 postea
1840 3512 2090 3569 Clemen-

503 3607 596 3673 tis,
630 3606 818 3678 plures
860 3605 1040 3677 populi
1087 3614 1368 3674 acceptam
1392 3618 1606 3674 quoque
1647 3605 1792 3659 ferre
1833 3612 2091 3675 poterunt

501 3714 571 3756 ex
607 3700 882 3755 veteribus
924 3699 1070 3754 Actis
1093 3706 1148 3754 et
1185 3696 1590 3768 Martyrologiis
1622 3697 1851 3768 primam
1881 3697 2091 3768 episco-

502 3809 696 3864 porum
743 3808 964 3848 suorum
1021 3792 1444 3852 institutionem.
1479 3789 1724 3856 Quorum
1779 3788 1996 3845 labores
2043 3789 2090 3845 si

501 3887 614 3942 suis
643 3885 938 3956 provinciis
969 3900 1038 3940 ex
1084 3883 1316 3955 Augusti
1351 3881 1604 3939 instituto
1649 3880 1926 3951 dispositis
1961 3880 2090 3937 red-

499 3980 722 4046 dantur,
789 3977 1110 4033 Tertulliani
1137 3977 1406 4034 sententia
1456 3984 1798 4044 quantopere
1832 3987 1960 4028 vera
1997 3971 2089 4038 sit,

500 4070 568 4126 de
593 4069 822 4125 diversis
841 4067 1138 4124 Galliarum
1168 4067 1483 4123 nationibus
1507 4065 1818 4122 Christiana
1848 4065 1951 4120 [ide
1983 4065 2090 4120 im-

498 4163 669 4230 butis,
713 4161 938 4232 patebit.
986 4160 1358 4218 Narbonensis
1405 4161 1607 4231 quippe
1654 4160 1929 4231 provincia
1981 4176 2088 4215 nun

497 4255 674 4312 solum
700 4271 730 4310 a
765 4255 1060 4312 Crescente
1109 4253 1425 4318 Viennensi,
1455 4255 1549 4310 sed
1596 4255 1761 4310 etiam
1789 4268 1820 4308 a
1851 4252 2088 4324 Trophi-

497 4365 588 4406 mo
617 4350 946 4417 Arelatensi,
975 4365 1005 4404 a
1032 4348 1198 4405 Paulo
1222 4347 1585 4411 Narbonensi,
1611 4346 1704 4419 qui
1726 4347 1974 4418 proxime
2000 4362 2088 4403 se-

497 4445 658 4497 ctitus
702 4452 788 4498 est
822 4441 1178 4510 Trophimum
1201 4482 1216 4507 ,
1246 4448 1302 4496 et
1334 4439 1550 4495 demum
1581 4454 1612 4493 a
1665 4439 1961 4496 Saturnino
1989 4439 2090 4496 To-

2131 1820 2174 1876 Β

2211 566 2532 625 Savinianus
2574 569 2901 626 Senonensis
2931 613 2948 641 ,
3005 571 3250 627 Nicasius
3300 572 3790 643 Botbomagensis,
3833 638 3836 640 γ

2208 658 2490 716 Caraunus
2531 661 2916 728 Carnotensis,
2957 673 3012 719 et
3045 663 3290 719 Julianus
3337 667 3785 722 Cenomanensis.
3810 682 3836 731 ε,

2211 746 2468 818 Superest
2521 760 2580 806 ut
2635 755 2700 808 de
2754 753 3098 823 Lugduneusi
3145 755 3362 810 civitate
3414 772 3728 825 qumramtts
3771 773 3786 812 :

2207 857 2326 911 quae
2354 845 2573 915 quidem
2603 862 2725 901 cum
2763 847 3028 917 principia
3069 848 3412 916 episcopatus
3455 848 3650 903 debeat
3685 848 3790 904 Po-
3819 877 3827 904 δ

2208 933 2380 1000 thino,
2426 936 2517 1004 qui
2570 928 2764 1005 passus
2816 937 2916 992 sub
2936 939 3190 1002 Antonio,
3251 953 3392 992 anno
3420 940 3622 994 Cbristi
3660 940 3827 1008 i77,‘

2207 1026 2576 1094 nonagenario
2638 1026 2829 1094 major.
2873 1028 2965 1082 sed
3007 1027 3234 1083 inferior
3265 1029 3542 1098 Trophlmi
3593 1030 3788 1084 Arela-

2207 1113 2382 1172 tensis
2437 1117 2809 1184 institutione,
2854 1134 2958 1173 non
3010 1120 3201 1175 dubito
3230 1122 3359 1191 quin
3411 1122 3570 1190 hujus
3601 1123 3788 1176 studio

2206 1207 2402 1265 debeat
2450 1211 2718 1281 primitias
2772 1210 2918 1264 lidci.
2973 1209 3286 1281 Siquidem,
3333 1222 3391 1267 nt
3444 1213 3788 1267 tradiderunt

2206 1303 2440 1370 episcopi
2473 1304 2525 1358 in
2574 1303 2756 1359 libello
2791 1303 2974 1358 oblato
3013 1303 3177 1359 Leoni
3220 1320 3368 1374 papa:
3395 1320 3536 1358 anno
3564 1305 3693 1369 450,
3716 1322 3783 1360 ex

2205 1393 2249 1447 Τ
2256 1395 2500 1464 ropbimn
2531 1397 2676 1452 velut
2708 1413 2772 1451 ex
2807 1396 2954 1452 fonte
2989 1396 3355 1466 proﬂuxerunt
3386 1398 3543 1451 rivnli
3577 1399 3697 1452 tidei
3729 1401 3782 1452 iu

2205 1487 2340 1542 alias
2372 1487 2668 1544 Galliarum
2703 1501 2924 1559 partes;
2949 1490 3090 1557 quod
3119 1491 3642 1560 conlirmatquoque
3675 1488 3785 1543 Zo-

2204 1579 2326 1633 simi
2382 1595 2532 1649 papa:
2588 1580 2835 1647 epistola.
2893 1574 3071 1648 Q'uare
3147 1597 3270 1636 cum
3326 1582 3518 1637 Arelas
3575 1583 3783 1648 Italiae,

2204 1669 2444 1726 Orientis
2472 1680 2527 1724 et
2578 1671 2776 1725 Africa:
2821 1671 3164 1727 commerciis
3194 1683 3420 1741 pateret,
3455 1685 3511 1729 et
3546 1673 3619 1730 ob
3660 1689 3780 1727 eam

2206 1760 2469 1815 rationem
2521 1760 2782 1828 Lugdqu
2823 1760 3205 1817 ﬂorentissimo
3237 1761 3536 1820 Galliarum
3585 1779 3784 1834 empo-

2208 1850 2287 1904 rio
2307 1850 2746 1920 coniungeretur,
2783 1850 3002 1905 obvium
3035 1852 3138 1907 fuit
3167 1851 3464 1922 Tropliimu
3504 1869 3607 1924 per
3633 1871 3694 1910 se
3728 1865 3784 1912 et

2204 1957 2303 2013 per
2331 1941 2469 1996 alios
2493 1942 2697 2014 legatos
2736 1943 2856 1998 ﬁdei
2897 1943 3222 2000 Cbristiaute
3257 1959 3552 2002 sementem
3586 1947 3658 2002 ibi
3691 1961 3784 2001 se-

2204 2047 2350 2096 rere,
2378 2048 2496 2100 qutc
2529 2033 2741 2086 tandem
2781 2034 2832 2086 iu
2875 2049 2996 2089 eum
3052 2034 3288 2089 ﬁdelium
3331 2047 3532 2090 emtum
3581 2037 3784 2104 crevit,

2202 2123 2351 2194 quia
2385 2122 2615 2178 Pothino
2647 2125 2900 2196 episcopo
2935 2128 3042 2196 regi
3070 2139 3388 2184 mereretur.

2273 2215 2390 2272 Non
2412 2231 2497 2270 me
2529 2217 2680 2279 latet.
2708 2217 2762 2271 in
2796 2219 3042 2288 quccdam
3073 2223 3230 2286 Acta,
3268 2221 3467 2292 quibus
3493 2222 3619 2278 vita:
3645 2239 3785 2293 pon-

2202 2311 2410 2366 tiﬁcum
2452 2309 2665 2366 illorum
2718 2310 3123 2377 describuntur,
3174 2317 3361 2376 multa,
3398 2315 3544 2384 quod
3580 2317 3783 2370 attinet

2201 2404 2270 2456 ad
2292 2417 2481 2458 eorum
2515 2418 2604 2458 res
2634 2411 2841 2470 gestas,
2879 2401 3183 2472 irrepsisse,
3217 2419 3338 2474 qua:
3372 2420 3532 2459 manu
3568 2408 3780 2460 medica

2199 2481 2413 2566 egeant,
2452 2504 2512 2550 ut
2563 2505 2965 2566 repurgentnr;
3012 2497 3468 2567 quemadmodum
3518 2498 3587 2554 de
3635 2502 3781 2555 Actis

2198 2586 2426 2656 bujusce
2465 2585 2686 2656 generis
2719 2588 3035 2645 decreverat
3061 2590 3187 2644 olim
3215 2588 3505 2644 concilium
3539 2590 3781 2645 Franeoo

2199 2677 2475 2732 furdiense
2509 2692 2653 2732 anno
2677 2676 2800 2734 794.
2827 2678 2878 2732 Id
2909 2689 3087 2734 tamen
3137 2693 3244 2733 non
3288 2678 3454 2734 oliicit
3499 2680 3781 2735 missionis

2198 2768 2436 2836 veritati,
2471 2769 2536 2824 de
2563 2786 2671 2839 qua
2733 2767 2846 2824 sola
2891 2771 3178 2824 asserenda
3218 2786 3359 2826 nunc
3382 2771 3582 2841 agitur,
3608 2773 3783 2827 omis-

2197 2861 2274 2915 sis
2303 2863 2514 2916 caateris
2557 2879 2679 2933 quae
2725 2863 2778 2918 in
2810 2863 3168 2931 quzestionem
3213 2864 3548 2918 adducentur
3582 2881 3614 2920 a
3647 2867 3781 2919 viris

2196 2957 2448 3020 eruditis,
2487 2955 2553 3010 de
2576 2957 2774 3025 quibus
2812 2955 2945 3011 alias
2972 2955 3203 3012 fortasse
3239 2958 3564 3011 sententiam
3598 2972 3780 3012 meam

2195 3053 2461 3118 aperiam.
2487 3052 2704 3106 interim
2733 3053 2937 3106 amicos
2979 3061 3192 3104 nostros
3233 3051 3498 3117 obtestor,
3547 3060 3606 3105 ut
3651 3052 3776 3104 boui

2195 3140 2634 3212 eonsulantquae,
2648 3141 2776 3196 licet
2805 3141 2980 3196 aliena
3010 3145 3078 3197 ab
3101 3157 3287 3197 eorum
3313 3142 3606 3204 sententia,
3639 3143 3779 3208 dixi,

2191 3243 2516 3303 provocatus
2537 3235 2748 3288 tuenda}
2775 3237 3022 3290 veritatis
3060 3235 3348 3299 desiderio,
3381 3235 3448 3290 ad
3477 3237 3778 3291 restituen-

2193 3327 2314 3379 dam
2370 3325 2632 3380 Ecclesitc
2682 3324 2972 3380 Gallicana:
3005 3327 3371 3394 maiestatem,
3404 3327 3585 3398 aliquo
3613 3339 3778 3398 paoto

2191 3420 2531 3474 imminutam
2565 3435 2631 3474 ex
2665 3421 2922 3489 depressa
2973 3420 3202 3489 originis
3264 3419 3408 3475 illius
3457 3427 3726 3475 vetustate
3757 3437 3776 3475 :

2191 3525 2311 3580 qua:
2360 3513 2414 3565 in
2469 3513 2632 3568 rebus
2680 3513 2854 3567 sacris
2907 3529 3012 3567 non
3055 3513 3332 3582 vulgarem
3361 3515 3778 3568 venerationem

2191 3603 2488 3660 conciliare
2525 3605 2684 3670 solet,
2713 3614 2824 3660 tum
2867 3603 3147 3669 Eeclesiis,
3179 3613 3290 3657 tum
3318 3603 3482 3658 etiam
3531 3605 3780 3674 imperiis

2191 3694 2522 3752 Christianis
2569 3696 2626 3750 in
2660 3696 2856 3766 quibus
2903 3675 3029 3752 situt
3076 3697 3406 3751 constituite.
3436 3695 3620 3761 Quare
3665 3713 3778 3750 nun

2191 3787 2536 3852 evertendas,
2573 3787 2670 3842 sed
2718 3788 3026 3842 retinendas
3051 3785 3234 3856 putavi
3278 3801 3397 3854 quae
3435 3800 3562 3840 vero
3586 3785 3778 3839 nitun-

2195 3888 2282 3933 tur
2331 3877 2652 3934 traditiones
2697 3888 2929 3941 nostras,
2981 3879 3251 3947 przeeipue
3279 3892 3402 3931 cum
3445 3877 3497 3931 iu
3529 3877 3776 3933 Ecclesia

2191 3969 2463 4034 Romana,
2497 3985 2562 4026 ac
2605 3980 2716 4026 toto
2749 3973 2803 4026 in
2855 3972 2989 4024 orbe
3015 3969 3326 4025 Christiano
3366 3969 3476 4040 jam
3512 3969 3641 4024 olim
3686 3984 3778 4022 re-

2191 4073 2362 4134 cepta:
2384 4063 2619 4131 fuerint;
2652 4065 2788 4118 adeo
2819 4072 2879 4116 ut
2919 4077 3026 4117 non
3049 4076 3304 4131 egeamus
3335 4076 3497 4128 prava
3532 4061 3620 4114 illa
3651 4059 3781 4114 dili-

2191 4158 2371 4228 gentia
2393 4172 2555 4226 quam
2593 4157 2958 4212 adhibuerunt
3007 4155 3082 4208 illi
3111 4153 3203 4223 qui
3235 4153 3398 4208 etiam
3429 4152 3578 4206 falsis
3606 4163 3779 4221 atque

2191 4249 2439 4305 conﬁctis
2465 4248 2568 4304 sub
2591 4249 2810 4304 nomine
2849 4257 3092 4303 veterum
3131 4256 3416 4301 auctorum
3449 4260 3780 4299 monumen-

2192 4341 2284 4409 tis,
2320 4349 2645 4396 vetustatem
2690 4340 3016 4396 Cbristiana:
3049 4337 3328 4407 religionis
3365 4337 3470 4392 sibi
3511 4351 3778 4406 arrogat'e

2191 4434 2455 4500 nituntur,
2490 4432 2576 4488 vel
2607 4432 2774 4488 etiam
2802 4443 3071 4501 receptam
3109 4432 3458 4486 continuare.

496 4532 687 4589 losano
720 4534 937 4590 exculta
971 4534 1089 4592 fuit.
1132 4535 1459 4606 Aquitanica
1499 4547 1529 4588 a
1568 4532 1813 4588 Martiale
1835 4532 2087 4590 Lemovi-
2118 4558 2164 4614 ι)
2265 4526 2348 4582 Tu
2375 4541 2526 4591 vero,
2556 4526 2642 4580 vir
2690 4524 3017 4588 clarissime.
3047 4537 3146 4593 pro
3187 4536 3252 4575 ea
3301 4537 3406 4591 (tua
3443 4520 3617 4590 polles
3662 4536 3774 4575 ιιοιι

495 4626 672 4704 censi,
707 4625 903 4682 Ursino
929 4626 1281 4691 Bituricensi,
1309 4625 1586 4682 Frontone
1620 4624 2083 4695 Petragoricensi,

495 4728 547 4775 et
599 4719 863 4788 Eutropio
891 4717 1243 4783 Santonensi,
1289 4733 1452 4788 atque
1505 4719 1667 4773 etiam
1715 4731 1746 4771 a
1783 4715 2082 4774 Saturnino

497 4810 552 4862 in
593 4807 1111 4882 Novcmpopulania,
1139 4825 1260 4880 quae
1285 4824 1412 4880 pars
1445 4820 1561 4864 erat.
1603 4809 1924 4879 Aquitaniae.
1970 4808 2084 4864 Bel-

495 4899 670 4967 gicam
719 4911 1049 4957 curaverunt
1085 4901 1390 4957 Eucbarius
1419 4901 1783 4966 Trevirensis,
1829 4900 2080 4955 Clemens

495 4988 774 5058 Hetensis,
815 4989 990 5063 thus
1043 4992 1351 5058 Remensis,
1403 5001 1457 5047 et
1493 4989 1778 5047 Memmius
1829 4989 2082 5045 Catalau-

491 5085 702 5142 nensis.
751 5085 907 5157 Quod
941 5086 1136 5143 attinet
1157 5087 1224 5144 ad
1255 5085 1668 5158 Lugdunensem
1700 5083 2034 5156 provinciam
2062 5121 2078 5148 .

2190 4621 2365 4677 solum
2409 4619 2735 4684 eruditione,
2766 4619 2860 4674 sed
2907 4618 3072 4673 etiam
3119 4614 3439 4686 prudentia,
3479 4616 3546 4669 de
3579 4623 3778 4669 nostro

2189 4711 2295 4767 isto
2329 4718 2729 4781 conatu,prout
2758 4725 2856 4780 par
2897 4717 3006 4780 est,
3033 4707 3313 4772 decernes,
3354 4715 3411 4760 et
3444 4704 3777 4776 dignitatem

2189 4799 2558 4857 Ecclesiarum
2626 4799 3029 4856 Gallicanarum
3103 4797 3379 4861 robustius
3442 4794 3772 4850 vindicabis.

2191 4894 2486 5042 vitlem:
2504 4983 2859 5050 Parisiorum,
2875 4981 3043 5038 Nonis
3062 4979 3420 5052 Septembris,
3440 4993 3588 5034 anno
3610 4972 3775 5035 1658.
