3972 6472
545 339 607 398 ’ΣΙ
1244 342 1328 398 Eli
1338 338 1511 396 SEBil
1546 336 2019 394 CESARIENSIS
2056 336 2087 394 Ο

2193 379 2206 392 .
2246 337 2428 394 PARS
2466 340 2507 393 l.
2546 369 2616 380 —--
2652 336 3044 396 HISTORICA.
3691 345 3762 403 72

545 462 792 518 meditati
844 473 974 519 sunt
1020 461 1203 518 inania
1234 462 1261 516 ἲ
1299 462 1600 516 Astiterunt
1652 474 1806 530 reges
1847 470 2007 516 terra:
2046 473 2087 516 et

2206 460 2410 532 σόμεθα
2457 462 2517 515 ἐν
2547 463 2661 526 τοῖς
2712 459 2920 515 ἔθνεσι·
2950 480 2971 512 ι
3010 459 3132 515 τοτέ
3163 459 3221 513 δὲ
3255 460 3548 531 ἀμηχανῶν
3585 462 3755 531 me,

543 554 819 625 principes
863 560 1231 621 convenerunt
1277 555 1331 607 in
1378 568 1582 614 unum,
1631 552 1892 608 adversus
1924 554 2102 609 Domi-

543 662 672 702 num
695 657 750 701 et
781 648 1041 700 adversus
1065 645 1339 701 Christum
1367 644 1506 712 eius.
1539 660 1557 693 ι
1579 640 1787 709 Quibus
1814 644 1930 698 haec
1954 645 2105 699 deiu-

544 736 613 791 de
640 734 915 808 subjungit
944 751 1009 790 ex
1057 748 1286 804 persona
1331 732 1536 786 Christi
1570 749 1595 784 ιη
1622 748 1645 783 ι
1682 732 1940 787 Dominus
1969 732 2104 787 dixit

540 826 610 881 ad
640 842 725 882 me
758 845 773 879 :
799 825 966 880 Filius
992 840 1142 879 meus
1164 838 1222 877 es
1250 834 1302 876 tu
1335 837 1468 892 ,ego
1504 824 1660 879 hodie
1700 823 1860 894 genui
1897 833 1969 877 te.
2000 824 2103 878 Po-

540 916 681 971 stula
711 932 738 970 a
774 932 881 980 me,
911 929 966 971 et
998 916 1135 971 dabo
1169 916 1263 968 tibi
1295 925 1486 985 gentes
1515 916 1892 970 [nereditatem
1929 923 2098 979 tuam,

538 1018 593 1064 et
626 1012 1017 1079 possessionem
1051 1018 1194 1061 lnam
1221 1008 1483 1063 terminos
1512 1018 1688 1062 terrae.
1728 1026 1749 1060 ι
1768 1006 1949 1077 Neque
1972 1022 2100 1062 vero

537 1098 637 1152 soli
679 1099 871 1153 sunnui
902 1099 1243 1161 sacerdotes,
1275 1107 1462 1166 utpote
1504 1097 1600 1166 qui
1622 1096 1748 1151 oleo
1775 1097 1843 1150 ad
1882 1097 1933 1150 id
1963 1112 2101 1165 prat-

539 1201 728 1259 parato
758 1191 938 1243 arcani
987 1190 1267 1258 cujusdam
1323 1190 1564 1261 mysterii
1619 1204 1783 1243 causa
1831 1204 2101 1260 ungeren-

540 1288 647 1346 tur,
672 1280 878 1334 Christi
908 1281 1123 1335 nomine
1153 1281 1494 1334 ornabantur
1517 1281 1659 1350 apud
1687 1281 1978 1345 Hebraeos;
2009 1295 2099 1334 ve-

536 1388 653 1426 rum
682 1372 845 1426 etiam
894 1385 1088 1441 reges,
1133 1386 1270 1440 quos
1321 1372 1601 1439 prophetae
1653 1373 1834 1427 divino
1891 1373 2096 1428 incitati

533 1461 736 1534 Spiritu
766 1479 885 1518 cum
920 1466 1200 1519 unxissent
1226 1503 1242 1530 ,
1275 1467 1480 1535 typicos
1513 1466 1771 1534 quosdam
1808 1477 1864 1521 et
1905 1469 2099 1521 admu-

529 1554 716 1610 bratos
752 1555 996 1611 Christus
1026 1553 1361 1611 eii‘ecerunt:
1390 1556 1653 1627 siquidem
1680 1567 1735 1613 et
1777 1558 1880 1627 ipsi
1930 1558 2090 1627 regis:

536 1644 686 1698 illius
712 1645 991 1712 potestatis
1021 1662 1083 1699 ac
1104 1644 1492 1702 dominationis
1535 1647 1627 1702 Dei
1659 1649 1839 1713 Verhi,
1882 1649 1971 1718 qui
2002 1664 2087 1704 so-

533 1734 620 1790 lus
652 1750 919 1805 verosque
944 1734 1197 1790 Christus
1224 1744 1309 1789 est
1331 1775 1347 1799 ,
1377 1735 1665 1807 imaginem
1686 1738 1761 1792 ain
1789 1740 2093 1810 semetipsis

2198 553 2290 608 διὰ
2317 552 2520 607 τούτων
2543 571 2557 584 ·
2614 571 2634 605 ι
2657 552 2774 606 ’Ἰνα
2809 551 2863 605 τί
2907 549 3181 623 ἐφρύαξαν
3218 549 3345 620 ἔθνη
3375 551 3467 604 καὶ
3488 550 3604 606 λαοὶ
3632 553 3756 624 sp:-

2200 644 2428 715 λέτησαν
2456 645 2621 699 κενά’
2663 645 3013 717 παρέστησαν
3043 645 3091 697 ot
3121 642 3360 714 βασιλεῖς
3391 644 3488 715 τῆς
3517 644 3637 716 γῆς,
3667 646 3756 701 καὶ

2199 737 2250 789 oi
2277 737 2533 808 ἄρχοντες
2565 735 2906 807 συνήχθησαν
2936 735 3028 789 ἐπὶ¹
3072 734 3135 788 τὸ
3174 734 3323 799 αὐτὸ,
3364 734 3503 788 κατά
3531 736 3623 789 τοῦ
3651 738 3758 790 Κυ-

2203 828 2318 901 ρίου
2342 831 2436 882 καὶ
2466 829 2608 883 κατά
2641 829 2737 883 τοῦ
2783 828 3019 902 Χριστοῦ
3046 827 3211 883 αὐτοῦ
3237 845 3252 893 ;
3292 846 3310 879 ι
3349 824 3443 891 Οἷς
3470 828 3595 899 ἐξῆς
3642 831 3757 882 ἐπι-

2198 919 2344 990 λέγει
2379 920 2438 985 ἐξ
2470 920 2632 975 αὐτοῦ
2657 921 2722 991 δὴ
2750 920 3040 993 προσώπου
3075 919 3170 974 τοῦ
3207 918 3472 991 Χριστοῦ’
3507 938 3525 971 ι
3563 918 3756 992 Κύριος

2198 1011 2319 1068 εἷπε
2350 1012 2486 1085 πρὸς
2520 1014 2609 1084 μὲ,
2638 1013 2764 1077 Υἱός
2789 1030 2890 1083 μου
2923 1008 2973 1065 εἶ
2999 1014 3083 1077 σὺ,
3109 1012 3222 1082 ἐγὼ
3252 1014 3485 1084 σήμερον
3508 1014 3755 1084 γεγέννη-

2197 1107 2271 1161 κά
2295 1123 2380 1159 σε.
2415 1104 2645 1178 Αἴτησαι
2679 1104 2805 1177 παρ’
2852 1103 3007 1175 ἐμοῦ,
3045 1105 3138 1158 καὶ
3179 1103 3334 1158 δώσω
3358 1102 3483 1173 ἔθνη
3511 1104 3606 1174 τὴν
3631 1103 3752 1175 κλη-

2198 1199 2453 1272 ρονομίαν
2496 1216 2612 1263 σου,
2655 1198 2750 1252 καὶ
2802 1198 2899 1271 τήν
2931 1197 3258 1268 κατάσχεσίν
3301 1214 3395 1251 σου
3439 1196 3510 1250 τὰ
3551 1196 3756 1268 πέρατα

2193 1290 2296 1360 τῆς
2320 1290 2443 1361 γῆς.
2475 1309 2495 1343 ι
2527 1291 2602 1343 υὸ
2634 1289 2826 1361 μόνους
2855 1288 2913 1342 δὲ
2943 1290 3051 1361 ἄρα
3081 1290 3205 1352 τοὺς
3232 1288 3604 1360 ἀρχιερωσύνη
3626 1304 3757 1341 τετιο

2200 1382 2474 1453 μημένους
2512 1381 2676 1453 ἐλαίῳ
2713 1381 2995 1452 σκευαστῷ
3016 1381 3108 1434 τοῦ
3148 1381 3413 1452 συμϐόλου
3446 1379 3756 1453 χρωμένους

2194 1474 2377 1539 ἕνεκα,
2411 1475 2472 1527 τὸ
2522 1473 2616 1527 τοῦ
2666 1472 2901 1544 Χριστοῦ
2954 1473 3279 1542 κατεκόσμει
3331 1473 3461 1545 παρ’
3497 1471 3757 1544 Ἑϐραίοις

2195 1563 2383 1635 ὄνομα,
2413 1564 2548 1620 ἀλλά
2575 1565 2670 1619 καὶ
2712 1566 2839 1628 τοὺς
2866 1563 3137 1634 βασιλέας,
3160 1563 3254 1628 οὒς
3279 1565 3371 1617 καὶ
3418 1564 3611 1628 αὐτοὺς
3642 1562 3759 1617 νεύε-

2199 1674 2327 1727 ματι
2358 1656 2486 1728 θείῳ
2527 1655 2803 1728 προτρῆται
2844 1656 3108 1727 χρίοντες,
3141 1654 3438 1718 είκονικούς
3468 1671 3617 1717 τινας
3642 1671 3757 1726 χρι-

2197 1748 2354 1808 στοὺς
2376 1744 2786 1817 ἀπειργάζοντο.
2822 1746 2944 1798 Ὅτι
2972 1744 3036 1816 δὴ
3071 1745 3166 1799 καὶ
3193 1744 3367 1807 αὐτοὶ,
3402 1744 3502 1814 τῆς
3528 1741 3621 1795 τοῦ
3662 1740 3756 1812 μό-

529 1826 813 1897 gcrebant.
841 1827 982 1894 Quin
1009 1828 1169 1881 etiam
1198 1844 1263 1884 ex
1291 1829 1573 1896 prophetis
1604 1830 1887 1885 nonnullos
1929 1846 2087 1886 sacro

2194 1855 2285 1892 νου
2315 1838 2408 1891 καὶ
2429 1836 2662 1909 ἀληθοῦς
2696 1837 2932 1910 Χριστοῦ
2961 1836 3055 1890 τοῦ
3100 1836 3241 1892 κατά
3266 1836 3484 1890 πάντων
3514 1832 3757 1906 βασιλεύ-

525 1920 647 1974 oleo
675 1920 980 1984 delibutas,
1021 1921 1201 1991 typice
1244 1919 1492 1975 Christus
1543 1920 1707 1977 fuisse
1752 1924 2076 1991 accepimus.

523 2010 676 2066 Adeo
701 2021 758 2064 ttt
780 2027 970 2065 omnes
1002 2012 1054 2065 lti
1081 2011 1149 2065 ad
1183 2027 1365 2067 verum
1400 2011 1675 2073 Christum
1696 2051 1712 2076 ,
1746 2013 1986 2067 divinum
2025 2030 2091 2070 ac

525 2103 747 2157 celeste
786 2102 1017 2157 Verbum
1045 2102 1386 2169 referantur;
1417 2106 1617 2172 quippe
1657 2104 1749 2173 qui
1785 2105 1934 2160 solus
1965 2121 2085 2160 ont-

525 2196 673 2250 nium
700 2197 937 2266 gentium
968 2195 1227 2265 pontifex,
1260 2196 1410 2252 solus
1450 2212 1543 2251 rex
1583 2210 1647 2251 ac
1675 2197 1936 2252 Dominus
1963 2212 2086 2252 ont-

522 2288 609 2344 nis
636 2298 922 2351 creaturse,
948 2288 1095 2342 solus
1123 2289 1358 2358 denique
1376 2289 1519 2343 inter
1536 2290 1826 2359 prophetas
1849 2306 2092 2345 summus

522 2379 783 2449 propheta
830 2379 1001 2434 Patris
1046 2380 1300 2434 exsistat.
1353 2378 1522 2450 Hujus
1568 2390 1748 2435 autem
1804 2381 1880 2434 rei
1925 2395 2091 2452 argu-

524 2482 765 2525 mentum
796 2471 925 2525 illud
957 2481 1065 2533 est,
1097 2471 1235 2540 quod
1258 2486 1327 2525 ex
1355 2471 1609 2526 omnihus
1636 2472 1727 2541 qui
1759 2470 1903 2541 apud
1936 2480 2088 2527 vete-

522 2577 613 2617 res
644 2563 764 2617 oleo
810 2578 970 2617 sacro
1011 2564 1188 2634 typice
1220 2565 1707 2629 consecrabantur,
1741 2564 1859 2617 sive
1899 2577 1969 2618 ex
2003 2578 2090 2619 sa-

522 2655 856 2719 cerdotibus,
887 2655 1000 2708 sive
1028 2671 1090 2709 ex
1124 2656 1362 2725 regibus,
1406 2656 1522 2711 sive
1561 2670 1627 2711 ex
1659 2656 1960 2726 prOpItetis,
1994 2671 2092 2710 ne-

522 2761 612 2800 mo
637 2748 814 2801 adhuc
841 2756 1043 2801 tantam
1070 2748 1265 2801 divinae
1297 2746 1512 2802 virtutis
1538 2749 1837 2818 potentiam
1864 2748 2089 2804 sortitus

519 2848 640 2904 est,
673 2850 933 2908 quautam
962 2838 1225 2894 Servatur
1254 2855 1319 2895 ac
1352 2841 1611 2896 Dominus
1655 2850 1843 2896 noster
1885 2839 2042 2897 Jesus
2069 2880 2085 2906 ,

517 2932 616 3001 qui
660 2931 806 2987 solus
836 2947 1103 3001 verosque
1152 2931 1403 2989 Christus
1432 2942 1519 2988 est
1544 2972 1560 3000 ,
1590 2935 1850 2989 ostendit.
1900 2914 2103 2990 Nullus/

516 3033 665 3078 certe
699 3038 886 3079 eorum
921 3025 1272 3093 quantumvis
1319 3025 1582 3095 dignitate
1610 3035 1666 3082 et
1713 3027 1919 3082 honore
1946 3027 2086 3096 apud

515 3127 645 3186 81108
662 3130 753 3181 per
774 3116 1086 3169 continuam
1126 3114 1523 3183 antiquiSsimte
1545 3116 1734 3186 stirpis
1760 3121 1956 3171 seriem
1989 3129 2087 3170 no-

514 3178 776 3271 bilitatus,
807 3221 873 3259 cx
908 3220 972 3259 ea
1004 3206 1203 3261 Christi
1237 3178 1399 3275 quam
1432 3178 1662 3276 gerebat
1689 3208 1864 3278 typica
1897 3212 2083 3276 appel—

514 3294 715 3352 latione
747 3298 989 3352 snbditos
1017 3299 1119 3353 sibi
1146 3297 1493 3354 Christianos
1518 3301 1945 3369 cognominavit.
1977 3300 2085 3355 Sed

513 3403 586 3444 ne
609 3391 812 3444 cultum
847 3391 1060 3459 quidem
1096 3392 1260 3446 ullunt
1289 3409 1319 3446 ιι
1353 3392 1615 3461 subjectis
1642 3393 1931 3462 quisquam
1962 3393 2084 3446 illo-

515 3493 635 3532 rum
669 3487 753 3533 est
785 3491 1109 3535 consecutus
1138 3497 1154 3535 :
1185 3497 1283 3538 nec
1316 3499 1448 3538 vero
1482 3484 1533 3538 in
1586 3483 1750 3536 ullum
1791 3499 1857 3538 ex
1894 3484 2085 3539 iisdem

512 3568 606 3638 qui
639 3570 744 3622 fato
766 3567 875 3636 jam
905 3569 1119 3626 functus
1166 3571 1390 3637 fuisset,
1421 3582 1568 3627 tanta
1601 3589 1835 3641 unquam
1863 3589 2087 3644 propen-

514 3662 599 3715 sio
649 3662 861 3715 exstitit
911 3665 1262 3731 animorum,
1309 3675 1368 3720 ut
1415 3667 1663 3723 homines
1726 3667 1869 3722 illius
1912 3668 2086 3736 gratia

515 3763 742 3807 mortem
780 3766 1041 3823 oppetere
1085 3759 1255 3826 parati
1304 3770 1505 3830 essent.
1551 3760 1629 3815 Ac
1676 3774 1743 3815 ne
1788 3776 1854 3815 ex
1901 3762 2085 3818 omni-

514 3843 616 3899 bus
666 3846 886 3914 quidem
934 3848 1042 3903 illis
1098 3864 1235 3918 quos
1281 3851 1392 3906 dixi
1447 3851 1586 3906 ullus
1645 3867 1883 3922 unquam
1941 3854 2083 3918 fuit,

514 3934 670 4001 cujus
726 3952 891 3992 causa
949 3939 1017 3994 ab
1067 3941 1338 3996 universis
1387 3957 1507 4010 qme
1568 3943 1759 3998 orbem
1817 3956 2082 3997 terrarum

513 4024 756 4083 incolunt
779 4030 1028 4100 gentibus
1059 4041 1240 4087 tantus
1262 4034 1463 4102 ubique
1485 4044 1662 4089 motus
1692 4036 1766 4089 sit
1789 4037 2081 4090 excitatus.

509 4115 697 4188 Neque
723 4120 866 4173 enim
896 4122 1081 4191 ﬁgurat
1121 4122 1205 4175 vis
1236 4133 1445 4176 tantum
1482 4124 1534 4176 in
1568 4124 1674 4178 illis
1704 4134 1919 4192 poterat
1949 4138 2084 4187 ope-

513 4210 643 4272 rari,
678 4222 938 4279 quantum
970 4213 1172 4267 veritas
1196 4214 1312 4281 ipsa
1341 4230 1435 4284 per
1465 4215 1809 4269 Servaturem
1839 4226 2082 4269 nostrum

508 4301 769 4357 exhibita.
799 4303 898 4370 Qui
938 4320 1062 4359 cum
1104 4321 1204 4359 nec
1258 4304 1490 4374 insignia
1543 4306 1736 4358 summi
1786 4305 2083 4359 sacerdotii

509 4394 579 4448 ab
612 4394 722 4449 ullo
755 4398 1077 4464 accepisset,
1118 4414 1182 4452 ac
1209 4413 1278 4461 ne
1307 4396 1631 4450 sacerdotali
1663 4396 1882 4463 quidem
1917 4411 2084 4465 gene-

509 4500 568 4540 re
590 4489 885 4541 secundum
926 4505 1146 4544 carnem
1178 4498 1323 4543 esset
1349 4485 1642 4549 oriundus;
1676 4501 1774 4541 nec
1802 4487 2082 4541 hominum

505 4578 765 4634 satellitio
820 4583 887 4635 ad
923 4596 1150 4650 regnum
1190 4588 1341 4636 esset
1380 4588 1636 4642 evectus,
1675 4593 1773 4633 nec
1818 4580 2080 4647 propheta

505 4681 748 4727 veterum
780 4675 1168 4743 prophetarum
1212 4675 1317 4726 rittt
1346 4672 1522 4726 factus
1552 4670 1742 4725 inisset
1767 4688 1782 4736 ;
1811 4684 1932 4725 cum
1964 4673 2084 4723 ttul-

506 4760 613 4816 lant
638 4765 863 4819 omnino
896 4766 1214 4834 dignitatem
1241 4773 1338 4816 aut
1365 4761 1777 4831 przt-rogativam
1819 4762 1959 4831 apud
1987 4761 2082 4816 ,Ια-

507 4851 654 4910 datos
681 4855 954 4910 obtineret
980 4870 995 4908 :
1032 4853 1387 4908 nihilominus
1433 4850 1687 4906 omnibus
1717 4866 1826 4905 non
1856 4851 2075 4921 quidem

578 4997 693 5072 (εἰεί)
734 4996 937 5072 Μόνον
967 4998 1287 5072 προφητῶν
1306 4996 1780 5072 ἀρχιπροςρήτην.
1812 4996 1923 5053 Vox
1956 5016 2082 5072 προο

508 5066 696 5187 φητὸὒν
729 5069 954 5121 delenda
987 5067 1118 5121 mihi
1166 5066 1620 5138 videtur,’utpote
1657 5070 1832 5124 otiosa
1876 5084 1944 5123 ac
1984 5066 2079 5124 s'u-

508 5153 604 5187 θαι·
650 5154 733 5187 lla.

546 5140 733 5189 et'iina.

508 5153 830 5276 Ρθξὲέίῖξεκ
862 5204 969 5273 τῆς
995 5207 1127 5275 περὶ
1155 5205 1344 5261 αὐτοῦ
1370 5208 1673 5274 εὶκονικῆς
1698 5208 1806 5265 τοῦ
1827 5208 2081 5276 Χριστοῦ

507 5273 899 5349 προσρήσεως
928 5273 1119 5349 ("didit
1142 5277 1495 5349 Stephanus).
1533 5277 1588 5332 in
1618 5273 1803 5349 codice
1825 5273 2080 5333 Medicam

508 5347 831 5418 emendatur
861 5347 1015 5418 -περὶ
1038 5349 1266 5412 αὐτοὺς,
1301 5364 1408 5415 quo
1432 5347 1588 5403 modo
1636 5348 1800 5402 etiam
1851 5349 1903 5401 in
1936 5360 2084 5402 vete-

452 5410 472 5470 I
511 5413 664 5468 ribus
711 5414 927 5483 st-hetlis
961 5410 1191 5472 'disertc
1228 5410 1488 5483 scriptum
1539 5418 1743 5472 inveni.
1793 5418 1952 5472 Certe
1991 5428 2084 5473 aut

508 5482 639 5553 περὶ
666 5481 865 5559 αὐτούς
898 5488 1238 5559 scribendum
1262 5481 1365 5559 gest
1412 5497 1506 5541 aut
1528 5488 1671 5559 περὶ
1715 5488 1895 5555 αὐτόν,
1923 5500 2029 5545 etc.
2066 5507 2080 5545 :

509 5555 784 5627 prttictgssit
835 5558 978 5627 enim
1009 5558 1182 5622 ούδείς
1209 5558 1275 5627 γέ
1300 5574 1382 5610 τοι
1419 5555 1662 5612 ἐκείνων.

579 5620 692 5691 (58)
735 5625 1001 5694 Τοσαύτη
1062 5620 1271 5698 Tereus
1334 5628 1594 5697 κίνησις.
1645 5627 1782 5684 Male
1833 5628 2082 5684 Christo-

509 5691 817 5767 pitorsontts
878 5691 1252 5767 persecutionis
1319 5691 1603 5752 tumultum
1669 5700 2079 5767 interpretatur.

511 5759 740 5833 Κίνηοις
769 5759 888 5823 hoc
909 5766 1026 5824 loco
1056 5768 1278 5826 verbum
1311 5780 1393 5826 est
1427 5770 1685 5838 medium,
1712 5759 1854 5844 quod
1885 5779 1990 5825 tam
2024 5770 2079 5826 in

2190 1946 2342 1993 οντος
2386 1928 2532 1982 θείου
2558 1929 2732 1998 Λόγου
2781 1929 3065 2001 βασιλικῆς
3103 1929 3197 1983 xa‘t
3246 1929 3478 2000 ἀρχικῆς
3518 1925 3758 1994 ἐξουσίας

2190 2025 2315 2087 τοὺς
2342 2022 2542 2086 τύπους
2570 2021 2639 2076 δι’
2687 2022 2895 2075 ἑαυτῶν
2935 2020 3149 2093 ἔφερον.
3187 2020 3322 2091 Ἤδη
3350 2020 3406 2072 δὲ
3450 2020 3546 2073 καὶ
3586 2016 3759 2071 αὐτῶν

2190 2113 2300 2166 τῶν
2344 2112 2636 2184 προφητῶν
2694 2127 2851 2174 τινας
2893 2110 2982 2164 διὰ
3033 2110 3331 2182 χρίσματος
3393 2108 3647 2179 χριστοὺς
3701 2107 3759 2159 ἐν

2189 2201 2345 2272 τύπῳ
2363 2202 2643 2271 γεγονέναι
2673 2201 3119 2272 παρειλήφαμεν*
3151 2200 3228 2262 ὡς
3263 2197 3487 2262 τούτους
3519 2198 3760 2259 ἅπαντας

2190 2292 2288 2364 τὴν
2318 2294 2409 2346 ἐπὶ
2430 2293 2527 2346 τὸν
2542 2292 2714 2365 ἀληθῆ
2748 2292 3002 2363 Χριστὸν,
3032 2291 3124 2345 τὸν
3152 2289 3333 2345 ἔνθεον
3377 2290 3474 2343 καὶ
3515 2290 3760 2363 οὐράνιον

2192 2384 2384 2453 Λόγον,
2407 2383 2685 2457 ἀναφορὰν
2705 2385 2869 2454 ἔχειν’
2901 2383 3059 2454 μόνον
3077 2382 3339 2453 ἀρχιερέα
3368 2382 3478 2435 τῶν
3508 2381 3644 2436 ὅλων
3671 2380 3764 2434 καὶ

2195 2477 2353 2547 μόνον
2383 2476 2594 2547 ἀπάσης
2618 2475 2717 2545 τῆς
2736 2475 2965 2539 κτίσεως
2995 2474 3238 2545 βασιλέα,
3256 2474 3350 2527 καὶ
3369 2474 3528 2543 μόνον
3556 2486 3764 2544 προφη-

2190 2565 2298 2619 τῶν
2355 2567 2771 2638 ἀρχιπροφήτην
2825 2565 2934 2637 (56)
2979 2566 3073 2620 τοῦ
3134 2564 3348 2636 Πατρὸς
3404 2565 3760 2635 τυγχάνοντα.

2192 2656 2392 2711 Τούτου
2423 2658 2465 2711 δ’
2511 2657 2805 2723 ἀπόδειξις,
2844 2660 2905 2713 τὸ
2940 2659 3143 2732 μηδένα
3180 2679 3267 2715 πω
3309 2661 3418 2716 τῶν
3466 2662 3636 2716 πάλαι
3676 2661 3761 2715 διὰ

2189 2749 2285 2803 τοῦ
2311 2750 2581 2821 συμϐόλου
2606 2750 3004 2823 κεχρισμένων,
3039 2752 3177 2823 μήτε
3224 2752 3413 2824 ἱερέων
3440 2753 3580 2824 μήτε
3610 2751 3765 2823 βασι-

2188 2843 2345 2909 λέων,
2385 2844 2523 2914 μήτε
2562 2841 2666 2915 μὴν
2689 2842 3002 2915 προφητῶν,
3041 2843 3307 2915 τοσαύτην
3342 2844 3548 2915 ἀρετῆς
3582 2843 3762 2898 ἐνθέου

2188 2936 2418 3006 δύναμιν
2438 2934 2763 3007 κτήσασθαι,
2795 2937 2927 3007 ὅσην
2955 2938 2984 2989 ὁ
3015 2936 3202 3009 Σωτὴρ
3242 2937 3338 2991 καὶ
3370 2937 3578 3009 Κύριος
3606 2937 3761 3009 ήμῶν

2201 3029 2408 3101 Ἰησοῦς
2430 3030 2459 3081 ὁ
2494 3028 2653 3099 μόνος
2678 3029 2774 3083 καὶ
2804 3028 3056 3099 ἀληθινὸς
3100 3027 3336 3100 Χριστὸς
3379 3029 3760 3084 ἐπιδέδεικται.

2192 3122 2379 3185 Οὐδείς
2402 3122 2467 3191 γέ
2495 3138 2576 3175 τοι
2598 3122 2821 3176 ἐκείνων
2855 3122 3058 3194 καίπερ
3089 3122 3353 3193 ἀξιώματι
3382 3123 3479 3177 καὶ
3503 3126 3636 3194 τιμῇ
3671 3120 3765 3174 ἐπὶ

2191 3214 2468 3278 πλείσταις
2488 3215 2641 3277 ὅσαις
2667 3217 2882 3283 γενεαῖς
2924 3215 3075 3287 παρά
3114 3218 3227 3279 τοῖς
3267 3216 3489 3281 οἰκείοις
3536 3216 3764 3287 διαλαμ-

2184 3306 2424 3377 ψάντων,
2452 3305 2580 3370 τοὺς
2609 3305 2887 3377 ὑπηκόους
2908 3306 3129 3361 πώποτε
3157 3308 3221 3360 ὲκ
3256 3307 3354 3378 τῆς
3403 3308 3534 3380 περὶ
3568 3307 3766 3370 αὐτοὺς

2186 3397 2460 3469 είκονικῆς
2498 3395 2594 3450 τοῦ
2625 3395 2863 3469 Χριστοῦ
2892 3398 3244 3470 προσρήσεως
3271 3397 3382 3469 (57)
3406 3398 3767 3472 Χριστιανοὺς

2186 3490 2557 3562 ἐπεφήμισεν·
2590 3488 2705 3544 ἀλλ’
2736 3488 2857 3543 οὐδὲ
2893 3487 3184 3560 σεϐάσμιός
3226 3507 3334 3544 τινι
3380 3491 3590 3545 τούτων
3630 3488 3767 3562 πρὸς

2182 3582 2295 3636 τῶν
2327 3585 2583 3656 ὑπηκόων
2625 3583 2841 3657 ὑπῆρξε
2881 3586 3048 3657 τιμή·
3073 3584 3185 3640 ἀλλ’
3216 3584 3336 3638 οὐδὲ
3377 3585 3516 3656 μετά
3544 3584 3643 3656 τὴν
3673 3601 3765 3636 τεο

2185 3674 2376 3746 λευτὴν
2403 3676 2639 3745 τοσαύτη
2671 3677 2932 3742 διάθεσις,
2963 3678 3104 3731 ὥστε
3136 3679 3229 3731 καὶ
3260 3679 3766 3751 ὑπεραποθνήσκειν

2186 3764 2418 3834 ἑτοίμως
2450 3764 2593 3835 ἔχειν
2623 3762 2715 3818 τοῦ
2746 3766 3079 3838 τιμωμένου.
3110 3767 3246 3819 Ἀλλ’
3271 3768 3391 3820 οὐδὲ
3413 3767 3637 3821 πάντων
3657 3766 3768 3819 τῶν

2185 3856 2290 3910 ἀνὰ
2309 3857 2409 3927 τήν
2432 3857 2757 3927 οἰκουμένην
2790 3857 2961 3910 ἐθνῶν
2992 3859 3118 3929 περί
3145 3876 3264 3911 τινα
3285 3858 3391 3911 τῶν
3424 3858 3545 3912 τότε
3569 3859 3770 3914 τοσαύ⁶

2184 3962 2252 4018 τη
2280 3947 2471 4015 γέγονε
2500 3946 2717 4017 κίνησις
2752 3945 2885 4015 (58),
2917 3947 3036 3999 ἐπεὶ
3065 3947 3200 4019 μηδὲ
3225 3948 3478 4001 τοσοῦτον
3511 3950 3572 4002 ἐν
3616 3949 3767 4005 ὲκεί-

2184 4050 2298 4097 νοις
2327 4036 2360 4105 ή
2395 4034 2488 4087 τοῦ
2513 4034 2782 4104 συμϐόλου
2805 4034 3032 4105 δύναμις
3058 4037 3147 4088 οἵα
3173 4053 3231 4090 τε
3251 4032 3317 4107 ἦν
3349 4039 3615 4108 ἐνεργεῖν,
3638 4040 3766 4094 ὅσον

2186 4126 2220 4196 ή
2259 4127 2357 4196 τῆς
2382 4125 2640 4197 ἀληθείας
2684 4126 3025 4198 παράστασις
3051 4127 3141 4181 διὰ
3170 4126 3265 4182 τοῦ
3311 4128 3564 4200 Σωτῆρος
3604 4131 3767 4202 ἡμῶν

2187 4218 2563 4289 ἐνδεικνυμένη
2585 4235 2599 4248 ·
2625 4218 2684 4282 ὃς
2714 4217 2835 4271 οὔτε
2864 4218 3103 4290 σύμϐολα
3129 4221 3221 4289 καὶ
3252 4220 3451 4284 τύπους
3494 4222 3769 4295 ἀρχιερω-

2189 4312 2353 4382 σύνης
2381 4311 2532 4382 παρά
2552 4327 2643 4363 του
2669 4309 2870 4375 λαϐὼν,
2905 4311 3017 4365 ἀλλ’
3039 4311 3160 4365 οὐδὲ
3181 4312 3336 4380 γένος
3354 4314 3415 4367 τὸ
3443 4315 3573 4385 περ).
3603 4315 3768 4386 σῶμα

2187 4403 2245 4470 ἐξ
2278 4403 2588 4474 ἱερωμένων
2614 4404 2888 4473 κατάγων,
2914 4403 3021 4456 οὐδ’
3052 4404 3259 4476 ἀνδρῶν
3281 4405 3635 4478 δορυφορίαις
3674 4406 3768 4459 ἐπὶ

2116 4519 2159 4573 ι)
2189 4492 2464 4566 βασιλείαν
2489 4494 2799 4566 προαχθεὶς,
2825 4495 2944 4548 οὐδὲ
2971 4493 3076 4565 μὴν
3110 4498 3389 4566 προφήτης
3416 4494 3622 4565 ὁμοίως
3654 4498 3768 4559 τοῖς

2189 4583 2354 4638 πάλαι
2373 4580 2680 4654 γενόμενος,
2711 4584 2821 4638 οὐδ’
2863 4585 3018 4652 ἀξίας
3045 4585 3180 4649 ὅλως
3208 4585 3241 4656 ἡ
3265 4603 3408 4649 τινος
3437 4584 3594 4657 παρά
3636 4587 3768 4640 Ἰου-

2186 4674 2354 4737 δαίοις
2375 4672 2552 4743 τυχὼν
2582 4675 2897 4747 προεδρίας,
2937 4677 3085 4747 ὅμως
3116 4679 3228 4739 τοῖς
3271 4678 3437 4730 πᾶσιν
3473 4678 3523 4730 εί
3561 4678 3657 4732 καὶ
3690 4678 3767 4749 μὴ

2186 4765 2298 4826 τοῖς
2330 4761 2640 4834 συμϐόλοις,
2682 4763 2799 4817 ἀλλ’
2843 4764 2979 4835 αὐτῇ
3021 4780 3084 4833 γε
3130 4766 3196 4835 τῇ
3232 4762 3456 4835 ἀληθείᾳ
3485 4765 3642 4836 παρά
3671 4762 3767 4818 τοῦ

2186 4851 2402 4925 Πατρδς
2431 4854 2769 4926 ἐκεκόσμητο
2799 4854 2933 4927 (59).
2971 4856 3083 4925 Οὐχ
3106 4853 3305 4925 ὁμοίων
3328 4853 3372 4906 δ’
3406 4849 3500 4909 οῦν
3527 4849 3613 4920 οἷς
3633 4872 3771 4927 προ-

2187 4999 2385 5052 bonam
2417 5014 2578 5068 quam
2608 5000 2661 5056 in
2697 4999 2892 5053 malam
2923 5011 3127 5068 partem
3160 4999 3297 5055 sumi
3327 5006 3526 5068 potest,
3551 5014 3619 5054 ac
3654 5009 3763 5054 tam

2190 5069 2257 5123 de
2281 5070 2553 5124 benevolis
2575 5079 2625 5123 et
2653 5072 2843 5127 amicis
2870 5086 3029 5135 quant
3055 5071 3120 5123 de
3147 5070 3388 5123 hostibus
3412 5083 3476 5121 ac
3507 5084 3770 5135 persecu-

2190 5139 2398 5210 toribus
2422 5141 2582 5194 debet
2608 5140 2853 5210 intelligi.
2881 5141 3063 5210 ltaque
3090 5139 3359 5210 Eusebius
3380 5138 3518 5210 dixit
3544 5139 3765 5210 κίνησιν

2187 5208 2316 5281 περί
2341 5227 2484 5274 τινα,
2514 5224 2620 5281 non
2655 5206 2833 5281 autem
2861 5209 3002 5263 κατά
3036 5226 3197 5273 τινος.
3235 5206 3358 5281 Vult
3389 5208 3536 5261 cuitu
3576 5206 3767 5264 dic-cie

2189 5278 2463 5346 nunquam
2515 5280 2674 5333 ullius
2726 5280 2961 5333 hominis
3011 5294 3174 5334 causa
3227 5278 3387 5331 talem
3442 5287 3765 5347 tantumque

2192 5360 2393 5403 motunt
2437 5348 2676 5403 omnium
2724 5352 2963 5415 gentium
3005 5350 3311 5410 exstitisse,
3349 5359 3587 5415 quantus
3633 5350 3766 5403 Ser-

2193 5422 2398 5473 vatoris
2441 5419 2609 5473 nostri
2652 5432 2814 5472 causa
2849 5420 3083 5481 exstitit;
3127 5419 3247 5472 aliis
3289 5417 3607 5486 religionem
3641 5420 3765 5485 ejus

2189 5490 2679 5558 atnplectcntibns.
2725 5490 2847 5543 aliis
2917 5487 3373 5557 itnpngnantibtts.
3440 5488 3759 5556 Eleganter,

2190 5574 2310 5612 meo
2337 5559 2552 5626 quidem
2576 5558 2804 5626 judicio,
2840 5560 3171 5626 Nicephorus
3203 5560 3344 5612 hunc
3372 5569 3578 5612 malum
3612 5574 3765 5613 cat:-

2191 5628 2414 5701 μὸνμτῆς
2442 5628 2766 5701 οἰκουμένης
2799 5630 3048 5701 appellat.

2258 5696 2381 5780 (59)"
2409 5697 2574 5780 Παρὰ
2599 5696 2731 5780 ’τον-ὗ⁷
2752 5696 3103 5780 πνεύματος.
3126 5697 3512 5780 ἐκεκόσμητο.
3540 5696 3765 5780 _0mnes

2186 5767 2359 5826 nosu'i
2382 5772 2619 5839 codices,
2652 5769 2854 5841 Regius
2899 5767 3140 5837 Scilicet,
3179 5768 3315 5824 Maz.
3342 5767 3408 5826 ac
3432 5767 3605 5836 Μαι..
3634 5785 3762 5826 cum
