3972 6472
279 339 336 393 ⁷7
1281 340 1631 399 HISTORIA
1668 339 2222 399 ECCLESIASTICE
2262 337 2388 393 LIB.
2426 337 2469 391 ι.
3421 344 3493 401 73

279 459 431 518 ἐθνῶν
497 462 1064 536 πολυανθρωπότατὸν
1133 483 1191 519 τε
1245 468 1339 520 καὶ
1406 466 1837 531 θεοσεϐέστατον,

1943 463 2180 519 omnium
2209 461 2484 517 nationum
2513 457 2922 531 populosissima
2957 474 3022 515 ac
3048 461 3450 532 religiosissima
3472 508 3490 534 ,

279 554 435 627 ταύτῃ
462 571 524 607 τε
554 554 870 628 ἀνώλεθρον
899 556 995 611 καὶ
1023 558 1304 628 ἀήττητον,
1418 558 1510 611 καὶ
1553 558 1702 610 ἐσαεὶ
1738 556 1839 626 τῆς

282 644 416 716 παρὰ
438 644 576 698 Θεοῦ
615 645 873 718 βοηθείας
921 647 1195 718 τυγχάνει,
1241 647 1446 718 χρόνων
1482 647 1840 720 προθεσμίαις

280 723 523 809 ἀρρήτοις
556 738 781 810 ἁθρόως
824 737 995 803 οὕτως
1028 739 1361 811 ἀναπέφηνε,
1417 740 1478 794 τὸ
1531 740 1683 813 παρὰ
1727 741 1841 803 τοῖς

282 831 397 882 πᾶσι
422 832 487 900 τῇ
517 829 615 881 τοῦ
640 830 880 901 Χριστοῦ
914 833 1247 904 προσηγορίᾳ
1273 833 1649 903 τετιμημένον.
1672 831 1842 886 Τοῦτο

281 921 360 973 καὶ
404 922 709 992 προφητῶν
756 923 1074 994 κατεπλάγη
1117 942 1199 989 τις
1238 925 1381 978 θείου
1425 924 1738 995 Πνεῦματος
1786 925 1843 977 ὁ·

280 1010 495 1081 φθαλμῷ
522 1011 583 1063 τὸ
598 1011 798 1081 μέλλον
820 1011 1034 1066 ἔσεσθαι
1061 1012 1465 1086 προθεωρήσας,
1495 1013 1569 1078 ὡς
1597 1014 1690 1068 καὶ
1719 1013 1841 1068 τάδε

281 1103 711 1172 ἀναφθέγξασθαι
736 1120 751 1133 ·
797 1123 816 1156 ι
846 1106 941 1169 Τίς
977 1106 1171 1176 ἢκουσε
1198 1106 1454 1171 τοιαῦτα;
1498 1106 1592 1160 καὶ
1612 1106 1696 1170 τίς
1725 1106 1840 1161 ὲλὰ-

281 1194 427 1263 λησεν
454 1194 631 1258 οὕτως
663 1195 817 1266 (67);
849 1197 897 1248 εί
929 1195 1083 1249 ὢδινε
1106 1196 1178 1268 γῆ
1208 1198 1265 1249 ὲν
1302 1199 1399 1268 μιᾷ
1427 1198 1631 1269 ἡμέρᾳ,
1667 1199 1761 1251 καὶ
1791 1200 1840 1250 εἰ

280 1286 457 1358 ἐτέχθη
502 1285 660 1349 ἔθνος
712 1285 972 1358 είσάπαξ;
999 1306 1018 1339 ι
1055 1286 1439 1358 Ὑποσημαίνει
1480 1288 1541 1341 δε
1585 1306 1700 1353 πως
1748 1292 1841 1343 καὶ

278 1380 364 1449 τὴν
389 1377 695 1449 μέλλουσαν
718 1379 750 1430 ὁ
782 1377 945 1441 αὐτὸς
987 1379 1370 1449 προσηγορίαν,
1405 1379 1609 1448 λέγων’
1652 1400 1670 1431 ι
1719 1379 1842 1444 Τοῖς

277 1471 328 1523 δὲ
344 1468 653 1523 δουλεύουσί
688 1485 786 1538 μοι
804 1467 1132 1541 κληθήσεται
1151 1469 1318 1540 ὄνομα
1347 1470 1547 1534 καινὸν,
1576 1471 1604 1524 ὃ
1623 1471 1843 1542 εὐλογη-

277 1561 489 1632 θὴσεται
544 1561 642 1613 ἐπὶ
680 1561 788 1631 τῆς
838 1559 960 1629 γῆς.
1006 1579 1023 1610 ι
1068 1559 1205 1613 Ἀλλ’
1259 1562 1309 1613 εἰ
1356 1561 1451 1615 καὶ
1495 1562 1605 1614 νέοι
1654 1560 1842 1630 σαφῶς

277 1653 444 1721 ἡμεῖς,
474 1648 759 1705 καὶτοῦτο
787 1650 970 1703 καινὸν
1011 1649 1180 1715 ὅντως
1218 1651 1387 1723 ὄνομα
1415 1651 1476 1704 τὸ
1503 1651 1842 1722 Χριστιανῶν

278 1740 469 1810 ἀρτίως
498 1738 657 1810 παρὰ
689 1740 861 1791 πᾶσιν
886 1736 1060 1791 ἔθνεσι
1086 1741 1427 1813 γνωρίζεται,
1460 1743 1489 1795 ὁ
1534 1740 1647 1811 βίος
1684 1740 1727 1794 δ’
1750 1736 1841 1795 οῦν

275 1806 411 1900 ὅμως
439 1830 539 1883 καὶ
565 1806 905 1901 τῆςάγωγῆς
935 1831 963 1883 ὁ
989 1806 1217 1905 τρόπος,
1240 1806 1420 1897 αὐτοῖς
1456 1806 1732 1896 εὐσεϐείας
1756 1832 1841 1887 δό-
1877 1806 1916 1859 Β

273 1938 488 1991 γμασιν,
510 1923 597 1975 ὅτι
629 1923 709 1995 μὴ
743 1923 968 1996 ἔναγχος
1002 1925 1090 1993 ὑφ’
1132 1923 1290 1996 ἡμῶν
1326 1922 1743 1989 ὲπιπέπλασται,
1780 1926 1844 1979 ὲκ

274 2013 488 2087 πρώτης
506 2014 566 2067 δὲ
595 2014 675 2078 ὡς
689 2017 865 2069 εἰπεῖν
889 2016 983 2070 ἀνθ
993 2014 1323 2087 ρωπογονίας
1339 2018 1589 2082 φυσικαῖς
1618 2016 1844 2081 ἐννοίαις

272 2107 370 2161 τῶν
401 2108 580 2161 πάλαι
610 2096 881 2176 θεοεριλῶν
924 2107 1130 2178 ἀνδρῶν
1176 2105 1541 2178 κατωρθοῦτο,
1596 2100 1699 2161 ὧδέ
1729 2125 1844 2171 πως

273 2196 629 2266 ἐπιδείξομεν.
680 2196 756 2249 Οὐ
784 2195 922 2260 νέον,
955 2194 1088 2249 ἀλλὰ
1126 2193 1220 2248 καὶ
1250 2192 1401 2264 παρὰ
1434 2195 1595 2246 πᾶσιν
1632 2192 1842 2264 ἀνθρώ-

274 2303 385 2350 ποις
431 2288 768 2359 ἀρχαιότητι.
816 2284 1177 2356 τετιμημένον
1220 2284 1393 2349 ἔθνος,
1440 2287 1550 2348 τοῖς
1588 2286 1721 2338 πᾶσι
1753 2285 1846 2338 καὶ

274 2378 393 2430 αὐτὸ
409 2376 722 2448 γνώριμον,
755 2378 815 2429 τὸ
848 2377 1110 2447 Ἐϐραίων
1138 2376 1410 2447 τυγχάνει.
1427 2375 1588 2444 Λόγοι
1609 2375 1671 2447 δὴ
1699 2375 1846 2448 παρὰ

274 2468 434 2538 τούτῳ
481 2468 585 2521 καὶ
618 2466 929 2538 γράμματα
976 2466 1236 2529 παλαιοὺς
1268 2465 1464 2536 ἄνδρας
1510 2464 1843 2536 περιέχουσι,

280 2559 530 2621 σπανίους
582 2559 683 2628 μὲν
722 2559 820 2612 καὶ
860 2557 1076 2629 ἀριθμῷ
1105 2557 1345 2631 βραχεῖς,
1379 2555 1491 2609 ἀλλ’
1516 2557 1663 2626 ὅμως
1695 2556 1845 2609 εὐσε-

278 2650 385 2722 ϐείᾳ
413 2652 512 2703 καὶ
542 2644 869 2721 δικαιοσὺνῃ
898 2650 991 2703 καὶ
1018 2649 1165 2722 πάσῃ
1197 2634 1259 2719 τῇ
1291 2648 1447 2718 λοιπῇ
1474 2646 1844 2715 διενεγκόντας

232 2795 237 2798 ι
275 2741 448 2814 ἀρετῇ.
517 2742 642 2814 Πρὸ
669 2743 772 2813 μέν
806 2759 870 2811 γε
925 2741 1016 2796 τοῦ
1069 2739 1472 2812 κατακλυσμοῦ,
1521 2738 1846 2810 διαφόρους

278 2836 402 2905 μετᾶ
428 2835 487 2888 δὲ
511 2836 617 2888 καὶ
644 2834 861 2899 τοῦτον,
886 2834 1106 2904 ἐτέρους
1134 2832 1241 2885 τῶν
1273 2848 1332 2885 τε
1361 2830 1455 2883 τοῦ
1490 2829 1610 2883 Νῶε
1640 2830 1846 2885 παίδων

274 2929 358 2979 καὶ
386 2926 704 2991 ἀπογόνων,
728 2924 872 2997 ἀτὰρ
896 2926 989 2978 καὶ
1018 2924 1109 2977 τὸν
1146 2924 1393 2996 ’Δϐραὰμ
1421 2923 1554 2996 (68),
1581 2924 1640 2977 ὃν
1671 2923 1843 2997 ἀρχη-

274 3018 358 3086 γὸν
404 3019 502 3072 καὶ
566 3019 894 3088 προπάτορα
929 3015 1078 3086 σφῶν
1125 3016 1305 3070 αὐτῶν
1352 3015 1539 3081 παῖδες
1582 3016 1847 3089 Ἐϐραίων

270 3108 506 3177 αὑχοῦσι.
535 3108 765 3169 Πάντας
787 3106 833 3159 δ’
870 3105 1107 3168 ἐκείνους
1137 3105 1444 3177 δικαιοσύνῃ
1494 3122 1845 3179 μεμαρτυρη-

272 3198 480 3264 μένους,
510 3199 583 3264 ἐξ
608 3198 780 3252 αὐτοῦ
802 3198 897 3252 τοῦ
922 3197 1169 3270 Ἀϐραὰμ
1194 3200 1286 3253 ἐπὶ
1308 3200 1399 3253 τὸν
1421 3198 1637 3271 πρῶτον
1668 3198 1846 3253 ἀνιοῦ-

272 3307 349 3343 ’σιν
379 3291 702 3363 ἄνθρωπον,
727 3289 879 3361 ἔργῳ
922 3289 1276 3359 Χριστιανοὺς
1307 3292 1354 3344 εί
1392 3290 1485 3344 καὶ
1518 3288 1592 3361 μὴ
1623 3290 1846 3361 ὀνόματι

271 3380 584 3451 προσειπών
602 3398 712 3445 τις,
741 3380 845 3434 οὐκ
874 3377 939 3433 ἂν
962 3378 1117 3442 ἐκτὸς
1140 3378 1288 3450 βάλοι
1332 3380 1429 3451 τῆς
1473 3378 1746 3451 ἀληθείας.
1780 3379 1845 3432 Ὃ

270 3474 369 3544 γάρ
409 3491 493 3527 τοι
542 3470 752 3543 δηλοῦν
794 3470 966 3525 ἐθέλει
1002 3469 1239 3542 τοῦνομα
1268 3470 1329 3524 τὸ
1354 3471 1680 3545 Χριστιανοῦ
1711 3471 1842 3542 (69),

268 3563 425 3637 ἄνδρα
451 3564 544 3618 διὰ
578 3563 681 3634 τῆς
714 3561 814 3616 τοῦ
843 3562 1078 3633 Χριστοῦ
1102 3561 1354 3631 γνώσεως
1375 3565 1466 3619 καὶ
1480 3561 1842 3626 διδασκαλίας,

274 3656 598 3727 σωφροσύνῃ
634 3655 734 3709 καὶ
778 3653 1118 3725 δικαιοσύνῃ,
1170 3656 1431 3728 καρτερίᾳ
1475 3673 1536 3709 τε
1590 3654 1704 3727 βίου
1752 3655 1845 3708 καὶ

268 3747 455 3817 ἀρετῆς
487 3747 722 3819 ἀνδρίᾳ,
753 3745 1033 3810 εὐσεϐείας
1074 3763 1135 3800 τε
1178 3746 1435 3819 ὁμολογίᾳ
1465 3747 1581 3811 ἑνὸς
1619 3748 1712 3800 καὶ
1747 3746 1843 3817 μό-

270 3853 352 3890 νου
374 3840 465 3893 τοῦ
496 3841 600 3893 ἐπὶ
624 3840 857 3894 πάντων
887 3839 1020 3893 Θεοῦ
1043 3838 1384 3911 διαπρέπειν,
1400 3838 1559 3893 τοῦτο
1583 3840 1690 3893 πᾶν
1712 3838 1846 3891 ὲκεί-

272 3942 369 3990 νοις
393 3928 452 3980 οὐ
472 3933 668 4000 χεῖρον
703 3928 867 3999 ἡμῶν
886 3928 1262 3992 ἐσπουδάζετο,
1291 3928 1416 3983 Oli-5‘
1458 3925 1567 3984 οὖν’
1596 3929 1844 4001 σώματος

270 4018 436 4082 αὐτοῖς
467 4019 792 4094 περιτομῆς
817 4018 1025 4090 ἔμελεν,
1057 4020 1139 4074 ὅτι
1182 4018 1314 4090 μηδὲ
1350 4023 1512 4093 ἡμῖν’
1548 4024 1609 4077 οὐ
1645 4022 1847 4076 σαϐϐά-

269 4125 365 4163 των
406 4113 830 4184 ὲπιτηρήσεως,
881 4111 964 4165 ὅτι
1033 4110 1167 4183 μηδὲ
1221 4113 1390 4183 ἡμῖν·
1428 4113 1541 4167 ἀλλ’
1573 4114 1693 4168 οὐδὲ
1737 4118 1844 4169 τῶν

269 4202 468 4276 τοιῶνδε
491 4205 722 4276 τροφῶν
751 4204 1169 4276 παραφυλακῆς,
1196 4205 1317 4258 οὐδὲ
1359 4206 1468 4259 τῶν
1502 4207 1678 4262 ἄλλων
1730 4209 1845 4263 δια-

271 4292 465 4365 στολῆς,
495 4297 605 4349 ὅσα
626 4297 748 4358 τοῖς
773 4296 1069 4365 μετέπειτα
1099 4295 1315 4368 πρῶτος
1329 4299 1579 4353 ἁπάντων
1607 4301 1846 4371 Μωῦσῆς

267 4383 563 4458 ἀρξάμενος
596 4390 661 4441 ὲν
707 4386 1000 4457 συμϐόλοις
1041 4389 1308 4443 τελεῖσθαι
1338 4392 1737 4464 παραδέδωκεν,
1762 4395 1846 4448 ὅτι

1941 550 2373 620 inexpugnabilis
2401 550 2466 605 ad
2492 550 2607 605 hate
2634 560 2689 603 et
2724 548 2920 604 invicta
2947 564 3011 606 eo
3031 553 3173 620 quod
3223 552 3314 607 Dei
3340 557 3494 610 auxi-

1938 641 2011 696 lio
2039 657 2251 711 semper
2277 642 2479 696 munita
2524 642 2614 705 sil,
2650 641 2868 697 statutis
2896 642 2961 696 ab
3003 657 3198 698 arcana
3233 645 3327 703 Dei
3370 662 3495 718 pro-

1938 732 2177 786 videntia
2197 732 2525 802 temporibus
2545 741 2761 802 repente
2780 733 2829 787 in
2852 734 3018 789 lucem
3036 736 3280 798 emersit,
3296 735 3494 791 Christi

1939 821 2159 876 nomine
2199 822 2340 891 apud
2386 837 2571 876 omnes
2600 823 2800 893 ubique
2838 825 3140 881 nobilitata.
3176 827 3328 880 llanc
3369 844 3497 894 pm-

1940 912 2099 982 pheta
2122 911 2338 981 quidam
2369 913 2530 967 divini
2555 912 2790 983 Spiritus
2820 917 2975 972 oculo
3016 932 3137 973 cum
3179 923 3494 989 prospexis-

1941 1010 2042 1067 set,
2076 1010 2224 1055 tanta
2259 1001 2611 1059 admiratione
2638 1007 2915 1075 perculsus
2946 1016 3046 1073 est,
3076 1019 3135 1063 ut
3160 1010 3245 1066 his
3272 1015 3498 1067 vocibus

1941 1092 2306 1149 exclamaret:
2344 1112 2364 1148 ι
2403 1094 2533 1162 Quis
2563 1097 2764 1153 audivit
2785 1100 3014 1156 talia?ct
3030 1103 3152 1172 quis
3184 1105 3264 1159 sic
3293 1104 3498 1160 locutus

1942 1186 2064 1240 est?
2109 1184 2362 1255 Nunquid
2399 1188 2654 1255 parturiit
2704 1199 2843 1244 terra
2877 1192 2931 1245 in
2979 1207 3084 1246 una
3119 1194 3241 1248 die?
3267 1204 3321 1250 et
3355 1214 3499 1251 nun-

1942 1276 2067 1346 quid
2098 1293 2229 1347 gens
2249 1278 2391 1332 edita
2415 1287 2497 1333 est
2525 1294 2631 1335 uno
2662 1282 2861 1349 partu?
2898 1300 2917 1334 ι
2957 1283 3128 1353 ipsam
3158 1301 3285 1341 vero
3314 1291 3501 1358 appel-

1945 1370 2195 1424 lationem
2226 1370 2364 1425 idem
2388 1372 2648 1442 propheta
2684 1373 2945 1444 designat,
2984 1376 3098 1433 haec
3126 1378 3310 1435 dicens
3339 1399 3354 1436 :
3393 1400 3413 1434 ι
3436 1382 3501 1435 Et

1943 1459 2304 1517 servientibus
2335 1462 2464 1517 mihi
2514 1463 2818 1532 imponetur
2865 1482 3059 1523 nomen
3107 1485 3328 1538 novum,
3358 1478 3499 1542 quod

1944 1551 2292 1605 benedicetur
2332 1553 2384 1607 in
2443 1554 2687 1609 terram.
2727 1575 2747 1609 ι
2791 1557 2986 1614 Verum
3028 1564 3263 1619 .tamelsi
3295 1566 3501 1635 absque

1942 1645 2312 1699 controversia
2368 1645 2564 1701 novelli
2608 1662 2814 1715 sumus,
2872 1659 2928 1704 et
2978 1652 3081 1708 hoc
3124 1669 3317 1711 novum
3355 1668 3504 1716 certe

1944 1733 2376 1790 Christianorum
2414 1751 2613 1807 nomen
2647 1754 2819 1810 nuper
2847 1742 3097 1801 omnibus
3123 1745 3384 1816 innotuit;
3417 1767 3504 1805 se-

1946 1832 2086 1881 ctam
2117 1835 2294 1881 tamen
2316 1828 2690 1899 rationemque
2718 1830 2928 1887 vivendi
2947 1850 3053 1891 non
3081 1850 3272 1894 recens
3295 1853 3324 1892 a
3348 1841 3504 1896 nobis

1944 1918 2324 1985 compositam,
2377 1920 2471 1974 sed
2514 1919 2627 1989 jam
2662 1922 2791 1978 inde
2829 1937 2861 1976 a
2888 1926 3082 1993 primo,
3111 1935 3169 1981 ut
3197 1928 3268 1982 ita
3301 1929 3499 1993 dicam.

1945 2008 2165 2063 conditu
2201 2010 2415 2080 generis
2439 2011 2677 2080 humani,
2706 2029 2771 2068 ex
2804 2016 3115 2073 nolionibus
3146 2032 3175 2073 a
3206 2031 3397 2076 natura
3423 2023 3504 2076 iu-

1945 2098 2087 2163 silis,
2112 2100 2178 2154 ab
2215 2100 2526 2157 hominibus
2555 2102 2664 2158 Deo
2712 2109 2949 2176 acceptis
2977 2107 3288 2166 institutam
3337 2122 3506 2183 atque

1946 2192 2211 2245 excultam
2244 2191 2430 2258 fuisse,
2479 2194 2559 2249 sic
2608 2194 2979 2253 demonstrare
3029 2202 3366 2259 conabimur.
3399 2203 3506 2261 He-

1947 2285 2212 2338 braeorum
2246 2294 2460 2355 gentem
2489 2286 2903 2358 haudquaquam
2946 2304 3215 2350 recentem
3242 2310 3384 2364 esse,
3409 2299 3502 2353 sed

1947 2377 2229 2431 vetustatis
2267 2377 2440 2449 gratia
2473 2378 2612 2449 apud
2638 2390 2828 2437 omnes
2854 2380 2906 2436 in
2932 2382 3139 2441 honore
3162 2385 3352 2443 haberi
3380 2402 3507 2444 eun-

1948 2467 2051 2522 etis
2081 2467 2427 2522 notissimum
2456 2479 2559 2526 est.
2594 2469 2731 2526 Sunt
2757 2472 2897 2541 apud
2936 2488 3055 2529 eam
3097 2476 3277 2547 prisca
3312 2494 3501 2535 monu-

1948 2568 2148 2625 menta,
2201 2558 2254 2613 in
2284 2558 2481 2629 quibus
2524 2562 2870 2618 continentur
2919 2581 3007 2622 res
3059 2579 3226 2638 gesta:
3261 2580 3505 2628 veterum

1946 2651 2299 2720 quorumdam
2333 2653 2702 2725 virorum,qui
2731 2656 2860 2712 licet
2887 2658 2996 2713 rari
3021 2676 3083 2715 ac
3111 2662 3388 2731 perpauci,
3418 2675 3510 2717 re-

1947 2744 2167 2814 ligione,
2194 2744 2403 2814 justitia
2424 2762 2489 2801 ac
2515 2750 2725 2804 caeteris
2750 2749 3038 2806 virtutibus
3063 2752 3298 2823 reliquos
3317 2768 3507 2810 omnes

1944 2833 2103 2904 longe
2144 2844 2488 2904 superarunt.
2524 2836 2591 2890 Et
2636 2846 2762 2891 ante
2807 2838 3066 2895 diluvium
3115 2842 3333 2905 quidem
3372 2858 3511 2897 non-

1945 2924 2075 2980 nulli
2128 2936 2659 2982 commemorantur:
2691 2937 2813 2998 post
2855 2929 3113 2985 diluvium
3162 2943 3340 2988 autem
3392 2933 3511 2999 alii,

1945 3016 2140 3085 partim
2170 3032 2234 3073 ex
2264 3017 2377 3074 Noe
2431 3020 2638 3087 liberis,
2674 3021 2871 3090 partim
2902 3036 2970 3076 ex
3023 3038 3208 3079 eorum
3250 3025 3506 3094 posteris.

1949 3106 2091 3162 Inter
2109 3124 2246 3178 quos
2270 3111 2435 3165 etiam
2457 3112 2724 3167 Abraham
2746 3128 2903 3181 quem
2929 3112 3146 3184 quidem
3173 3106 3505 3170 conditorem
3568 3180 3577 3191 ι

1947 3210 2331 3270 auctoremque
2374 3202 2587 3269 generis
2624 3201 2705 3255 sui
2739 3200 2949 3270 iactant
2989 3200 3221 3258 Hebraei.
3263 3202 3413 3270 Quod
3462 3206 3507 3260 si

1944 3291 2067 3361 quis
2097 3307 2289 3347 omnes
2312 3291 2454 3357 illos,
2481 3307 2710 3363 quorum
2736 3292 2949 3361 justitia
2982 3300 3091 3347 tam
3129 3293 3328 3348 illustri
3363 3295 3510 3350 testi-

1947 3381 2127 3439 monio
2150 3383 2498 3453 'couiprobata
2525 3392 2639 3449 est,
2671 3383 2740 3438 ab
2772 3383 3045 3438 Abraham
3088 3384 3244 3441 initio
3269 3397 3508 3455 sumpto,

1944 3475 2012 3531 ad
2050 3476 2283 3546 primum
2315 3490 2488 3545 usque
2519 3475 2795 3531 hominem
2825 3490 3135 3543 recurrens,
3172 3476 3512 3533 Christianos

1946 3582 2052 3622 non
2094 3566 2310 3636 quidem
2354 3566 2574 3623 nomine
2595 3568 2688 3624 sed
2721 3583 2778 3623 re
2821 3567 2935 3636 ipsa
2974 3567 3142 3623 fuisse
3188 3554 3436 3638 amrntet,
3466 3569 3512 3624 is

1945 3667 2096 3713 certe
2127 3674 2231 3713 non
2268 3656 2454 3727 procul
2485 3671 2516 3711 a
2542 3657 2773 3712 veritate
2804 3658 3162 3712 aberraverit.
3213 3656 3349 3712 Nam
3386 3673 3509 3713 cum

1945 3750 2239 3808 Christiani
2265 3751 2485 3806 nomine
2511 3750 2643 3805 nihil
2666 3750 2809 3804 aliud
2840 3749 3193 3821 signiﬁcetur,
3223 3750 3327 3821 16
3348 3766 3509 3819 quam

1947 3845 2029 3899 vir
2068 3842 2160 3915 qui
2195 3857 2294 3914 per
2339 3840 2543 3898 Christi
2581 3840 2950 3911 cognitionem
3002 3850 3165 3910 atque
3208 3841 3508 3896 doctrinam

1946 3935 2230 4001 modesna,
2264 3934 2499 4004 justitia,
2532 3932 2839 3999 tolerantia,
2872 3932 3196 3987 fortitudine
3224 3939 3278 3987 et
3299 3931 3512 4002 pietatis

1946 4024 2232 4095 cultusque
2282 4025 2447 4079 unius
2495 4022 2586 4092 qui
2618 4038 2781 4093 super
2811 4021 2994 4076 omnia
3030 4030 3132 4085 est,
3171 4020 3262 4076 Dei
3294 4019 3509 4090 proles-

1946 4116 2098 4171 sione
2122 4122 2348 4170 ornatus
2371 4121 2487 4184 est;
2514 4114 2632 4169 haec
2654 4113 2834 4167 omnia
2860 4122 3074 4166 veteres
3095 4110 3172 4165 illi
3196 4125 3299 4164 non
3331 4109 3512 4164 minus

1946 4208 2184 4263 studiose
2215 4222 2375 4279 quam
2402 4221 2500 4261 nos
2534 4206 2908 4261 excoluerunt.
2941 4201 3131 4272 Itaque
3156 4216 3253 4257 nec
3280 4201 3512 4255 circum-

1946 4299 2228 4365 cisiouem,
2266 4312 2368 4353 nec
2414 4296 2709 4351 Sabbatum
2745 4296 3036 4348 observare
3077 4308 3218 4348 cura:
3252 4291 3359 4345 illis
3406 4288 3512 4343 fuit

1947 4390 2088 4445 sicut
2125 4404 2227 4444 nec
2253 4387 2407 4443 nobis
2439 4404 2454 4441 :
2488 4399 2664 4455 neque
2690 4400 2720 4438 a
2760 4383 2926 4438 certis
2949 4383 3089 4437 cibis
3127 4380 3428 4443 abstinere,
3456 4389 3512 4431 et

269 4479 389 4548 μηδὲ
449 4479 549 4533 νῦν
571 4478 936 4551 Χριστιανῶν
972 4479 1040 4533 τὰ
1072 4480 1325 4536 τοιαῦτα’
1358 4484 1493 4539 ἀλλὰ
1531 4486 1625 4540 καὶ⁸
1652 4486 1841 4557 σαφῶς

1945 4480 2048 4537 alia
2077 4483 2324 4554 quaedam
2378 4479 2611 4550 sollicite
2646 4477 2938 4541 observare
2980 4490 3098 4545 qua:
3143 4474 3348 4545 primus
3391 4487 3512 4526 om-

331 4572 398 4602 "'
423 4571 532 4627 lsa.
574 4587 716 4627 uvr
742 4582 799 4625 el
829 4586 995 4623 van.

327 4661 431 4735 (67)
469 4662 588 4735 Kal
621 4662 724 4735 τίς
753 4659 1061 4735 ἐλᾴλησεν
1083 4662 1288 4735 οὕτως.
1309 4663 1364 4735 lu
1397 4665 1545 4720 Isaiae
1570 4681 1689 4735 cap.
1714 4684 1838 4722 uvr

267 4728 445 4805 legitur
492 4732 595 4786 καὶ
649 4730 1030 4805 τίςξὲῲρακεν
1075 4728 1485 4805 οῦτωςηΑῑιιιιε
1515 4736 1586 4789 ita
1638 4728 1740 4791 hoc
1784 4738 1837 4790 in

267 4798 369 4873 loco
416 4805 704 4873 scriptum
759 4798 962 4856 habent
1003 4801 1159 4856 codd.
1199 4802 1335 4858 Fuk.
1364 4798 1419 4858 εἰ
1469 4804 1682 4860 Savilii.
1731 4805 1838 4861 Sed

269 4871 864 4941 vulgatam’lectionem
898 4883 1145 4926 asserunt
1172 4873 1363 4941 reliqui
1398 4876 1614 4930 codices
1641 4885 1697 4929 et
1726 4875 1839 4928 Ru-

270 4941 346 4993 lini
377 4944 581 4999 versio.
629 4941 728 4995 Sic
771 4940 918 4994 enim
960 4944 1126 4996 vertit
1168 4940 1430 4997 Ruﬁnus:
1466 4944 1597 5009 Quis
1634 4946 1834 4998 audivit

267 5010 402 5082 talia,
437 5023 486 5064 el
514 5014 644 5080 quis
683 5012 893 5065 loculus
920 5022 994 5068 est
1026 5012 1139 5065 ita?
1164 5009 1222 5065 Si
1252 5016 1443 5082 peperit
1473 5028 1613 5069 terra
1644 5016 1701 5069 in
1729 5030 1836 5069 una

266 5080 356 5144 die,
380 5092 424 5134 et
456 5083 507 5135 si
533 5083 724 5151 genita
755 5089 830 5151 est
866 5096 991 5149 gens
1017 5082 1080 5135 de
1112 5082 1289 5135 semel.

326 5151 431 5221 (68)
484 5149 665 5220 Ἀτάρ
718 5149 985 5222 miser
1049 5151 1313 5222 Ἁϐραάμ.
1358 5150 1629 5208 Muscnlus
1677 5154 1839 5208 vertit

267 5219 425 5291 utpote
450 5224 689 5274 Ataram
714 5230 764 5273 et
789 5219 1165 5291 Abrahamum.
1195 5219 1272 5275 At]
1297 5237 1454 5291 quem
1486 5223 1661 5277 locum
1686 5231 1838 5277 notat

264 5287 485 5346 Joannes
524 5291 806 5362 Grynaeus
845 5290 1121 5362 legendum
1161 5292 1260 5345 sibi
1301 5287 1465 5362 videri
1513 5292 1716 5359 Thare,
1742 5293 1835 5362 qni

268 5362 354 5431 luit
373 5373 528 5429 pater
553 5360 827 5419 Abrahaz.
854 5361 921 5413 de
948 5376 1053 5429 quo
1078 5362 1127 5413 in
1150 5376 1269 5431 cap.
1296 5377 1351 5417 χι
1377 5360 1668 5417 Geneseos.
1687 5360 1832 5429 Quin

267 5430 411 5483 etiam
437 5434 505 5485 ad
530 5431 848 5497 marginem
880 5432 1083 5485 codicis
1106 5430 1283 5485 Μονὼί
1306 5470 1322 5494 ,
1350 5434 1432 5484 vir
1455 5433 1649 5487 doctus
1672 5438 1838 5486 aduo-

270 5508 465 5581 laverat
485 5504 633 5556 forte
657 5499 1224 5581 Gapdrp'scribendum
1246 5516 1388 5581 esse:
1406 5501 1518 5581 .Sed
1545 5501 1659 5581 hanc
1684 5516 1838 5581 nugae

270 5580 398 5624 sunt.
424 5571 617 5640 Neque
665 5567 816 5623 enim
863 5567 1122 5623 Tharrain
1170 5580 1323 5639 pater
1356 5570 1587 5625 Abrahae
1634 5572 1733 5627 fuit
1762 5567 1837 5625 ex

272 5652 480 5694 numero
500 5656 705 5696 eorum
751 5653 888 5707 quos
914 5640 1054 5693 Deus
1089 5640 1360 5709 praecipuo
1401 5642 1631 5709 quodam
1656 5655 1839 5695 amore

272 5709 460 5779 dilexit.
486 5712 544 5766 Id
570 5720 735 5765 certe
768 5724 876 5762 non
922 5710 1116 5779 legitur
1140 5710 1191 5763 in
1237 5710 1408 5762 sacris
1454 5710 1837 5765 voluminibus.

272 5774 367 5831 lmo
393 5784 552 5850 plane
576 5781 925 5834 contrarium
952 5774 1016 5833 εἰ
1044 5780 1127 5835 his
1166 5779 1287 5836 elici
1331 5788 1529 5848 patcst.
1560 5781 1835 5850 Siquidem

1949 4668 2089 4744 Deus
2115 4682 2235 4721 cum
2260 4665 2627 4720 Ahrahamum
2655 4663 2756 4719 sibi
2782 4660 2978 4744 eligere
3003 4658 3182 4721 vellet,
3207 4671 3260 4714 et
3285 4660 3351 4712 ad
3392 4675 3513 4712 ma-

1945 4740 2212 4792 xiinarum
2238 4751 2419 4790 rerum
2445 4750 2592 4804 spent
2618 4749 2683 4787 ac
2709 4740 3112 4804 promissionem
3142 4746 3355 4804 vocare,
3383 4745 3512 4783 ante

1943 4808 2124 4861 omnia
2164 4821 2284 4861 eum
2313 4821 2376 4859 ex
2416 4801 2575 4858 domo
2617 4804 2658 4857 Τ
2665 4804 2881 4857 harram
2931 4801 3099 4869 patris
3141 4801 3225 4856 sui
3274 4803 3511 4867 migrare

1939 4879 2118 4946 jussit.
2147 4879 2321 4943 Atque
2354 4875 2430 4946 fila
2475 4873 2780 4946 Tharramo
2819 4871 3120 4946 repudiato,
3165 4871 3306 4926 Deus
3329 4870 3508 4946 Abra-

1946 4940 2317 5024 Ῑιιιιιιυηιιιιῇιιε⁸
2340 4945 2509 5024 lilium
2536 4944 2715 5024 elegit.
2740 4940 2899 5021 certe
2924 4940 3282 5024 harramn'm
3311 4942 3509 5024 clarum-

1940 5033 2068 5071 num
2095 5009 2260 5070 cultui
2286 5014 2526 5069 deditum
2576 5009 2746 5066 fuisse
2790 5011 2907 5076 ipse
2951 5016 3182 5065 testatur
3221 5009 3506 5071 Eusebius,

1937 5101 2060 5141 cum
2085 5087 2158 5138 ait
2181 5084 2340 5154 paulo
2374 5095 2494 5149 post
2519 5084 2582 5135 de
2606 5083 2915 5154 Abrglhamo
2944 5098 2958 5135 :
2982 5081 3080 5154 τῆς
3112 5077 3379 5154 πατρῴας
3401 5077 3507 5154 μὲν

1938 5148 2194 5220 ἀποστᾶς’
2216 5148 2650 5224 δεισιδαιμονίας.
2690 5149 2855 5224 Ἀτᾲρ
2889 5148 3157 5224 igiturhic
3195 5148 3507 5224 adierlrilml

1939 5237 2047 5291 est,
2072 5235 2131 5281 ut
2155 5217 2297 5280 recte
2324 5226 2374 5276 in
2418 5217 2510 5275 o'ra
2556 5224 2761 5274 codicis
2789 5217 2938 5291 Regii
2968 5224 3263 5291 adnotatur:
3295 5217 3507 5291 addis-9

1939 5237 2047 5291 est,
2072 5235 2131 5281 υι
2155 5236 2297 5280 recte
2325 5235 2374 5276 in
2418 5240 2510 5275 ora
2556 5235 2761 5274 comcrs
2789 5235 2864 5271 ne
2905 5237 2938 5271 ll
2968 5235 3260 5273 aunOIautr
3295 5235 3361 5270 au
3394 5235 3507 5267 na-c

1937 5298 2133 5369 verba:
2148 5295 2292 5369 ᾲτᾲρ
2318 5294 2431 5361 καὶ,
2453 5292 2595 5345 τοῦτ’
2620 5291 2734 5345 ἔστι
2763 5289 2856 5342 καὶ
2869 5235 2961 5361 [Erl],
2988 5291 3021 5362 ἦ
3050 5288 3210 5360 πλὴν,
3238 5287 3331 5341 ἅτε
3363 5285 3448 5358 δὴ,
3476 5285 3510 5356 ἦ

1939 5367 2365 5507 magis!)
2391 5451 2481 5489 τοι
2504 5432 2736 5507 δηλοῦν
2761 5432 2949 5507 ἐθέλει
2988 5432 3250 5502 τοῦνομα
3273 5429 3341 5483 τὸ
3378 5429 3515 5507 Χρι-

1943 5500 2214 5562 στὶακοῦ.
2242 5500 2438 5560 Οιιὶηθς
2467 5500 2636 5558 nostri
2676 5505 2889 5557 codices
2918 5518 3023 5555 uno
3065 5500 3333 5557 consensu
3374 5500 3513 5552 Scri-

1944 5575 2413 5646 ptumhahentJ
2436 5575 2544 5646 γάρ
2585 5591 2679 5646 τοι
2705 5571 2896 5644 δηλοῦν
2946 5572 3127 5646 ἐθέλοι
3163 5571 3398 5642 τοῦνομα
3422 5569 3514 5646 τέίν

1944 5636 2270 5720 Χριστιανδν
2291 5636 2478 5720 ἄνδρα,
2505 5636 2609 5720 etc.
2629 5644 2717 5720 ‘Ex
2751 5636 2857 5710 quo
2880 5644 3223 5697 scribendum
3252 5636 3377 5713 pulo
3401 5636 3494 5692 τοῦ

1946 5713 2087 5786 νόμα
2112 5717 2170 5771 τὸ
2193 5713 2534 5787 Χριστιανὸν,
2557 5713 2744 5787 ἄνδρας
2773 5721 2879 5768 etc.
