3972 6484
403 367 467 424 19
906 414 909 415 ν
1100 363 1366 419 EUSEBII
1404 363 1878 422 CESABIENSIS
1914 362 2065 418 OPP.
2105 364 2284 417 PARS
2324 365 2364 417 ι.
2402 390 2468 402 —-
2507 363 2893 422 HiSTOiilCA.
3549 368 3618 423 80

389 479 536 531 nium
565 474 781 546 Moyses
823 473 995 545 typice
1017 477 1227 545 agenda
1275 487 1333 531 et
1352 477 1702 532 custodienda
1728 475 1940 545 posteri:

2061 474 2223 529 αὑτὸν
2246 475 2441 547 ᾔδεσαν
2462 479 2552 532 τὸν
2576 478 2806 549 Χριστὸν
2825 477 2920 533 τοῦ
2962 478 3121 533 θεοῦ·
3158 480 3268 549 εἴγε
3305 471 3482 549 ὦφθαι
3517 478 3618 548 μὲν

392 568 651 623 tradidit:
684 568 826 623 sicut
865 582 1039 636 neque
1083 582 1227 624 nunc
1258 570 1397 639 apud
1429 568 1768 624 Christianos
1800 568 1957 638 quid-

389 676 552 729 quam
587 660 776 715 horum
809 661 1036 731 geritur.
1081 660 1188 716 Sed
1238 669 1291 716 et
1322 660 1497 730 ipsum
1544 659 1821 716 Christum
1861 660 1953 715 Dei

390 746 644 805 distincte
685 751 969 821 cognitum
1016 750 1658 820 babuerunt:siquidem
1711 751 1861 805 illum
1887 751 1955 805 ab

385 840 699 896 Abrahamo
749 842 963 911 quidem
1006 843 1180 897 visum
1218 856 1358 907 esse,
1418 842 1605 897 Isaaco
1650 851 1829 897 autem
1871 854 1957 896 re-

386 948 642 1000 sponsum
678 932 909 997 dedisse,
953 941 1009 988 et
1045 947 1166 987 cum
1188 928 1389 987 Jacobo
1418 931 1657 988 locutum
1685 945 1825 999 esse,
1865 932 1957 987 de-

385 1029 550 1095 nique
586 1039 709 1101 cum
736 1024 938 1096 Moyse,
970 1031 1025 1079 et
1053 1023 1259 1078 secutis
1307 1032 1495 1095 postea
1533 1024 1811 1093 prophetis
1841 1039 1956 1080 ser-

381 1132 600 1172 monem
633 1116 890 1171 habuisse
912 1116 1164 1185 superius
1206 1115 1563 1171 ostendimus.
1600 1113 1755 1170 Unde
1787 1115 1951 1170 etiam

381 1208 504 1264 illos
531 1207 641 1262 Deo
673 1215 926 1275 acceptos
951 1205 1200 1262 homines
1227 1205 1503 1262 interdum
1533 1205 1772 1275 reperias
1800 1204 1954 1262 Chri-

379 1302 446 1355 sti
482 1298 838 1371 appellatione
861 1298 1146 1354 decoratos
1173 1297 1363 1364 fuisse,
1388 1307 1447 1353 ut
1472 1298 1527 1353 in
1560 1298 1644 1354 his
1667 1297 1953 1369 Pmphetae

377 1391 593 1445 verbis:
627 1408 647 1442 ι
678 1388 858 1445 Nolite
876 1399 1094 1461 tangere
1109 1390 1345 1445 christos
1359 1403 1530 1453 meos.
1555 1400 1610 1444 et
1636 1389 1688 1445 in
1719 1391 1952 1461 prophe-

379 1483 446 1537 tis
472 1482 606 1538 meis
623 1480 791 1538 nolite
822 1480 1059 1552 maligne
1086 1495 1246 1550 agere
1266 1480 1364 1536 ".D
1405 1481 1478 1534 Ex
1504 1480 1704 1551 quibus
1725 1491 1951 1551 apparet

375 1572 615 1627 omnium
649 1572 878 1645 primam
913 1586 977 1627 ac
1011 1570 1442 1626 vetustissimam
1493 1587 1614 1627 esse
1668 1572 1949 1643 religionis

376 1661 602 1716 formam
639 1662 785 1718 illam
813 1662 881 1717 ab
911 1661 997 1717 his
1024 1676 1164 1732 quos
1198 1661 1311 1717 dixi
1358 1662 1470 1718 Deo
1509 1663 1749 1733 acceptis
1775 1661 1949 1717 homi-

375 1753 534 1808 nibus
577 1752 904 1821 institutam,
938 1768 1060 1823 quae
1102 1767 1275 1823 nuper
1312 1768 1412 1825 per
1438 1752 1644 1811 Christi
1690 1754 1949 1825 prwdica-

2057 569 2136 639 τῷ
2164 568 2433 641 Ἀϐραὰμ,
2456 571 2790 642 χρηματίσαι
2822 570 2879 625 δὲ
2908 572 2998 646 τῷπ
3025 573 3228 638 Ἰσαὰκ,
3267 572 3617 643 λελαληκέναι

2056 662 2114 716 δὲ
2137 663 2215 735 τῷ
2246 663 2698 729 Ἰακὼϐ,Μωῦσεῖ
2726 682 2783 718 τε
2814 666 2908 719 καὶ
2950 669 3064 730 τοῖς
3094 667 3232 738 μετά
3276 667 3447 721 ταῦτα
3478 684 3617 740 προ-

2055 756 2251 826 φήταις
2278 754 2611 827 ὡμιληκέναι
2636 758 3028 828 προδέδεικται.
3066 759 3259 813 Ἔνθεν
3301 760 3497 824 αὐτοὺς
3546 760 3614 833 δὴ

2052 839 2179 903 τοὺς
2211 838 2477 909 θεοφιλεῖς
2506 842 2747 905 ἐκείνους
2784 840 2965 913 εὕροις
2992 841 3059 897 ἂν
3091 844 3185 897 καὶ
3212 843 3314 913 τῆς
3340 843 3436 897 τοῦ
3475 846 3616 916 Χρι-

2055 928 2180 983 στοῦ
2201 929 2635 1001 κατηξιωμένους
2667 934 3068 1003 προσωνυμίαις,
3088 933 3226 987 κατὰ
3252 934 3352 1006 τὴν
3379 934 3618 1005 φάσκου-

2053 1039 2153 1077 σαν
2181 1024 2309 1096 περὶ
2336 1022 2512 1077 αὐτῶν
2544 1026 2744 1095 φωνήν·
2782 1044 2801 1076 ι
2837 1026 2926 1096 Μὴ
2964 1025 3173 1096 ἆψησθε
3222 1027 3331 1082 τῶν
3380 1027 3615 1100 χριστῶν

2056 1132 2178 1184 μου,
2208 1116 2300 1168 καὶ
2326 1116 2383 1169 ὲν
2415 1118 2529 1178 τοῖς
2557 1116 2864 1188 προφήταις
2908 1132 3009 1186 μου
3032 1116 3116 1188 ,μὴ
3157 1117 3548 1189 πονηρεύησθε.
3588 1136 3610 1171 υ

2054 1207 2216 1259 Ὥστε
2246 1206 2434 1277 σαφῶς
2465 1208 2687 1280 πρώτην
2720 1206 2968 1279 ἡγεῖσθαι
3011 1208 3120 1260 δεῖν
3148 1210 3241 1263 καὶ
3268 1210 3484 1264 πάντων
3514 1227 3618 1263 πα-

2050 1296 2337 1370 λαιοτάτην
2382 1316 2443 1352 τε
2492 1299 2585 1352 καὶ
2618 1298 2978 1372 ἀρχαιοτάτην
3028 1298 3336 1363 θεοσεϐείας
3374 1299 3612 1371 εὕρεσιν,

2049 1389 2227 1444 αὐτῶν
2259 1389 2482 1444 ἐκείνων
2510 1391 2573 1462 δὴ
2617 1390 2724 1445 τῶν
2760 1392 2903 1461 ἀμφὶ
2934 1391 3025 1444 τὸν
3060 1391 3308 1462 Ἀϐραὰμ
3354 1390 3616 1461 θεοφιλῶν

2049 1480 2280 1553 ἀνδρῶν,
2310 1482 2410 1552 τὴν
2431 1481 2631 1554 ἀρτίως
2661 1480 2749 1535 διὰ
2770 1481 2870 1552 τῆς
2890 1480 2981 1535 τοῦ
3012 1482 3247 1554 Χριστοῦ
3263 1482 3616 1546 διδασκαλίας

2049 1575 2213 1626 πᾶσιν
2251 1572 2425 1627 ἔθνεσι
2460 1573 2927 1646 κατηγγελμένην.
2975 1576 3038 1627 El
3078 1574 3134 1628 δὲ
3167 1575 3231 1646 δὴ
3263 1574 3459 1647 μακρῷ
3487 1575 3612 1628 ποθ’

2048 1664 2272 1737 ὕστερον
2298 1666 2475 1738 χρόνῳ
2508 1666 2807 1737 περιτομῆς
2828 1683 2959 1735 φασι
2983 1666 3074 1720 τὸν
3109 1666 3356 1739 Ἀϐραὰμ
3394 1666 3614 1736 ἐντολὴν

2046 1756 2345 1828 εἰληφέναι,
2392 1756 2527 1810 ἀλλά
2546 1774 2608 1825 γε
2639 1756 2744 1828 πρὸ
2768 1755 2971 1828 ταύτης
3014 1756 3354 1827 δικαιοσύνην
3398 1756 3486 1811 διὰ
3524 1756 3613 1810 πί·

374 1845 574 1899 tionem
611 1846 819 1900 cunctis
872 1846 1123 1916 gentibus
1177 1847 1498 1902 annuntiata
1552 1857 1656 1904 est.
1699 1848 1852 1914 Quod
1898 1849 1940 1905 si

2050 1864 2220 1912 στεως
2256 1847 2622 1920 μαρτυρηθεὶς
2666 1846 2969 1920 ἀνείρηται,
3005 1842 3106 1904 ὧδέ
3147 1863 3265 1911 πως
3317 1847 3410 1901 τοῦ
3465 1847 3611 1902 θείου

371 1936 718 1993 Abrahamus
740 1937 902 2009 longo
925 1949 1048 2008 post
1070 1948 1316 2007 tempore
1332 1939 1767 1997 circumcisionis
1795 1956 1947 1996 man-

2048 1939 2350 2010 φάσκοντος
2414 1939 2607 2008 λόγου⁸
2652 1958 2671 1991 ι
2712 1939 3028 1992 Ἐπίστευσε
3085 1938 3143 1992 δὲ
3213 1938 3471 2011 Ἀϐραὰμ
3532 1939 3613 2012 τῷ

372 2029 558 2083 dattmt
583 2030 864 2100 accepisse
890 2029 1116 2095 dicitur,
1141 2037 1268 2085 ante
1294 2029 1427 2086 illud
1453 2040 1634 2087 tamen
1664 2047 1762 2102 per
1785 2032 1940 2088 ﬁdem

2045 2030 2184 2102 Θεῷ,
2216 2032 2309 2086 καὶ
2332 2030 2583 2103 ἐλογίσθη
2628 2030 2776 2102 αὐτῷ
2805 2035 2884 2097 είς
2918 2033 3281 2104 δικαιοσύνην.
3324 2051 3343 2084 ι
3387 2032 3497 2085 Καὶ
3543 2032 3607 2103 δὴ

365 2119 699 2190 iustiﬁcatus
729 2119 899 2176 fuisse
936 2119 1233 2193 Scriptura
1275 2122 1584 2179 testimonio
1628 2124 1940 2193 comproba-

2043 2122 2277 2194 τοιούτῳ
2295 2123 2400 2195 πρὸ
2438 2124 2537 2195 τῆς
2583 2123 2889 2196 περιτομῆς
2937 2124 3180 2193 γεγονότι
3225 2123 3468 2195 χρησμὸς
3503 2122 3610 2177 ὑπὸ

370 2220 481 2277 tur,
507 2212 841 2269 sic‘dicentis
866 2230 883 2268 :
920 2232 939 2265 ι
967 2213 1209 2271 Credidit
1236 2214 1511 2271 Abraham
1528 2214 1670 2281 Deo,
1697 2226 1751 2271 et
1774 2220 1940 2287 depu-

2043 2211 2138 2265 τοῦ
2176 2215 2441 2284 φήναντος
2464 2211 2652 2265 ἑαυτὸν
2679 2210 2828 2282 αὑτῷ
2873 2212 3036 2265 Θεοῖν
3067 2205 3220 2275 οὗτος
3257 2212 3302 2266 δ’
3347 2208 3416 2283 ἦν
3448 2213 3612 2276 αὐτὸς

370 2316 541 2359 tatnm
564 2315 646 2361 est
661 2306 713 2360 ei
744 2306 811 2360 ad
837 2305 1101 2377 iustitiam
1139 2308 1204 2363 ι’.
1232 2326 1251 2361 ι
1277 2305 1649 2378 Cumquejam
1684 2317 1812 2363 ante
1838 2309 1940 2362 cir-

2042 2302 2072 2355 ὸ
2094 2302 2326 2373 Χριστὸς
2355 2304 2383 2356 ό
2406 2302 2499 2356 τοῦ
2529 2302 2665 2357 Θεοῦ
2695 2303 2897 2372 Λόγος*
2926 2303 3053 2375 περὶ
3076 2303 3184 2356 τῶν
3218 2304 3275 2356 ὲν
3303 2305 3412 2367 τοῖς
3476 2316 3612 2370 μετ-

369 2398 759 2454 cumcisionem
786 2397 911 2455 talis
933 2409 1098 2466 esset,
1123 2413 1152 2452 a
1178 2399 1287 2454 Deo
1309 2397 1401 2469 qui
1426 2412 1487 2453 se
1512 2397 1616 2468 ipsi
1646 2398 1940 2453 videndum

2054 2392 2244 2451 έπειτα
2261 2395 2470 2469 χρόνοις
2497 2394 2587 2448 τὸν
2627 2394 2811 2466 ὅμοιον
2855 2395 3003 2465 αὐτῴ
3036 2395 3372 2449 δικαιοῦσθαι
3407 2395 3609 2466 τρόπον

369 2491 665 2557 obtulerat,
700 2491 753 2547 id
787 2502 869 2547 est
900 2508 943 2548 av
977 2493 1195 2549 Christo
1244 2493 1339 2548 Dei
1391 2490 1601 2561 Verbo,
1636 2493 1704 2548 de
1744 2493 1812 2548 iis
1849 2494 1940 2562 qui

2047 2486 2361 2557 μελλόντων,
2396 2487 2633 2557 ῥήμασιν
2678 2482 2862 2563 αὐτοῖς
2920 2486 3357 2558 προεπήγγελται
3397 2485 3607 2555 λέγων·
3642 2487 3646 2492 ’

366 2580 765 2650 posterioribus
791 2581 1004 2638 saeculis
1030 2581 1197 2638 simili
1248 2596 1313 2637 ac
1347 2582 1464 2652 ipse
1508 2581 1942 2652 rationejustiti-

366 2669 525 2726 candi
545 2679 747 2737 essent,
775 2671 1053 2727 oraculum
1079 2670 1287 2742 accepit
1310 2671 1618 2743 hujusmodi
1644 2689 1660 2727 :
1693 2689 1713 2724 ι
1754 2673 1817 2726 Et
1848 2675 1941 2729 be-

366 2763 686 2817 nedicentur
708 2762 761 2817 in
793 2775 843 2818 te
863 2776 1051 2819 omnes
1097 2761 1273 2818 tribus
1298 2770 1460 2818 terra:
1481 2762 1524 2794 ¹⁸
1541 2785 1555 2835 ;
1583 2780 1602 2814 ι
1636 2772 1693 2817 et
1721 2763 1939 2820 iterum:

377 2873 398 2908 ι
425 2855 577 2922 Quod
606 2855 822 2911 futurus
851 2855 923 2912 sit
945 2855 1000 2909 in
1029 2864 1245 2926 gentem
1276 2869 1526 2926 magnam
1556 2865 1611 2909 et
1638 2855 1937 2926 robustam,

362 2955 420 3001 et
442 2944 822 3001 benedicendae
849 2944 957 3001 sint
980 2924 1049 2999 in:
1064 2959 1128 2999 eo
1150 2958 1340 2998 omnes
1360 2924 1610 2998 nationes
1636 2924 1806 2998 terra;
1824 2942 1889 2997 ".
1911 2960 1933 2996 ι

371 3035 530 3105 Quod
583 3036 801 3106 quidem
858 3035 913 3090 in
942 3036 1098 3090 nobis
1147 3034 1361 3090 demum
1407 3034 1735 3107 completum
1770 3034 1939 3091 fuisse

362 3127 541 3226 quivis
589 3125 764 3226 facile.
806 3125 1195 3226 iteprebendet.
1236 3124 1452 3226 [Etenim
1509 3126 1606 3226 ille
1641 3141 1741 3226 per
1773 3127 1933 3226 (idem
1962 3166 2004 3226 ϐ

361 3218 418 3277 in
447 3233 570 3274 eum
620 3218 711 3288 qui
750 3217 852 3288 ipsi
894 3228 1227 3289 apparuerat
1252 3216 1532 3273 Christum
1560 3216 1799 3275 Verbum
1836 3218 1931 3274 Dei

360 3313 541 3370 fuerat
581 3313 913 3384 justiﬁeatus
961 3331 976 3367 :
1024 3327 1149 3367 cum
1201 3327 1232 3367 a
1288 3321 1513 3383 paterna
1574 3311 1794 3383 quidem
1842 3327 1936 3367 su-

363 3404 686 3472 perstitione
743 3412 799 3459 et
859 3402 1093 3473 pristino
1155 3417 1345 3458 errore
1417 3402 1758 3469 descivisset,
1813 3402 1934 3457 uni-

355 3512 487 3552 cum
531 3510 664 3552 vero
715 3495 1112 3550 moderatorem
1160 3496 1399 3550 omnium
1447 3494 1614 3550 Deum
1647 3493 1933 3551 confessus

346 3598 545 3645 esset:
574 3602 809 3658 cumque
854 3586 1076 3642 virtutis
1132 3586 1412 3657 operibus,
1441 3594 1564 3655 ;non
1620 3596 1798 3643 autem
1854 3587 1932 3641 le-

361 3682 442 3752 gis
464 3695 586 3751 qua:
608 3694 639 3734 a
670 3677 853 3751 Moyse
885 3685 1075 3748 postea
1103 3677 1298 3732 tradita
1327 3686 1412 3733 est
1454 3676 1791 3733 caeremoniis
1826 3677 1930 3746 17

361 3772 640 3828 coluisset.
682 3770 816 3826 Cum
869 3771 1032 3843 igitur
1089 3768 1353 3840 ejusmodi
1407 3777 1573 3836 esset,
1634 3768 1836 3823 dictum
1880 3769 1929 3822 ei

359 3861 541 3917 fuerat
567 3874 757 3916 omnes
782 3869 944 3914 terra:
969 3857 1144 3913 tribus
1190 3870 1254 3913 ac
1299 3857 1555 3912 nationes
1580 3856 1635 3913 in
1663 3856 1782 3928 ipso
1808 3868 1931 3913 esse

358 3952 759 4011 benedicendas
787 3953 857 4008 ’⁸.
890 3952 1046 4021 Apud
1076 3949 1222 4006 solos
1255 3959 1439 4007 autem
1470 3948 1810 4006 Christianos
1832 3964 1930 4020 per

359 4047 672 4103 universum
706 4056 976 4102 terrarum
1001 4046 1214 4108 orbem,
1244 4042 1504 4113 operibus
1526 4055 1646 4112 qua:
1677 4055 1931 4097 sermone

357 4139 504 4194 omni
535 4137 836 4194 eﬂicaciora
861 4145 1006 4203 sunt,
1042 4136 1257 4191 exculta
1287 4135 1401 4190 haec
1426 4132 1615 4190 eadem
1651 4131 1930 4201 religionis

356 4230 739 4285 Abrahamica:
789 4227 965 4285 forma
1012 4226 1304 4296 reperitur.
1356 4224 1497 4291 Quid
1537 4238 1667 4294 ergo
1697 4223 1928 4294 posthac

356 4324 575 4379 obstare
623 4321 843 4388 poterit,
898 4317 1188 4391 quominus
1236 4330 1398 4370 unam
1444 4314 1799 4383 eamdemque
1843 4311 1927 4366 vi-

354 4414 514 4471 vendi
546 4414 812 4468 rationem
864 4425 932 4466 ac
969 4408 1310 4482 religionem,
1362 4421 1484 4463 cum
1537 4404 1696 4460 nobis
1747 4403 1843 4473 qui
1895 4416 1925 4456 a

2050 2597 2070 2629 ι
2108 2578 2216 2632 Καὶ
2244 2578 2754 2651 ὲνευλογηθήσονψι
2794 2581 2851 2632 ὲν
2886 2578 2967 2632 σοὶ
2998 2580 3170 2633 πᾶσαι
3216 2581 3271 2633 αἱ
3300 2579 3464 2649 φυλαὶ
3506 2579 3610 2651 τῆς

2040 2669 2685 2741 γῆςηΚαὶὼςρτιιέσται
2710 2672 2790 2735 είς
2829 2669 2980 2736 ἔθνος
3016 2672 3157 2744 μέγα
3199 2671 3292 2725 καὶ
3319 2670 3474 2724 πολύυ
3508 2669 3610 2725 καὶ

2039 2761 2549 2835 ὲνευλογηθήσονται
2581 2764 2640 2817 ὲν
2669 2763 2817 2835 αὐτῷ
2846 2764 3024 2817 πάντα
3058 2765 3124 2816 τὰ
3145 2762 3269 2833 ἐθνη
3297 2763 3398 2834 τῆς
3427 2760 3550 2834 γῆς.
3580 2781 3602 2816 ι

2039 2851 2226 2923 Τούτῳ
2249 2852 2304 2906 δὲ
2331 2853 2425 2905 atat
2474 2852 2765 2923 ἐπιστῆσαι
2815 2854 2896 2916 εἰς
2944 2852 3090 2923 ήμᾶς
3125 2849 3608 2921 ὲκπεπληρωμένῳ

2040 2944 2292 3015 πάρεστι.
2327 2944 2514 2998 Πίστει
2545 2942 2643 3015 μὲν
2668 2944 2778 3015 γὰρ
2807 2945 3013 3008 ἐκεῖνος
3039 2946 3106 3015 τῇ
3136 2944 3217 3006 είς
3250 2942 3340 2996 τὸν
3370 2940 3605 3011 ὀφθέντα

2038 3037 2188 3108 αὐτῷ
2209 3036 2303 3089 τοῦ
2334 3036 2467 3090 Θεοῦ
2496 3036 2666 3106 Λόγον
2693 3036 2783 3090 τὸν
2822 3036 3056 3109 Χριστὸν
3092 3035 3451 3100 ἐδεδικαίωτο,
3500 3051 3609 3088 πα·

2038 3126 2232 3199 τρῴας
2264 3128 2362 3199 μὲν
2390 3127 2632 3192 ἀποστὰς
2670 3127 3089 3196 δεισιδαιμονίας
3115 3127 3209 3181 καὶ
3244 3125 3450 3197 πλάνης
3491 3124 3605 3196 βίου

2039 3217 2327 3289 προτέρας,
2361 3216 2457 3272 ἕνα
2499 3218 2555 3273 δὲ
2592 3218 2681 3272 τὸν
2715 3217 2808 3271 ἐπὶ
2840 3218 3056 3273 πάντων
3088 3217 3423 3290 ὁμολογήσας
3450 3217 3604 3282 Θεὸν,

2036 3308 2129 3361 καὶ
2151 3308 2337 3362 τοῦτον
2367 3308 2546 3381 ἔργοις
2566 3309 2783 3382 ἀρετῆς,
2807 3309 2928 3380 οὐχὶ
2955 3308 3013 3362 δὲ
3043 3308 3305 3381 θρησκεία
3324 3309 3487 3380 νόμου
3509 3308 3606 3362 τοῦ

2039 3399 2177 3470 μετά
2209 3399 2379 3454 ταῦτα
2402 3402 2679 3465 Μωῦσέως
2713 3400 3075 3474 θεραπεῦσας.
3107 3401 3344 3474 Τοιούτῳ
3387 3420 3448 3456 τε
3491 3402 3605 3458 δντι

2034 3490 2239 3563 εἴρητο,
2262 3492 2345 3546 ὅτι
2365 3492 2428 3565 δὴ
2451 3494 2621 3548 πᾶσαι
2653 3494 2707 3547 αἱ
2734 3493 2900 3564 φυλαὶ⁵
2925 3493 3025 3564 τῆς
3046 3494 3149 3565 γῆς
3185 3496 3278 3549 καὶ
3308 3494 3486 3550 πάντα
3531 3494 3604 3549 τὰ

2033 3581 2160 3655 ἔθνη
2192 3585 2250 3637 ἐν
2276 3584 2425 3656 αὐτῷ
2450 3585 2927 3658 εὐλογηθήσονται.
2946 3588 3169 3659 Ἔργοις
3195 3585 3250 3640 δὲ
3265 3586 3437 3657 λόγων
3454 3590 3607 3659 ἐναρ-

2033 3673 2312 3745 γεστέροις
2331 3674 2424 3728 ἐπὶ
2455 3675 2550 3729 τοῦ
2584 3677 2850 3749 παρόντος
2875 3677 3029 3749 παρὰ
3063 3678 3243 3748 μόνοις
3262 3680 3604 3749 Χριστιανοῖς

2032 3765 2152 3821 καθ’
2188 3766 2316 3839 ὅλης
2350 3768 2448 3839 τῆς
2478 3766 2800 3841 οἰκουμένης
2843 3768 3177 3840 ἀσκούμενος
3209 3770 3371 3834 αὐτὸς
3399 3773 3605 3836 ἐκεῖνος

2030 3857 2061 3910 ὁ
2086 3858 2185 3928 τῆς
2210 3857 2520 3922 θεοσεϐείας
2543 3858 2636 3912 τοῦ
2671 3858 2915 3931 Ἀϐραάμ
2948 3861 3260 3933 ἀναπέφηνε
3289 3862 3504 3933 τρόπος.
3536 3862 3604 3914 Τί

2030 3948 2094 4021 δὴ
2121 3946 2212 4003 οὖν
2241 3949 2424 4004 λοιπὸν
2452 3949 2700 4022 ἐμποδὼν
2734 3950 2800 4005 ἂν
2825 3952 2933 4024 εἴη,
2974 3952 3047 4026 μὴ
3078 3954 3199 4025 οὐχ).
3234 3955 3330 4008 ἕνα
3370 3955 3464 4008 καὶ
3510 3954 3603 4008 τὸν

2030 4037 2193 4090 αὐτὸν
2222 4038 2334 4109 βίον
2371 4056 2432 4092 τε
2454 4039 2548 4093 καὶ
2568 4040 2766 4111 τρόπον
2785 4042 3085 4107 εὐσεϐείας,
3109 4045 3239 4114 ἡμῖν
3266 4061 3325 4097 τε
3357 4045 3469 4108 τοῖς
3491 4046 3601 4099 ἀπὸ

2029 4130 2268 4200 Χριστοῦ
2309 4130 2405 4185 xai.
2454 4133 2566 4194 τοῖς
2621 4131 2898 4201 πρόπαλαι
2936 4131 3241 4204 θεοφιλέσιν
3284 4133 3599 4205 ὁμολογεῖνς

2031 4221 2172 4277 ὥστε
2233 4226 2307 4296 μὴ
2354 4222 2481 4276 νέαν
2521 4222 2616 4275 καὶ
2668 4222 2848 4295 ξένην,
2875 4224 3013 4291 ἀλλ’,
3039 4227 3086 4278 εί
3115 4226 3195 4279 δεῖ
3245 4226 3412 4294 φάναι
3464 4225 3600 4298 ἀλη-

2031 4314 2274 4381 θεύοντα,
2296 4312 2517 4386 πρώτην
2541 4313 2804 4386 ὑπάρχειν
2830 4317 2923 4370 καὶ
2946 4317 3114 4388 μόνην
3138 4317 3232 4370 καὶ
3267 4316 3439 4389 ἀληθῆ
3468 4334 3603 4371 κατ-

2030 4402 2258 4475 όρθωσιν
2315 4404 2616 4470 εὐσεϐείας,
2646 4405 2746 4477 τὴν
2784 4407 2873 4461 διὰ
2901 4411 2999 4479 τῆς
3027 4408 3121 4461 τοῦ
3176 4407 3408 4480 Χριστοῦ
3458 4407 3603 4461 διδα-

356 4505 572 4561 Christo
599 4510 1014 4573 cognomentum
1052 4499 1338 4565 traximus,
1382 4509 1494 4552 tum
1534 4494 1924 4551 vetustissimis

2042 4494 2253 4558 ςκαλίας
2284 4495 2679 4567 παραδοθεῖσαν
2698 4497 2829 4568 ἡμῖν
2853 4498 3282 4553 ἀποδείκνυσθαι.
3304 4498 3412 4553 Καὶ
3427 4498 3603 4553 ταῦτα

355 4599 461 4655 illis
485 4597 595 4653 Deo
620 4594 885 4666 imprimis
920 4591 1158 4662 acceptis
1187 4588 1506 4646 hominibus
1535 4585 1705 4642 fuisse
1744 4585 1909 4640 fatea-

2024 4585 2123 4658 μὲν
2154 4580 2255 4640 ὧδε
2289 4588 2479 4658 ἐχέτω.

355 4709 498 4748 niur.
526 4688 1078 4761 Proinde-perfectam
1104 4685 1251 4740 illam
1284 4684 1744 4754 religionemque
1795 4679 2004 4735 Christi
2058 4681 2439 4751 praedicatione
2491 4681 2649 4741 nobis
2699 4682 2897 4738 tradita
2951 4688 3034 4738 est
3091 4694 3196 4734 non
3263 4693 3457 4734 novam
3507 4689 3602 4736 aut

355 4788 721 4862 peregrinam,
757 4783 874 4851 sed,
910 4782 955 4838 si
988 4795 1176 4834 verum
1211 4778 1397 4833 dicere
1457 4785 1695 4866 oportet,
1727 4773 1984 4846 primam,
2020 4770 2220 4837 solam,
2280 4789 2576 4846 veramque
2618 4789 2743 4830 esse
2779 4772 2984 4844 liquido
3029 4779 3270 4842 apparet.
3305 4769 3375 4826 Et
3408 4772 3475 4826 de
3514 4772 3601 4828 bis

354 4883 574 4956 quidem
602 4881 892 4937 hactenus.

949 4969 1200 5027 CAPUT.
1260 4968 1326 5022 Ἴ.

496 5073 574 5127 οι
608 5064 928 5137 temporibus
958 5065 1157 5132 quibus
1204 5074 1434 5141 prwsens
1481 5057 1784 5111 hominibus

1007 5142 1275 5182 armarant.

1007 5147 1275 5200 apparatu.

425 5233 557 5288 Cum
588 5245 719 5286 vero
766 5228 1105 5298 quaecunque
1142 5222 1212 5274 ad
1242 5216 1627 5275 ecclesiasticae
1680 5214 1921 5269 historiae

353 5340 516 5398 quant
559 5321 895 5376 tractandam
925 5314 1287 5384 susceplmus,
1324 5309 1571 5365 notitiam
1616 5316 1773 5361 erant
1817 5320 1918 5359 ne-

2556 4954 2950 5011 ΚΕΦᾹΔΑΙΟΝ
2995 4953 3071 5007 Ε’.

2032 5058 2171 5123 Περ.
2194 5044 2313 5106 τῖον
2348 5051 2582 5123 χρόνων
2628 5047 2735 5117 τῆς
2765 5045 3117 5123 ἐπιφαγείας
3148 5043 3334 5123 αρτοῦ
3356 5041 3468 5113 τῆς
3514 5043 3604 5110 είς

2378 5114 2725 5187 ἆνθρώπούς
2757 5118 2895 5187 (hic.
2928 5115 3001 5170 Η.
3034 5115 3103 5170 Ε.
3130 5131 3169 5180 t,
3194 5114 3271 5186 6).

2100 5214 2235 5285 Φέρε
2269 5213 2327 5266 δὲ
2360 5209 2496 5282 μετά
2520 5208 2616 5280 τὴν
2649 5206 2875 5260 δέουσαν
2900 5204 3010 5276 (70)
3038 5202 3489 5277 προκατασκευὴν
3504 5203 3607 5273 τῆς

2029 5305 2385 5377 προτεθείσης
2422 5304 2552 5373 ἡμῖν
2592 5299 3047 5371 ὲκκλησιαστικῆς
3073 5298 3331 5370 ἱστορίας,
3369 5294 3470 5367 ἤδη
3489 5295 3600 5349 λοι-μ

428 5456 474 5489 ⁸⁸
499 5452 644 5511 Psal.
692 5466 803 5509 etv.
880 5450 923 5485 ι’
948 5450 1088 5508 Gen.
1113 5461 1207 5502 xv.
1281 5434 1484 5503 "Gen.
1518 5456 1657 5498 nu.
1736 5440 1778 5472 "
1801 5439 1938 5496 Cen.
1971 5458 2127 5499 xvm.
2219 5443 2264 5474 "
2290 5442 2423 5498 Gen.
2451 5456 2548 5495 xu.

437 5566 917 5643 (70)-Ῡιιίεηφέρε
946 5567 1215 5643 δὴ-μετᾲ
1255 5567 1372 5643 τὴν
1401 5564 1834 5643 δέουσανμῇδη.
1872 5566 1933 5643 In

366 5629 725 5715 meamea;
759 5629 895 5691 mai.
936 5629 1152 5715 et'Fink,
1182 5629 1378 5715 legitur
1408 5637 1540 5708 φέρε
1572 5629 1759 5715 sese"
1797 5629 1933 5715 μετά

2042 5629 2136 5710 μειϐ
2174 5629 2506 5715 superﬂuunt
2549 5638 2764 5707 esttam

2035 5558 2173 5632 μετὰ
2196 5557 2294 5630 τὴν
2330 5557 2553 5632 δέουσαν
2578 5555 2710 5628 ἡμῖν
2749 5549 3221 5632 προκατασκευήνέ
3251 5545 3356 5606 Sed
3396 5556 3600 5632 utru‘tttf

2860 5570 3221 5620 κατασκευην.
3252 5570 3356 5606 Dcu
3397 5570 3599 5601 uuum-

2793 5570 2892 5697 ἴδη
2921 5638 3085 5692 quam
3114 5621 3265 5691 ἡμῖν,
3293 5632 3414 5675 cum
3457 5615 3599 5674 infla

480 5694 1202 5783 δέουσανπροκατασκευὴν,
1227 5694 1330 5763 etc.
1353 5694 1729 5783 ln'eiempla'ri
1748 5694 1930 5783 autem

2042 5694 2084 5756 lu
2108 5694 2295 5756 eadem
2321 5697 2543 5769 periodo
2569 5697 2742 5768 posita
2767 5694 3035 5765 legantur.

365 5773 536 5854 Regio
565 5791 619 5839 et
642 5781 698 5837 in
725 5773 998 5837 veteribus
1020 5773 1235 5835 scbcdis
1258 5780 1518 5844 scriptum
1553 5787 1633 5831 est
1664 5792 1675 5828 :
1713 5774 1842 5838 φέρε
1874 5773 1928 5828 δὲ
