3972 6482
474 369 544 423 ετ
1179 341 1449 427 sustuli
1486 364 1971 423 cassammvsrs
2007 363 2159 422 opp.
2201 365 2383 423 PARS
2421 365 2464 423 ι.
2503 397 2571 407 -
2610 362 2996 421 HISTORICA.
3654 361 3721 417 ss

472 488 584 539 tius
613 485 773 552 vixit,
806 501 872 543 eo
903 486 1047 558 quod
1094 496 1250 558 pater
1297 501 1397 554 pro
1445 485 1815 556 redemptione
1870 483 2031 556 ipsius

2145 481 2374 548 ἐκείνοις
2401 478 2492 555 ἦν,
2531 482 2621 538 διὰ
2651 481 2712 538 τδ
2744 482 2818 555 μὴ
2855 481 3113 537 δύνασθαι
3146 448 3249 537 ’τὸν
3278 481 3487 556 πατέρα
3508 487 3713 560 πένητα

468 577 706 647 pretium
740 578 954 635 solvere
1002 595 1114 651 pra:
1159 579 1338 649 inepia
1382 594 1489 634 non
1525 577 1749 633 valeret.
1802 575 2045 633 Moribus

470 673 642 741 igitur
682 673 1058 745 institutisque
1101 688 1289 731 eorum
1342 671 1667 739 innutritus,
1723 672 1940 728 tandem
1988 672 2040 727 in

471 763 722 819 notitiam
759 763 984 820 Hircani
1011 764 1322 821 Judmorum
1370 763 1672 820 sacerdotis
1717 762 2043 818 amicitiam-

468 869 577 922 que
614 856 889 925 pervenit.
920 855 1090 923 ﬂttjtts
1122 855 1262 911 filius
1295 854 1398 910 fuit
1430 853 1672 911 Herodes
1704 856 1750 910 is
1789 856 1881 924 qui
1912 856 2043 912 Ser-

466 947 676 1000 vatoris
726 950 897 1002 nostri
942 948 1282 1018 temporibus
1309 947 1464 1003 vixit.
1495 945 1680 1018 itaque
1704 963 1827 1002 cum
1862 946 2044 1003 Judae-

466 1033 623 1090 orum
654 1052 876 1106 regnum
915 1037 979 1090 ad
1020 1037 1162 1092 hunc
1214 1037 1479 1094 Herodem
1542 1038 1876 1102 devenisset,
1922 1048 2042 1094 erat

459 1124 572 1193 jam
608 1126 1008 1194 quodammodo
1034 1141 1132 1197 pro
1158 1125 1366 1182 foribus
1397 1128 1640 1197 gentium
1676 1128 2037 1196 exspectatio,

466 1225 625 1282 prout
656 1232 684 1269 a
722 1216 1005 1285 prapbetis
1037 1217 1353 1286 praedictum
1399 1217 1583 1273 fuerat
1623 1234 1639 1273 :
1676 1218 1880 1288 quippe
1913 1234 2037 1274 cum

462 1322 529 1361 ex
564 1322 630 1361 eo
659 1318 909 1377 tempore
944 1308 1274 1365 defecissent
1322 1317 1565 1364 rectores
1611 1319 1669 1365 et
1718 1310 1903 1378 duces,
1946 1310 2038 1378 qui

454 1396 568 1467 jam
601 1400 725 1455 inde
746 1402 814 1455 ab
842 1400 959 1469 ipso
975 1399 1155 1472 Moyse
1181 1416 1277 1472 per
1306 1402 1617 1458 continuam
1636 1403 2037 1458 successionem

459 1491 603 1557 apud
630 1505 728 1547 eos
766 1491 1131 1561 principatum
1169 1502 1480 1548 tenuerant.
1520 1492 1655 1547 Nam
1705 1504 1831 1549 ante
1864 1492 2039 1562 capti-

456 1585 686 1639 vitatem
739 1584 979 1654 quidem,
1010 1594 1064 1639 et
1111 1584 1428 1655 priusquam
1481 1585 1808 1656 Babylonem
1858 1595 2038 1641 trans-

457 1676 655 1744 portati
702 1676 953 1739 fuissent,
1002 1690 1192 1746 regum
1237 1677 1467 1745 imperio
1519 1678 1861 1748 agebantur:
1909 1683 2023 1747 pri-

456 1768 643 1839 mique
670 1767 796 1823 Sani
824 1776 879 1823 et
918 1765 1089 1823 David
1135 1780 1291 1839 reges
1333 1767 1580 1823 fuerunt.
1619 1770 1792 1823 Antea
1840 1785 1974 1826 vero
2005 1787 2034 1826 a

2143 574 2276 629 ὄντα
2302 574 2416 646 (82)
2444 574 2617 648 λύτρα
2643 573 2977 630 καταθέσθαι
3004 575 3144 649 ὑπὲρ
3173 575 3360 629 αὑτοῦ.
3407 576 3723 649 Ἐντραφεὶς

2142 664 2200 720 δέ
2252 668 2368 731 τοῖς
2418 666 2639 721 ἐκείνων
2673 666 2881 738 ἤθεσιν,
2931 665 3157 739 ὕστερον
3197 667 3447 739 ’Υρκανῷ
3474 667 3553 740 τῷ
3593 670 3723 723 Ἰου-

2141 757 2307 813 δαίων
2338 759 2588 830 ἀρχιερεῖ
2614 758 2884 829 φιλιοῦται
2914 758 3047 830 (83).
3077 758 3266 830 Τούτῳ
3298 761 3429 825 παῖς
3460 760 3667 830 γίνεται
3694 762 3722 814 ό

2098 878 2103 881 -
2141 848 2234 902 ἐπὶ
2280 847 2377 901 τοῦ
2428 849 2680 921 Σωτῆρος
2724 848 2885 920 ἡμῶν
2925 848 3190 922 Ἡρώδης.
3245 852 3340 915 Εἰς
3375 852 3438 923 δὴ
3485 849 3580 906 οὖν
3631 852 3722 907 τὸν

2140 940 2380 995 τοιοῦτον
2424 941 2526 1012 τῆς
2583 942 2850 997 Ἰουδαίων
2882 941 3272 1014 περιελθούσης
3294 943 3595 1014 βασιλείας,
3629 945 3722 998 ἐπὶ

2140 1031 2333 1104 θύραις
2359 1032 2462 1105 ἤδη
2483 1035 2576 1088 καὶ
2598 1034 2630 1106 ἡ
2655 1035 2762 1088 τῶν
2790 1033 2955 1089 ἐθνῶν
2984 1032 3293 1099 ἀκολούθως
3314 1038 3385 1108 τῇ
3417 1037 3722 1109 προφητείᾳ

2139 1126 2441 1199 προσδοκία
2470 1127 2676 1199 παρῆν,
2708 1128 2802 1182 ἅτε
2833 1127 3247 1182 διαλελοιπότων
3279 1127 3338 1193 ἐξ
3369 1128 3578 1183 ἐκείνου
3613 1130 3722 1184 τῶν

2141 1219 2272 1291 παρ’
2306 1219 2489 1283 αύτοῖς
2508 1217 2567 1285 ἐξ
2597 1219 2759 1274 αὑτοῦ
2785 1220 3061 1283 Μωῦσέως
3083 1218 3224 1273 κατά
3250 1218 3499 1290 διαδοχὴν
3521 1219 3723 1292 ἀρξάν-

2138 1327 2246 1365 των
2276 1327 2335 1363 τε
2368 1311 2465 1365 καὶ
2507 1310 2887 1383 ἡγησαμένων.
2925 1311 3041 1383 Πρὸ
3101 1310 3350 1381 μέντοιγε
3393 1310 3492 1381 τῆς
3519 1311 3723 1381 αἰχμα-

2138 1403 2338 1467 λωσίας
2367 1403 2547 1457 αὐτῶν
2577 1404 2671 1457 καὶ
2696 1403 2797 1473 τῆς
2827 1404 2907 1467 εἰς
2922 1401 3215 1456 Βαϐυλῶνα
3246 1403 3717 1473 μεταναστάσεως,

2140 1492 2518 1547 ἐϐασιλεύοντο
2557 1492 2667 1546 ἀπὸ
2692 1492 2863 1547 Σαοὺλ
2892 1490 3111 1565 πρώτου
3145 1491 3242 1546 καὶ
3281 1492 3446 1546 Δαδὶδ
3479 1492 3722 1565 ἀρξάμε-

2139 1604 2238 1641 νοι·
2266 1586 2375 1659 πρὸ
2415 1586 2473 1640 δὲ
2513 1586 2620 1639 τῶν
2652 1584 2937 1657 βασιλέων,
2971 1585 3233 1658 ἄρχοντες
3264 1585 3459 1649 αὐτοὺς
3489 1586 3717 1650 διεῖπον,

2137 1680 2183 1732 oi
2218 1677 2745 1750 προσαγορευόμενοι
2762 1677 2967 1749 κριταί·
2996 1677 3258 1750 ἄρξαντες
3281 1678 3374 1732 καὶ
3396 1677 3549 1731 αὐτοὶ
3582 1677 3721 1749 μετὰ

2138 1770 2375 1826 Μωῦσέα
2431 1771 2524 1824 καὶ
2559 1769 2650 1823 τὸν
2688 1770 2879 1825 τούτου
2919 1770 3160 1843 διάδοχον
3205 1771 3430 1843 Ἰησοῦν.
3479 1769 3638 1825 Μετά
3663 1770 3720 1825 δέ

459 1859 1008 1929 magistratibus,qui
1047 1858 1260 1930 iudices
1297 1860 1429 1916 dicti
1475 1869 1623 1931 sunt,
1665 1862 2031 1933 regebantur;

2137 1862 2235 1935 τὴν
2287 1862 2395 1917 ἀπὸ
2445 1861 2765 1927 Βαϐυλῶνος
2819 1861 3074 1917 ἐπάνοδον
3104 1862 3166 1916 ού
3204 1861 3439 1916 διέλιπον
3475 1861 3721 1935 πολιτείᾳ

458 1951 548 2018 qui
576 1950 792 2020 quidem
834 1949 1015 2005 statim
1048 1961 1170 2021 post
1212 1949 1449 2022 Moysem
1489 1948 1712 2020 ejusque
1754 1968 2037 2009 successo-

458 2057 574 2095 rem
628 2039 811 2097 Jesum
869 2041 1065 2111 populo
1122 2041 1407 2111 praefuere.
1463 2041 1691 2098 Reversi
1744 2043 1959 2099 demum
2004 2059 2037 2100 e

455 2133 787 2205 Babylonia,
820 2135 1143 2204 optimatum
1177 2134 1405 2206 imperio
1432 2142 1487 2191 et
1510 2150 1807 2206 paucorum
1855 2137 2033 2193 domi-

456 2236 586 2282 natu
622 2227 880 2297 deinceps
908 2227 985 2282 uti
1013 2241 1252 2299 erepere.
1291 2228 1493 2283 Rerum
1524 2229 1670 2283 enim
1702 2244 1912 2285 summa
1940 2244 2036 2301 pe-

454 2336 553 2374 nes
576 2321 860 2389 pontiﬁces
892 2327 1047 2375 erat:
1084 2320 1258 2376 donec
1291 2320 1584 2391 Pompeius
1615 2323 1907 2391 proconsul
1940 2337 2036 2392 po—

454 2412 567 2482 puli
602 2411 837 2466 Romani
868 2426 936 2467 eo
968 2411 1286 2477 adveniens,
1316 2407 1761 2483 Hierosolymam
1814 2415 2031 2483 quidem

455 2502 623 2556 armis
657 2502 1006 2573 expugnavit,
1041 2509 1097 2558 et
1122 2502 1189 2556 ad
1218 2501 1472 2557 intimum
1500 2517 1673 2572 usque
1728 2502 2030 2563 sacrarium

454 2609 778 2665 progressus
805 2594 1061 2664 templum
1100 2594 1295 2665 polluit
1321 2612 1337 2649 :
1368 2595 1742 2651 Aristobulum
1773 2609 1904 2650 vero
1939 2594 2032 2665 qui

453 2702 554 2757 per
589 2687 792 2743 avitam
822 2688 1222 2744 successionem
1251 2687 1318 2741 ad
1357 2686 1413 2742 id
1448 2701 1623 2756 usque
1679 2696 1894 2757 tempus
1934 2702 2033 2742 rex

456 2780 616 2834 simul
645 2789 700 2836 et
726 2783 982 2837 sacerdos
1025 2789 1425 2849 permanserat,
1453 2779 1697 2835 vinctum
1732 2794 1856 2834 cum
1897 2779 2033 2834 libe—

457 2874 532 2927 ris
565 2872 792 2927 Romam
841 2872 1031 2927 misit:
1080 2882 1136 2929 et
1184 2871 1426 2928 ilircano
1458 2871 1677 2942 quidem
1716 2871 1834 2940 ejus
1870 2869 2031 2927 fratri

452 2961 824 3016 sarerdotium
858 2962 1101 3028 tradidit,
1125 2962 1441 3017 universam
1497 2970 1677 3016 autem
1718 2959 2029 3017 Judmorum

451 3058 665 3116 gentem
721 3051 921 3107 exinde
968 3050 1231 3105 Romanis
1282 3050 1627 3105 tributariam
1673 3049 1825 3105 fecit.
1874 3050 2028 3105 Haud

452 3142 621 3196 multo
650 3152 773 3213 post
810 3141 1066 3207 Hircano,
1097 3142 1147 3196 in
1176 3156 1334 3211 quem
1382 3140 1633 3195 ultimum
1685 3143 2027 3196 sacerdotum

450 3236 742 3301 progenies
772 3244 894 3289 erat
925 3234 1203 3300 devoluta,
1239 3249 1269 3288 a
1301 3232 1522 3289 Partitis
1563 3232 1890 3305 intercepto,
1920 3236 2030 3305 pri-

451 3344 600 3391 mus,
626 3338 685 3380 ut
715 3329 850 3392 dixi,
901 3343 967 3384 ex
1026 3328 1341 3399 alienigenis
1390 3327 1634 3383 Herodes
1680 3343 1709 3381 a
1757 3337 1947 3383 senatu
1976 3338 2032 3382 et

448 3423 697 3488 Augusto
718 3416 919 3473 Iudaea:
957 3433 1184 3487 regnum
1215 3421 1446 3490 accepit.
1479 3418 1597 3486 Quo
1625 3427 1872 3488 tempore
1907 3436 2030 3475 cum

450 3501 657 3562 Christi
691 3503 990 3577 corporalis
1024 3510 1315 3579 praesentia
1361 3509 1481 3567 orbi
1534 3511 1896 3578 illucesceret,
1937 3526 2033 3565 ex-

450 3587 694 3667 spectata
726 3600 811 3656 illa
835 3603 1072 3671 gentium
1107 3603 1254 3657 salus
1283 3604 1489 3657 exitum
1518 3602 1707 3657 sortita
1726 3614 1829 3670 est,
1853 3613 1909 3659 et
1934 3620 2033 3657 na-

451 3693 659 3745 tionum
689 3694 927 3762 vacatio,
960 3704 1122 3763 prout
1149 3695 1536 3765 prophetarum
1566 3696 1805 3750 oraculis
1837 3696 2027 3765 praedi—

450 3789 600 3834 ctum
651 3778 853 3849 fuerat,
903 3785 1217 3841 subsecuta.
1279 3784 1357 3839 Ex
1409 3798 1518 3854 quo
1568 3786 1733 3840 etiam
1791 3797 2034 3856 tempore

458 3889 583 3926 cum
635 3876 914 3944 principes
948 3886 1002 3932 et
1039 3878 1203 3933 duces
1235 3893 1302 3932 ex
1328 3876 1493 3944 Juda,
1529 3878 1582 3932 id
1614 3888 1700 3934 est
1728 3892 1794 3934 ex
1818 3879 2035 3940 Judaeu-

447 3985 570 4022 ru-.n
594 3979 757 4038 gente
787 3968 1137 4037 defecissent,
1173 3969 1451 4024 successio
1484 3972 1684 4024 smnmi
1713 3972 2031 4039 sacerdotii,

449 4062 597 4127 quod
632 4076 733 4130 per
761 4062 979 4132 generis
1017 4062 1331 4117 continuam
1379 4064 1578 4117 seriem
1631 4065 1883 4131 proximo
1911 4066 2030 4121 cui-

446 4168 555 4220 que
590 4152 856 4208 hactenus
881 4154 1322 4209 constantissime
1348 4154 1588 4209 delatum
1618 4154 1820 4218 fuerat,
1841 4171 2033 4212 conse-

446 4255 682 4313 quenter
730 4243 941 4299 turbari
986 4254 1168 4315 caepta
1200 4240 1311 4315 20
1337 4257 1437 4301 est.
1483 4245 1655 4315 Hujus
1684 4247 1760 4303 rei
1792 4246 2033 4319 locuple-

447 4338 721 4391 tissimum
779 4346 973 4393 testem
1020 4339 1191 4394 babes
1235 4337 1555 4409 Josepbnm,
1610 4340 1700 4409 qui
1762 4338 2031 4395 Herodem

446 4430 663 4494 scribit,
696 4442 985 4499 postquam
1040 4446 1135 4485 rex
1168 4429 1368 4486 .indteae
1398 4446 1427 4484 a
1457 4430 1720 4486 Romanis
1766 4432 2033 4488 constitu-

2137 1953 2407 2026 χρώμενοι
2426 1955 2851 2029 ἀριστοκρατικῇ
2876 1954 3014 2025 μετὰ
3040 1954 3375 2027 ὀλιγαρχίας.
3401 1955 3463 2009 Oi
3489 1955 3598 2026 γὰρ
3620 1954 3723 2026 ἀρ-

2138 2048 2343 2117 χιερεῖς
2404 2048 2834 2118 προεστήκεισαν
2881 2046 2992 2102 τῶν
3026 2048 3386 2119 πραγμάτων,
3444 2047 3605 2119 ἄχρις
3655 2040 3716 2101 οῦ

2137 2134 2419 2206 Πομπήϊος
2478 2134 2763 2206 Ῥωμαίων
2820 2137 3124 2208 στρατηγὸς
3183 2137 3431 2201 ἐπιστὰς,
3480 2138 3582 2210 τὴν
3617 2137 3717 2209 μὲν

2149 2225 2503 2298 Ἰερουσαλὴμ
2547 2225 2828 2299 πολιορκεῖ
2879 2227 3245 2300 κατακράτος,
3299 2227 3499 2300 μιαίνει
3545 2243 3606 2281 τε
3650 2227 3718 2282 τὰ

2135 2315 2267 2385 ἆγια
2303 2316 2466 2389 μέχρι
2499 2315 2607 2370 τῶν
2653 2316 2864 2371 ἀδύτων
2889 2317 2982 2371 τοῦ
3017 2317 3162 2390 ἱεροῦ
3193 2318 3490 2391 προελθών.
3527 2320 3632 2373 Τὸν
3659 2320 3715 2374 δέ

2135 2410 2200 2462 ἐκ
2229 2409 2509 2481 προγόνων
2540 2409 2792 2481 διαδοχῆς
2832 2412 2913 2475 είς
2950 2413 3124 2465 ἐκεῖνο
3151 2411 3243 2465 τοῦ
3271 2411 3465 2485 καιροῦ
3497 2412 3716 2485 διαρκέ-

2136 2515 2302 2552 σαντα
2327 2498 2549 2569 βασιλέα
2579 2517 2639 2553 τε
2680 2499 2817 2571 ὁμοῦ
2858 2500 2951 2555 καὶ
2987 2502 3271 2574 ἀρχιερέα,
3310 2502 3716 2574 Ἀριστόϐουλος

2133 2591 2304 2663 ὄνομα
2328 2589 2395 2664 ἦν
2423 2591 2591 2663 αὐτῷ,
2626 2592 2846 2663 δέσμιον
2874 2591 2969 2647 ἐπὶ
3004 2592 3220 2665 Ῥώμην
3242 2593 3359 2664 ἃμα
3385 2593 3597 2658 τέκνοις
3626 2594 3718 2647 ἐκ·

2135 2683 2374 2754 πέμψας,
2417 2681 2668 2756 Ὑρκανῷ
2702 2684 2802 2755 μὲν
2830 2684 2908 2756 τῷ
2948 2685 3137 2739 τούτου
3171 2683 3384 2756 ἀδελφῷ
3414 2683 3511 2757 τὴν
3530 2684 3718 2758 ἀρχιε-

2146 2784 2393 2862 ρωσύνην
2446 2778 2780 2854 παραδίδωσί
2832 2794 2893 2831 τε
2940 2775 3037 2830 καὶ
3085 2776 3193 2828 πᾶν
3251 2774 3516 2827 Ἰουδαίων
3568 2773 3721 2836 ἐθνος

2143 2881 2205 2948 ἐξ
2246 2878 2455 2934 ἐκείνου
2514 2873 2802 2946 Ῥωμαίοις
2846 2870 3117 2942 ύπόφορον
3166 2868 3554 2939 κατεστήσατο.
3609 2866 3720 2918 Αύ-

2142 2976 2273 3032 τίκα
2295 2972 2423 3043 γοῦν
2452 2970 2548 3026 καὶ
2588 2964 2876 3040 Ὑρκανοῦ,
2910 2965 2990 3027 είς
3018 2964 3077 3017 ὃν
3120 2961 3346 3016 ὕστατον
3380 2959 3450 3012 τὰ
3480 2958 3582 3027 τῆς
3613 2958 3721 3012 τῶν

2143 3062 2445 3135 ἀρχιερέων
2481 3058 2740 3132 περιέστη
2783 3054 3052 3126 διαδοχῆς,
3097 3053 3202 3106 ὑπὸ
3240 3050 3472 3122 Πάρθων
3516 3050 3721 3120 αἰχμα-

2143 3159 2314 3215 λώτου
2352 3154 2669 3228 ληφθέντος,
2710 3150 2957 3224 πρῶτος,
2995 3149 3072 3212 ώς
3107 3144 3237 3217 γοῦν
3277 3144 3446 3216 ἔφην,
3487 3140 3720 3211 ἀλλόφυ-

2140 3252 2230 3316 λος
2280 3247 2530 3323 Ἦρώδης
2569 3247 2671 3301 ὑπὸ
2694 3245 2796 3316 τῆς
2833 3240 3135 3313 συγκλήτου
3178 3238 3462 3310 Ῥωμαίων
3494 3236 3589 3289 καὶ
3624 3235 3723 3289 Δύ-

2142 3343 2376 3414 γούστου
2418 3338 2680 3411 βασιλέως
2714 3335 2775 3389 τὸ
2823 3333 3095 3389 Ἰουδαίων
3145 3329 3296 3395 ἔθνος
3333 3327 3716 3400 ἐγχειρίζεται.

2142 3434 2280 3490 Καθ’
2318 3433 2377 3488 ὃν
2415 3430 2690 3505 ἐναργῶς,
2728 3426 2829 3499 τῆς
2875 3425 2971 3479 τοῦ
3018 3422 3252 3496 Χριστοῦ
3290 3421 3594 3494 παρουσίας
3630 3422 3719 3474 ἐν·

2145 3526 2383 3596 στάσης,
2441 3524 2549 3577 τῶν
2602 3521 2769 3575 ἐθνῶν
2814 3515 3314 3591 ⁴ί·ι’προσδοκωμένη
3370 3514 3611 3586 σωτηρία
3657 3529 3717 3566 τε

2141 3619 2237 3672 καὶ
2283 3617 2478 3688 κλῆσις
2518 3616 2628 3688 (84)
2666 3612 2974 3675 ἀκολούθως
3019 3613 3087 3682 τῇ
3126 3608 3433 3680 προφητείᾳ
3469 3624 3720 3680 παρηκο-

2138 3707 2427 3782 λούθησεν·
2460 3708 2518 3776 ἐξ
2545 3702 2607 3762 οῦ
2652 3706 2717 3779 δὴ
2757 3706 2951 3777 χρόνου
2991 3702 3103 3757 τῶν
3133 3701 3193 3768 ἐξ
3236 3701 3406 3755 Ἰούδα
3439 3700 3717 3773 ἀρχόντων

2137 3820 2199 3857 τε
2240 3803 2334 3859 καὶ
2370 3801 2726 3873 ἡγουμένων,
2762 3800 2905 3869 λέγω
2950 3798 3008 3854 δὲ
3045 3797 3158 3851 τῶν
3200 3798 3265 3849 ἐκ
3307 3793 3402 3848 τοῦ
3447 3793 3716 3848 Ἰουδαίων

2138 3893 2326 3957 ἔθνους
2356 3892 2789 3957 διαλελοιπότων,
2820 3890 3045 3954 εἰκότως
3067 3889 3249 3952 αὐτοῖς
3276 3886 3370 3941 καὶ
3401 3885 3471 3940 τά
3514 3888 3615 3957 τῆς
3652 3887 3717 3939 ἐκ

2139 3982 2421 4054 προγόνων
2472 3980 2748 4046 εὐσταθῶς
2804 3980 2895 4034 ἐπὶ
2967 3980 3095 4043 τοὺς
3156 3978 3382 4048 ἔγγιστα
3439 3973 3718 4046 διαδόχους

2138 4076 2281 4129 κατὰ
2319 4073 2512 4143 γενεὰν
2562 4072 2854 4145 προϊούσης
2890 4071 3333 4144 ἀρχιερωσύνης,
3373 4069 3713 4140 παραχρῆμα

2140 4169 2435 4239 συγχεῖται.
2484 4167 2668 4237 Ἔχεις
2706 4165 2803 4219 καὶ
2843 4165 3048 4219 τούτων
3097 4163 3361 4234 ἀξιόχρεω
3400 4160 3492 4215 τὸν
3523 4160 3714 4232 Ἰώση-

2138 4278 2239 4314 πον
2265 4259 2536 4331 μάρτυρα,
2563 4256 2826 4326 δηλοῦντα
2855 4256 2931 4321 ὡς
2956 4256 3055 4329 τὴν
3087 4253 3359 4325 βασιλείαν
3393 4253 3544 4324 παρὰ
3582 4254 3716 4306 Ῥωο

2141 4351 2316 4421 μαίων
2349 4348 2671 4421 ἐπιτραπεὶς
2715 4348 2981 4421 Ἡρώδης,
3012 4347 3193 4403 οὐκέτι
3227 4346 3353 4410 τοὺς
3390 4346 3450 4411 ἐξ
3481 4343 3709 4417 ἀρχαίου

2136 4438 2330 4509 γένους
2385 4435 2705 4509 καθίστησιν
2755 4430 3029 4511 ἀρχιερεῖς
3054 4477 3070 4503 ,
3108 4437 3243 4492 ἀλλά
3294 4455 3434 4491 τισιν
3473 4437 3711 4507 ἀσήμοις

448 4534 537 4580 tus
564 4534 670 4592 est,
706 4541 814 4581 non
845 4524 1078 4595 amplius
1109 4539 1178 4581 ex
1210 4528 1431 4595 antiqua
1483 4525 1797 4596 pontificum
1853 4528 2025 4596 stirpe

2137 4529 2234 4601 τὴν
2265 4530 2430 4604 τιμὴν
2463 4534 2754 4605 ἀπένεμεν·
2784 4533 2852 4588 τὰ
2883 4534 3043 4605 ὃμοια
3070 4534 3128 4588 δὲ
3160 4531 3363 4605 πρᾶξαι
3394 4533 3470 4605 τῷ
3502 4533 3716 4606 Ἡρώδῃ

448 4631 696 4675 summos
749 4622 1067 4674 sacerdotes
1117 4619 1409 4682 creavisse,
1457 4618 1552 4673 sed
1596 4618 1923 4687 ignobilibus
1971 4628 2027 4675 et

449 4708 702 4763 obscuris
727 4709 1053 4780 quibusdam
1086 4708 1400 4764 hominibus
1421 4709 1682 4764 honorem
1707 4708 1859 4764 illum
1889 4724 2026 4766 con-

504 4979 638 5055 (82)_
656 4979 1089 5055 vulg._:rt{wzdr
1128 4985 1295 5040 ὄντα.
1343 4987 1416 5041 ita
1450 4988 1668 5055 quidem
1709 4989 1878 5044 codex
1909 4988 2018 5044 Re-

427 5051 573 5122 gius.
605 5050 709 5122 Sed
740 5052 934 5122 reliqui
968 5050 1182 5121 omnes,
1207 5055 1349 5112 Med.
1380 5050 1587 5112 scilicet
1623 5067 1677 5113 et
1714 5059 1850 5113 Maz.
1891 5074 2015 5113 cum

430 5121 571 5199 Fuk.
597 5137 665 5177 ac
687 5121 863 5199 §avil.
905 5125 1169 5199 scriptum
1203 5127 1406 5199 habent
1431 5128 1640 5199 πένητα
1682 5128 1833 5190 ὂντα,
1858 5129 2019 5199 longe

427 5192 655 5269 rectius.
685 5191 822 5247 Nam
864 5191 1079 5269 πτωχός
1117 5197 1335 5265 proprie
1365 5191 1675 5269 mendicum
1724 5191 2015 5269 significat,

428 5261 523 5329 qni
557 5264 759 5338 stipem
780 5265 957 5338 poscit
984 5261 1053 5338 ab
1096 5261 1548 5333 occurrentibus;
1580 5261 1892 5338 cujusniodi
1921 5261 2019 5324 neé

426 5346 706 5407 quaﬂ‘lam
737 5334 851 5407 fuit
870 5333 1115 5407 Herodes
1142 5349 1292 5405 pater
1316 5337 1606 5407 Antipatri.
1649 5333 1664 5338 '
2017 5344 2027 5365 ..-

500 5402 616 5471 (8b)
648 5405 971 5460 Φιλιοῦται.
1008 5402 1212 5461 Οηιηεε
1259 5402 1699 5464 nostri'codices
1735 5424 1847 5464 uno
1881 5424 2016 5464 con-

2136 4620 2266 4693 περὶ
2291 4622 2392 4693 τῆς
2424 4624 2809 4689 καταστάσεως
2839 4624 2947 4678 τῶν
2974 4624 3295 4696 ἀρχιερέων,
3336 4625 3628 4697 Ἀρχέλαόν
3654 4642 3716 4678 τε

2134 4712 2226 4767 τὸν
2256 4714 2420 4769 παῖδα
2439 4713 2626 4779 αὐτοῦ,
2648 4715 2742 4770 καὶ
2768 4714 2905 4786 μετά
2924 4714 3112 4769 τοῦτον
3149 4717 3471 4788 Ῥωμαίους,
3492 4718 3593 4788 τὴν
3619 4718 3718 4788 ἀρ⁴

2200 4985 2313 5065 (δέ)
2347 4982 2507 5065 vi“!-
2546 4983 3012 5065 σάζτηρίαε,τέλ,ςς
3039 4977 3492 5065 ἐλάμβανεζηκιξί
3514 4979 3554 5047 ἠ
3591 4976 3712 5065 τῶν

2126 5050 2320 5112 seinse
2347 5050 2592 5123 κλῆσις.
2622 5053 2679 5108 In
2695 5050 2894 5108 ~codice
2908 5050 3289 5123 _Reg_ioﬂtotus
3331 5050 3605 5123 bic_|ocus
3628 5050 3706 5123 ita

2126 5130 2333 5204 legitur_
2365 5144 2379 5181 :
2429 5118 2492 5179 ...
2529 5118 2816 5204 ἐνστάσης,
2862 5120 2971 5204 τῶν
3007 5118 3177 5204 ἐθνῶν
3215 5122 3248 5192 ἡ
3286 5118 3708 5204 προσδοκωμένη

2129 5188 2372 5268 σωτηρία
2420 5212 2481 5268 τε
2528 5195 2623 5249 καὶ
2671 5188 2864 5268 κλῆσις
2902 5188 3358 5268 ἀκουλούθωςπῇ
3405 5188 3712 5268 προφητεία

2128 5259 2628 5337 παρηκολούθησεν.
2669 5259 2847 5337 Quam
2890 5263 3108 5337 quidem
3150 5259 3456 5337 lectionem
3482 5259 3714 5329 vulgatae

2125 5327 2410 5405 scriptun-te
2463 5327 2623 5405 longe
2666 5327 3057 5405 praeferendam
3103 5330 3380 5405 existimo.
3414 5327 3514 5405 _lta
3546 5327 3715 5405 certe

2125 5399 2253 5475 legit
2286 5405 2538 5475 Rutinus,
2562 5399 2647 5459 sic
2667 5399 2821 5458 'enim
2850 5403 3014 5475 vertit
3043 5418 3057 5455 :
3093 5399 3202 5475 Sub
3237 5417 3339 5471 quo
3361 5438 3375 5461 ,
3406 5399 3714 5475 imminente

425 5470 603 5525 sensu
650 5475 938 5548 scriptum_
965 5477 1223 5530 exhibent
1261 5476 1529 5548 φιλοῦται.
1571 5477 1743 5543 Quem
1796 5481 2013 5548 quidem
2118 5470 2237 5548 ja'nt
2268 5474 2565 5530 Salvator-is
2593 5475 2841 5548 aduentu.
2871 5474 3036 5548 εῑίατη,
3063 5470 3294 5543 θεηίίαίη
3334 5470 3481 5525 salu“
3504 5511 3517 5529 ν
3539 5480 3599 5548 ⁸⁸.
3619 5484 3713 5521 υ⁰“

424 5536 1225 5618 consensum-haudquaquam
1250 5536 1630 5618 negligentiam
1665 5536 2029 5618 pum-Totins.
2118 5536 2611 5618 'catiouexspectata
2662 5545 2793 5609 illa,
2826 5536 3127 5618 'secuqdufm
3175 5558 3236 5595 ϐα
3283 5557 3400 5610 qua?
3445 5538 3714 5618 ρνοτξιιειαξ

425 5622 609 5688 autem
640 5614 873 5688 locusin
904 5614 1487 5688 vetust‘issimopcod'ice
1510 5614 1755 5673 Mazfita
1788 5618 2012 5688 legitur:

2123 5606 2507 5685 pm’dixerizut,
2540 5606 2818 5685 consecuta
2845 5624 2943 5669 est.
2976 5612 3206 5685 Vulgata
3243 5606 3423 5666 tamen
3446 5606 3618 5664 lectio
3642 5606 3711 5685 ad

424 5678 748 5771 Ἶξντραερεξς
776 5682 833 5771 δὲ
860 5687 1240 5771 τοῖςρκείνων
1268 5686 1466 5771 ἔθεσιν,
1495 5687 1721 5759 ὕστερον
1764 5677 2015 5771 Ὑρκανῴ

2137 5685 2519 5771 ποριηεοιιίςξε
2547 5683 2697 5771 Βρβῇ
2727 5677 3293 5771 ascripta'cst'efld‘em
3327 5696 3490 5738 manu
3518 5696 3533 5747 ;
3560 5688 3622 5750 ,ει
3652 5677 3709 5733 in

425 5751 504 5821 τῷ
534 5752 641 5829 τῶν
665 5752 949 5829 ,Ἰουδαίων
980 5756 1227 5829 ἀρχιερεῖ
1248 5757 1509 5829 κφιλοῦται
1529 5798 1543 5821 ,
1584 5751 1747 5827 quam
1780 5751 2014 5829 scriptu;

426 5820 541 5876 tam
572 5822 623 5877 in
663 5820 799 5877 Med.
834 5820 1301 5891 quoques-(Fuit.
1334 5820 1615 5885 codicibus
1637 5829 1831 5887 reneri.

2122 5756 2403 5813 codicibus
2435 5754 2597 5825 Man,
2624 5752 2763 5814 Med.
2800 5752 3026 5811 ac'l’uk.
3053 5752 3301 5810 habetur.
