3972 6536
246 416 303 473 89
1353 428 1705 488 HISTORIE
1745 428 2307 486 ECCLESIASTICE
2344 430 2475 487 LIB.
2516 430 2558 487 Ι.
3499 438 3564 499 9(

150 610 155 615 ,
247 536 332 608 κῆν
352 538 472 592 τῶν
507 539 850 600 Ἰουδαίων
885 550 1322 623 παρειληφότας.
1365 550 1423 605 ⁸0
1463 550 1510 605 δ⁴
1543 521 1706 611 αῦτὺς
1737 546 1873 618 δηλοῖ

1982 596 1984 605 ,
2016 547 2223 602 tulisse.
2251 546 2452 604 Eadem
2480 548 2534 603 iu
2569 549 2917 619 designandis
2962 550 3339 609 sacerdotibus
3384 522 3574 610 obser-

247 632 312 695 ὡς
340 632 448 699 ἄρα
481 634 591 686 καὶ
621 636 744 708 τὴν
780 640 960 712 ἱερὰν
998 643 1189 715 στολὴν
1213 643 1304 698 τοῦ
1349 641 1673 715 ἀρχιερέως,
1692 640 1904 711 πρῶτος

258 720 503 794 Ἡρώδης
523 726 951 800 ἀποκλείσας,
987 736 1097 789 ὑπὸ
1126 735 1257 789 ίδίαν
1288 734 1559 806 σφραγῖδα
1586 731 1901 803 πεποίηται,

254 814 435 886 μηκέτ’
472 818 673 889 αὐτὴν
698 824 835 887 τοῖς
877 826 1231 899 ἀρχιερεῦσιν
1258 826 1398 897 ἔχειν
1418 825 1508 894 ὑφ’
1534 825 1758 888 ἑαυτοὺς
1784 825 1905 878 ἐπι-

252 909 472 981 τρέψας
505 913 705 966 ταὺτὸ
735 913 804 968 δὲ
846 919 954 972 καὶ
991 920 1085 973 τὸν
1117 920 1230 991 μετ’
1265 920 1429 973 αὑτὸν
1461 918 1771 989 Ἀρχέλαον,
1808 916 1904 970 καὶ

258 1000 384 1069 μετὰ
412 1001 623 1056 τοῦτον
664 1006 1018 1077 Ῥωμαίους
1068 1009 1483 1082 διαπράξασθαι.
1517 1008 1630 1063 Καὶ
1658 1008 1831 1062 ταῦτα
1855 1007 1901 1061 δ’

255 1092 378 1161 ἡμῖν
408 1093 702 1164 εἰρήσθω,
742 1097 837 1161 είς
876 1099 1080 1170 ἑτέρας
1104 1099 1369 1164 ἀπόδειξιν
1396 1097 1733 1170 προφητείας
1760 1095 1902 1151 κατὰ

257 1184 347 1254 τὴν
394 1184 761 1253 ἒπιςςὰνειαν
793 1190 901 1243 τοῦ
949 1193 1214 1264 Σωτῆρως
1255 1190 1411 1263 ἡμῶν
1453 1187 1628 1262 Ἰησοῦ
1664 1187 1900 1259 Χριστοῦ

256 1279 733 1351 τεπεραομένης.
780 1283 1123 1351 Σαφέστατα
1152 1284 1279 1353 γοῦν
1326 1285 1383 1336 ἐν
1423 1281 1502 1352 τῷ
1532 1279 1728 1351 Δανιὴλ
1755 1279 1903 1333 ἐϐδο-

259 1367 440 1436 μάδων
486 1369 673 1425 τινῶν
717 1373 982 1444 ἀριθμὸν
1026 1372 1423 1444 ὀνομαστὶὲως
1466 1369 1704 1443 Χριστοῦ
1736 1371 1901 1440 ἡγου-

259 1457 421 1529 μένου
452 1461 804 1533 περιλαϐὼν
843 1467 877 1519 ὁ
927 1465 1108 1535 λόγος,
1152 1466 1277 1536 περ).
1316 1458 1392 1518 ὧν
1436 1466 1493 1517 ὲν
1535 1462 1746 1533 ἑτέροις
1770 1461 1900 1514 διει-

261 1550 508 1620 λήνεαμεν
553 1553 716 1624 (85),
773 1556 928 1626 μετά
966 1557 1027 1610 τὸ
1066 1557 1267 1610 τούτων
1308 1554 1685 1627 συμπέρασμα
1722 1552 1901 1620 ἐξολο-

259 1636 679 1710 6ρευθήσεσθαι
722 1645 794 1699 τὸ
836 1646 999 1719 παρὰ
1034 1646 1519 1716 Ἰουδαίοιςχρῖσμα
1542 1642 1895 1715 προφητεύει.

264 1730 369 1783 Καὶ
393 1732 561 1786 τοῦτο
593 1735 660 1788 δὲ
703 1738 913 1805 σαφῶς
943 1737 1082 1792 κατὰ
1111 1738 1200 1792 τὸν
1230 1736 1420 1809 καιρὸν
1459 1737 1558 1807 τῆς
1595 1735 1691 1789 τοῦ
1720 1735 1900 1807 Σωτῆ-

265 1833 355 1890 ρος
391 1822 558 1893 ἡμῶν
620 1826 820 1896 Ἰησοῦ
869 1827 1115 1901 Χριστοῦ
1162 1831 1465 1899 γεννήσεως
1514 1827 1894 1881 ἀποδείκνυται

2009 652 2171 692 vasse
2203 639 2282 693 ait
2314 640 2642 695 Archelaum
2672 639 2909 697 Herodis
2939 642 3128 708 ﬁlium,
3157 657 3223 698 ac
3250 644 3444 700 deinde
3466 644 3576 700 Ro-

2011 742 2223 791 manos,
2268 730 2359 798 qui
2416 739 2539 799 post
2589 730 2736 785 illum
2777 729 2976 786 Iudicas
3021 734 3302 802 imperium
3344 749 3576 802 occupa-

2011 829 2159 877 runt.
2199 820 2340 876 Idem
2373 822 2490 890 ipse
2538 820 2807 892 Iosephus
2850 824 3019 879 tradit
3048 825 3285 894 primum
3334 826 3574 881 omnium

2012 910 2279 967 Herodem
2304 926 2517 967 sacram
2546 915 2847 969 sacerdotis
2873 924 3079 969 vestem
3127 916 3226 971 sub
3255 915 3466 986 privato
3494 916 3573 972 si-

2009 1001 2136 1073 gillo
2184 1003 2424 1058 tenuisse
2466 1003 2796 1070 conclusam,
2834 1021 2936 1061 nec
2971 1006 3229 1076 deinceps
3269 1007 3573 1064 sacerdoti-

2009 1095 2112 1149 bus
2138 1094 2453 1164 permisisse
2499 1104 2560 1151 ut
2602 1096 2747 1151 illam
2794 1113 2960 1166 penes
2983 1113 3043 1154 se
3071 1099 3334 1155 haberent
3361 1118 3376 1154 :
3404 1101 3574 1156 idem-

2007 1198 2112 1255 que
2140 1185 2209 1240 ab
2270 1185 2541 1241 Archelao
2597 1188 2711 1258 ejus
2773 1203 3080 1247 successore
3130 1199 3185 1246 et
3240 1207 3270 1245 a
3310 1189 3571 1249 Romanis

2006 1284 2197 1346 postea
2227 1275 2432 1331 factum
2477 1275 2663 1333 fuisse.
2687 1277 2861 1348 Atque
2887 1279 3002 1334 haec
3034 1296 3063 1335 a
3093 1281 3250 1337 nobis
3276 1281 3422 1338 dicta
3460 1281 3570 1339 sint

2005 1367 2073 1422 ad
2124 1367 2583 1438 comprobandam
2639 1369 2923 1426 veritatem
2978 1371 3198 1428 alterius
3249 1374 3565 1443 prophetiae,

2005 1474 2128 1527 quae
2188 1458 2243 1512 iu
2290 1457 2527 1514 adventu
2602 1457 2909 1517 Servatoris
2959 1462 3170 1518 Domini
3215 1467 3383 1520 nostri
3438 1463 3567 1520 Jesu

2003 1551 2212 1609 Christi
2242 1551 2450 1607 exitum
2482 1552 2677 1607 sortita
2714 1560 2817 1607 est.
2858 1553 3070 1608 Etenim
3105 1555 3156 1608 i’n
3198 1556 3338 1611 libro
3369 1557 3564 1612 Danie-

2005 1644 2091 1707 lis,
2118 1653 2403 1714 postquam
2431 1654 2642 1700 certum
2672 1659 2955 1700 numerum
3005 1647 3426 1717 septimanarum
3474 1663 3566 1704 us-

2002 1748 2110 1804 que
2138 1734 2204 1789 ad
2232 1733 2439 1789 Christi
2476 1734 2840 1804 principatum
2874 1749 3028 1790 sacra
3065 1736 3342 1808 Scriptura
3388 1738 3565 1794 nomi-

2004 1827 2172 1880 natim
2202 1826 2541 1895 percensuit,
2575 1826 2641 1881 de
2675 1827 2873 1896 quibus
2897 1827 3027 1885 alibi
3060 1829 3435 1894 disseruimus,
3476 1832 3562 1887 his

269 1915 876 1986 συμπεπληρωμένον.
910 1920 1099 1974 Ταῦτα
1117 1921 1160 1973 δ’
1186 1922 1317 1991 ἡμῖν
1336 1918 1651 1987 ἀναγκαίως
1682 1920 1764 1981 είς
1795 1934 1871 1971 πα

1999 1917 2216 1973 demum
2260 1915 2570 1985 completis,
2616 1918 2759 1973 sacri
2791 1919 2903 1975 olei
2935 1920 3249 1975 unctionem
3285 1920 3423 1990 apud
3464 1920 3560 1977 Ju-

276 2002 532 2071 ράστασιν
549 2007 664 2077 τῆς
693 2009 813 2063 τῶν
840 2011 1056 2081 χρόνων
1088 2011 1345 2083 ἀληθείας
1375 2026 1609 2082 προτετη
1621 2007 1822 2080 ρήσοω.

2004 2008 2148 2063 deos
2188 2007 2508 2063 abolendam
2563 2023 2686 2064 esse
2734 2011 2997 2079 pnedicit.
3050 2010 3201 2079 Quod
3247 2012 3460 2081 quidem
3494 2026 3560 2066 eo

274 2096 390 2165 ipso
421 2116 533 2168 quo
568 2102 862 2159 Servator
894 2117 1082 2161 noster
1111 2105 1268 2161 Jesus
1311 2105 1566 2160 Christus
1604 2114 1764 2159 natus
1789 2110 1874 2157 est
1905 2111 2167 2173 tempore,
2206 2102 2492 2158 manifeste
2523 2103 2801 2174 impletum
2830 2121 2955 2162 esse
2980 2106 3338 2164 convincitur.
3385 2107 3559 2178 Atque

276 2189 388 2249 hare
414 2193 481 2249 ad
517 2199 948 2254 ostendendam
996 2209 1294 2269 temporum
1328 2199 1612 2254 veritatem
1644 2196 1950 2254 necessario
1971 2211 2001 2251 a
2030 2196 2184 2254 nobis
2208 2197 2487 2269 praemissa
2524 2198 2656 2253 sint.

841 2340 1243 2395 ΚΕΦΑΛΑΙΟΝ
1286 2342 1364 2398 Ζ’.

279 2469 415 2542 Περὶ
482 2469 606 2537 τῆς
665 2470 743 2525 ἐν
798 2471 953 2542 -τοῖς
1040 2442 1429 2542 Εὐαγγελίοις
1500 2467 1887 2542 νομιζομένης

347 2541 691 2613 διαφωνίας
729 2540 883 2613 λζῆςγ
921 2543 1055 2609 περὶ
1116 2540 1223 2597 τοῦ
1288 2540 1579 2611 Χριστοῦ
1605 2540 1884 2613 reiculo-

349 2612 480 2680 γίας
518 2613 676 2675 (Nic.
719 2610 798 2664 ιι.
836 2612 905 2665 E.
940 2613 1202 2682 ι,7,11).

356 2702 582 2773 Ἐπειδὴ
610 2703 674 2756 δὲ
707 2702 811 2774 τὴν
841 2703 976 2773 περὶ
1005 2702 1097 2756 τοῦ
1122 2700 1357 2775 Χριστοῦ
1396 2702 1744 2773 γενεαλογίαν
1770 2705 1884 2758 δια-

281 2794 457 2865 φόρως
484 2797 626 2865 ἡμῖν
659 2797 690 2848 ὃ
728 2814 792 2848 τε
838 2796 1120 2861 Ματθαίος
1152 2797 1245 2852 καὶ
1297 2801 1326 2853 ὁ
1355 2800 1565 2861 Λουκᾶς
1598 2798 1882 2868 εὐαγγελι-

280 2884 489 2955 ζόμενοι
520 2884 989 2957 παραδεδώκασι,
1019 2885 1305 2955 διαφωνεῖν
1336 2904 1395 2941 τε
1426 2887 1732 2959 νομίζονται
1766 2893 1881 2954 τοῖς

278 2976 509 3040 πολλοῖς,
546 2976 666 3029 τῶν
688 2977 749 3029 δὲ
779 2976 994 3030 πιστῶν
1037 2977 1262 3043 ἕκαστος
1300 2979 1408 3051 (86)
1447 2981 1639 3052 ἀγνοίᾳ
1670 2984 1716 3035 τ’
1750 2983 1881 3055 ἀλη-

275 3061 400 3125 θοῦς
453 3064 839 3136 εὑρεσιλογεῖν
895 3068 980 3129 εἰς
1023 3068 1147 3131 τοὺς
1192 3069 1393 3133 τόπους
1435 3070 1877 3145 πεφιλοτίμηται,

274 3156 405 3225 φέρε
456 3157 557 3209 καὶ
604 3158 712 3227 τὴν
755 3157 891 3229 περὶ
937 3157 1140 3211 τούτων
1192 3161 1554 3216 κατελθοῦσαν
1599 3165 1680 3227 είς
1733 3167 1879 3236 ἡμᾶς

272 3246 518 3319 ἱστορίαν
566 3247 987 3319 παραϐὡμεθα,
1035 3250 1101 3320 ἢν
1130 3249 1195 3303 δι’
1227 3251 1514 3322 ἐπιστολῆς
1572 3254 1877 3329 Ἀριστείδῃ

269 3343 501 3412 γράφων
552 3343 689 3415 περὶ
736 3342 1064 3413 συμφωνίας
1114 3343 1213 3413 τῆς
1255 3344 1312 3396 ὲν
1358 3347 1471 3410 τοῖς
1523 3345 1876 3415 Εὑαγγελίοις

271 3436 658 3504 γενεαλογίας,
685 3438 714 3488 ὁ
745 3435 940 3508 μικρῷ
970 3434 1200 3506 πρόσθεν
1228 3437 1359 3507 ἡμῖν
1385 3437 1646 3510 δηλωθεὶς
1682 3438 1874 3510 Ἀφρι-

272 3528 433 3591 κανὸς
476 3528 901 3598 ἐμνημόνευσε,
940 3526 1040 3590 τὰς
1080 3527 1176 3598 μὲν
1218 3528 1283 3600 δὴ
1328 3528 1437 3582 τῶν
1480 3528 1680 3582 λοιπῶν
1717 3529 1875 3596 δόξας

2582 2339 2811 2398 CAPUT
2853 2342 2965 2399 VII.

1989 2474 2071 2531 De
2111 2474 2351 2531 dissensu
2397 2476 2490 2547 qui
2532 2475 2769 2550 creditur
2784 2492 2931 2550 _esse
2960 2478 3119 2550 inter
3160 2477 3447 2550 Evangelia
3500 2479 3555 2534 in

2566 2547 2730 2617 stirpe
2770 2544 2994 2603 Christi.

2060 2705 2167 2762 Sed
2207 2705 2460 2776 quoniam
2504 2704 2792 2764 Matthazus
2826 2714 2881 2763 et
2914 2705 3091 2764 Lucas
3132 2707 3188 2763 iu
3235 2708 3554 2780 Evangelia-

1986 2817 2106 2857 rum
2129 2801 2285 2860 libris
2307 2799 2506 2860 Christi
2537 2822 2708 2877 genus
2730 2821 2795 2862 ac
2826 2805 3049 2878 stirpem
3081 2808 3229 2863 varie
3257 2809 3412 2865 nobis
3444 2819 3553 2864 tra-

1986 2895 2259 2961 diderunt,
2304 2907 2361 2951 et
2421 2897 2713 2967 plurimum
2758 2900 2902 2956 inter
2947 2915 3006 2955 se
3052 2900 3345 2956 dissentire
3385 2902 3551 2969 vulgo

1985 2986 2388 3052 existimantur,
2415 2989 2550 3045 adeo
2584 2999 2642 3045 ut
2670 2990 2873 3061 singuli
2904 2990 3145 3046 ﬁdelium
3188 2992 3258 3046 ob
3300 2992 3551 3047 veritatis
3636 3056 3637 3061 η

1986 3077 2407 3149 ignorationem,
2435 3081 2618 3136 varias
2650 3097 2837 3137 eorum
2866 3081 3111 3137 locorum
3156 3083 3549 3153 explicationes

1983 3172 2232 3225 certatim
2258 3173 2692 3243 excogitaverint
2731 3190 2745 3227 :
2790 3173 2856 3229 de
2906 3173 2992 3229 his
3035 3175 3380 3230 traditionem
3424 3191 3546 3244 qua:

1982 3260 2048 3313 ad
2078 3276 2176 3316 nos
2205 3276 2374 3331 usque
2400 3262 2626 3317 deducta
2656 3271 2743 3317 est
2779 3276 3167 3331 proponamus,
3196 3278 3357 3332 quam
3391 3263 3438 3318 is
3477 3264 3547 3319 de

1981 3366 2091 3421 quo
2121 3352 2282 3423 paulo
2327 3363 2453 3408 ante
2498 3353 2732 3409 diximus
2779 3353 3091 3420 Africanus,
3119 3354 3171 3409 in
3210 3354 3449 3423 Epistula
3475 3354 3546 3408 ad

1980 3442 2269 3498 Aristidem
2317 3444 2384 3499 de
2425 3446 2708 3514 Iconsensu
2770 3444 3190 3517 Evangeliorum
3255 3445 3310 3499 in
3372 3445 3545 3515 stirpe

1979 3534 2183 3591 Christi
2232 3538 2539 3605 narranda,
2601 3538 3069 3593 commemoravit.
3143 3536 3245 3592 Ubi
3313 3537 3543 3593 aliorum

272 3620 349 3683 ὡς
384 3621 450 3673 ἂν
490 3621 710 3691 βιαίους
744 3621 842 3675 καὶ
891 3619 1284 3692 διεψευσμένας
1317 3621 1618 3691 ἀπελέγξας
1642 3622 1777 3693 (87),
1806 3624 1872 3695 ἢν

1982 3626 2197 3696 quidem
2234 3628 2521 3697 opiniones
2562 3638 2821 3699 tanquam
2851 3627 3120 3683 violentas
3146 3637 3201 3683 et
3234 3627 3374 3683 falso
3403 3644 3542 3684 con-

271 3710 317 3763 6‘
338 3712 500 3774 αΰτὶς
523 3711 876 3783 παρείληφεν
912 3710 1171 3783 ἱστορίαν,
1200 3710 1411 3776 τούτοις
1441 3713 1623 3776 αὐτοῖς
1664 3713 1875 3767 ἐκτιθέ-

277 3817 435 3872 μενος
458 3807 576 3867 τοῖς
624 3804 875 3873 ῥήμασιν
896 3817 912 3831 ⁸
954 3820 973 3852 ι
1017 3801 1232 3873 Ἐπειδὴ
1257 3801 1367 3874 γὰρ
1398 3803 1466 3857 τὰ
1493 3803 1731 3875 ὀνόματα
1761 3803 1870 3874 (88)

276 3895 383 3947 τῶν
407 3896 586 3964 γενῶν
629 3897 690 3947 ὲν
749 3892 978 3966 Ἰσραὴλ
1015 3893 1299 3965 ἠριθμεῖτο
1336 3894 1369 3965 ἢ
1412 3893 1591 3963 φύσει,
1634 3893 1868 3966 ἢνόμῳ,

278 3985 434 4053 φύσει
483 3987 613 4057 μὲν,
654 3985 890 4057 γνησίου
941 3985 1255 4056 σπέρματος
1309 3986 1550 4059 διαδοχῇ,
1600 3987 1750 4059 νόμῳ
1791 3988 1869 4052 δὲ,

276 4076 459 4148 ἑτέρου
518 4078 846 4131 παιδοποιου
856 4075 1021 4147 μένου
1081 4078 1161 4141 είς
1219 4077 1389 4149 ὄνομα
1452 4079 1872 4151 τελευτήσαντος

273 4168 504 4239 ἀδελφοῦ
539 4170 774 4224 ἀτέκνου
795 4186 810 4199 ·
845 4169 933 4221 ὃτι
967 4167 1073 4239 γὰρ
1098 4168 1308 4222 οὐδέπω
1347 4168 1525 4223 δέδοτο
1560 4169 1714 4233 ἐλπὶς
1740 4171 1871 4223 ἀνα-

276 4261 520 4325 οτάσεως
551 4260 756 4332 σαφὴς,
785 4258 891 4329 τὴν
915 4257 1212 4329 μέλλουσαν
1258 4258 1588 4327 ἐπαγγελίαν
1633 4258 1869 4312 ἀναστά-

276 4367 362 4417 σει
384 4353 688 4424 ἐμιμοῦντο
714 4352 917 4422 Θνητῇ,
949 4350 1035 4402 ἴνα
1066 4350 1416 4405 ἀνέκλειπτον
1452 4351 1587 4422 μένῃ
1612 4351 1674 4403 τὸ
1701 4350 1870 4422 ὄνομα

274 4446 371 4498 τοῦ
402 4445 842 4518 μετηλλαχότος·
885 4442 1009 4496 ἐπεὶ
1037 4438 1128 4497 οῦν
1158 4443 1208 4496 οἱ
1247 4443 1313 4514 τῇ
1346 4441 1662 4514 γενεαλογίᾳ
1698 4443 1872 4518 ταύτῃ

347 4644 455 4717 (85)
487 4644 634 4714 Περὶ
671 4637 762 4698 ὧν
804 4643 882 4717 ἐζν
911 4640 1134 4717 ἑτέροις
1176 4641 1325 4717 distat

1976 3716 2129 3771 ﬁctas
2148 3718 2428 3785 coarguit;
2456 3718 2568 3786 ipse
2604 3732 2733 3772 vero
2777 3730 2937 3785 quam
2985 3723 3325 3784 compererat
3371 3714 3544 3769 histo-

1976 3806 2134 3874 riam,
2167 3807 2253 3862 bis
2270 3806 2438 3863 refert
2460 3808 2639 3864 verbis
2666 3808 2854 3862 :tNam
2882 3808 3158 3877 quoniam,
3186 3805 3380 3876 inquit,
3400 3807 3541 3874 apud

1970 3897 2243 3953 lsraelitas
2265 3899 2671 3967 generationum
2694 3898 2932 3962 nomina,
2962 3897 3065 3967 21
3108 3896 3191 3951 vel
3209 3911 3275 3949 ex
3310 3906 3536 3961 naturae,

1970 3988 2055 4044 vel
2084 4004 2150 4044 ex
2189 3989 2319 4057 legis
2357 3989 2549 4045 ordine
2575 3988 3001 4043 numerabantur
3026 4005 3041 4042 :
3067 3996 3272 4042 naturae
3293 3984 3536 4055 quidem,

1969 4095 2091 4136 cum
2126 4080 2354 4149 legitimi
2389 4079 2485 4135 ﬁlii
2510 4080 2832 4150 parentibus
2862 4078 3195 4143 succedunt;
3223 4076 3357 4147 legis
3382 4088 3537 4140 vero,

1967 4172 2183 4241 quoties
2231 4171 2354 4241 quis
2404 4173 2457 4227 in
2501 4186 2700 4228 nomen
2764 4186 2830 4226 ac
2877 4169 3137 4224 familiam
3184 4168 3372 4224 fratris
3416 4166 3539 4221 sine

1966 4263 2152 4318 liberis
2207 4263 2443 4319 defuncti
2495 4264 2636 4319 ﬁlios
2687 4261 2930 4318 sustulit.
2983 4262 3118 4316 Cum
3171 4261 3315 4315 enim
3385 4268 3537 4313 certa

1969 4366 2093 4421 spes
2123 4352 2537 4407 resurrectionis
2575 4335 2810 4408 nondum
2843 4352 2922 4406 eis
2952 4351 3074 4405 data
3102 4358 3266 4411 esset.
3295 4348 3534 4403 futuram

1970 4442 2089 4512 ejus
2125 4443 2540 4514 promissionem
2585 4442 2804 4499 mortali
2858 4442 3088 4511 quadam
3137 4440 3535 4495 resurrectione

1413 4658 1593 4725 αιιεν..
1613 4641 1864 4725 lntelligit
1892 4648 1938 4703 D
1963 4642 2168 4725 @113th
2207 4642 2418 4725 λοιπῶν.
2436 4641 2592 4725 δόξας
2633 4640 2842 4725 βιαίους
2870 4638 3375 4725 καὶαδιεψεχσμένας
3386 4640 3530 4725 ἀποτ

347 4644 455 4717 (85)
487 4644 634 4714 Περὶ
671 4640 762 4698 ὧν
804 4643 882 4697 ἐν
911 4640 1134 4710 ἑτέροις
1176 4640 1582 4766 διεατέοαμεν.
1613 4641 1864 4714 lntelligit
1892 4648 1938 4703 D
1963 4642 2027 4715 δὴ
2057 4642 2168 4697 τῶν
2207 4642 2409 4698 λοιπῶν
2436 4641 2592 4725 δόξας
2633 4640 2842 4712 βιαίους
2870 4640 3375 4724 καὶιδιεψευσμένας
3386 4640 3530 4723 ἀπο-

279 4712 441 4770 libros
465 4713 959 4769 Demonstrationis
987 4712 1315 4780 euangelicis.
1389 4714 1553 4766 tenim
1579 4714 1630 4766 in
1663 4723 1859 4770 octavo
1961 4713 2163 4778 δείξας.
2210 4713 2269 4767 In
2319 4713 2545 4778 reliquis
2590 4722 2772 4767 autem
2805 4711 3098 4773 codicibus,
3133 4710 3272 4765 Med.
3309 4710 3531 4780 sethcet

284 4784 394 4845 eius
441 4787 628 4854 operis
683 4785 831 4839 libro
878 4782 991 4854 agit
1035 4783 1106 4854 de;
1126 4781 1554 4836 hebdomadibus
1598 4783 1856 4854 Danielis.

283 4866 410 4920 quas
434 4851 674 4909 adventu
703 4851 912 4908 Christi
920 4852 1378 4922 completasﬁesse
1400 4851 1681 4922 contendit
1701 4853 1856 4922 juxta

284 4919 595 4978 sententiam
615 4923 890 4977 Africani.
919 4919 1177 4975 Eumdem
1223 4921 1441 4976 Eusebii
1472 4920 1645 4975 locum
1668 4919 1736 4976 ex
1759 4924 1854 4978 lib.

281 5007 371 5063 t'm
422 4992 931 5063 Demonstrationis
965 4990 1277 5063 evuugelicae
1324 4991 1459 5045 citat
1496 4989 1854 5063 Hieronymus

285 5062 332 5114 in
356 5063 761 5117 Commentariis
796 5062 856 5114 in
894 5059 1183 5113 Danielem.

345 5134 608 5204 (Μίλων
631 5134 704 5187 δέ
733 5130 979 5204 πιστῶν
1003 5128 1277 5204 ἕκαστος.
1304 5129 1553 5204 Quatuor
1571 5132 1860 5204 nostrieo-

284 5198 437 5268 dices,
458 5203 663 5274 Regius
697 5202 920 5274 scilicet
960 5213 1025 5253 ac
1074 5198 1235 5274 ἔδοξ..
1266 5216 1388 5255 cum
1435 5201 1662 5274 blediet
1694 5198 1853 5274 Fille.

285 5275 526 5342 scriptum
540 5268 772 5329 habent
800 5269 918 5323 τῶν
948 5284 1007 5342 τε
1031 5268 1257 5342 πιστῶν,
1293 5279 1399 5323 etc.
1431 5269 1537 5342 Sed
1566 5269 1700 5325 Rob.
1730 5271 1853 5327 Ste-

284 5339 473 5409 phanus
502 5361 630 5400 cum
669 5344 822 5396 hanc
835 5339 1152 5407 particulam
1179 5339 1288 5404 jam
1316 5347 1472 5393 antea
1495 5341 1547 5393 in
1576 5343 1854 5409 superiore

274 5417 498 5484 menibro
522 5415 776 5484 positam
807 5409 1039 5484 videret,
1066 5409 1170 5484 hoc_
1191 5409 1310 5484 loco
1333 5409 1721 5484 6é_substituit;
1754 5427 1846 5468 no-

271 5481 344 5539 bis
371 5478 546 5540 tamen
578 5483 804 5541 rectior
835 5478 1052 5532 videtur
1068 5478 1266 5546 scripta
1292 5480 1467 5534 lectio.

330 5554 432 5621 (87)
464 5555 630 5623 Vulg.
676 5552 1141 5623 διεψεᾳσμένας
1179 5552 1523 5620 ἀποδείξας.
1572 5553 1687 5611 Hoc
1731 5555 1854 5612 loco

264 5619 384 5679 Rob.
408 5619 678 5692 Stephani
707 5620 1011 5694 consilium
1034 5622 1250 5694 laudare
1271 5624 1418 5677 nullo
1433 5619 1590 5679 modo
1606 5641 1851 5694 possum,

262 5696 480 5759 quicum
503 5690 763 5767 Regium
792 5690 1037 5767 codicem
1068 5693 1167 5746 sibi
1191 5694 1521 5767 sequendum
1547 5690 1855 5767 propesuis-

259 5774 345 5825 εει.
368 5783 488 5821 eum
515 5784 584 5820 ex
597 5760 799 5834 'parte
822 5760 1085 5835 duntaxat
1107 5760 1390 5835 expressit.
1418 5760 1562 5835 Nam
1590 5760 1663 5819 in'
1686 5765 1851 5835 Regio

252 5838 449 5903 quidem
486 5830 696 5895 codice
732 5839 897 5886 totus
938 5830 1023 5885 hic
1069 5832 1217 5888 locus
1245 5832 1315 5887 ita
1349 5833 1581 5898 legitur:
1617 5835 1715 5899 τὰς
1745 5830 1845 5897 risv

1961 4793 2015 4837 et
2048 4782 2188 4837 Maz.
2238 4798 2303 4837 ac
2352 4782 2515 4844 Fuk..
2565 4782 2638 4837 ita
2679 4783 2915 4850 scriptus
2946 4790 3031 4837 est
3062 4799 3075 4834 :
3105 4780 3203 4843 τὰς

1961 4793 2015 4837 et
2048 4782 2188 4864 Maz.
2238 4798 2303 4837 ac
2352 4782 2515 4844 Fuk..
2565 4782 2638 4837 ita
2679 4783 2915 4850 scriptus
2946 4790 3031 4837 est
3062 4799 3075 4834 :
3105 4780 3203 4843 τὰς
3247 4778 3365 4903 έμὲν
3418 4780 3531 4833 τῶν

1958 4851 2160 4923 λοιπων
2193 4851 2350 4917 δόξας
2395 4852 2553 4923 ὼσάνν
2590 4852 2795 4923 βιαίους
2835 4850 2942 4923 -καὶ
2985 4851 3245 4923 διεψευσμ
3277 4866 3371 4923 νας
3396 4852 3532 4904 ἀπε..

1958 4921 2175 4991 λέγξας.
2218 4922 2395 4991 Atque
2435 4925 2508 4976 ita
2545 4920 2743 4992 legitur
2774 4920 2938 4992 etiam
2968 4922 3107 4992 apud
3145 4920 3525 4992 NiCepltorum.

1959 4989 2163 5058 Duplex
2187 4989 2352 5061 igitur
2374 4992 2475 5046 fuit
2504 4989 2771 5061 scriptura
2808 4990 2969 5061 hujus
2990 4990 3111 5049 loci.
3133 4989 3363 5061 cumialii
3395 4990 3530 5061 ᾁπο-

1955 5061 2133 5130 δείξας
2155 5059 2406 5130 legerent.
2434 5061 2522 5114 alii
2539 5060 2861 5130 ἀπελέγξας.
2887 5059 2990 5114 Sed
3018 5060 3109 5129 qui
3133 5060 3378 5126 legebant
3398 5059 3528 5130 απο-

1961 5127 2162 5198 δείξας,
2192 5127 2227 5184 ii
2246 5131 2559 5185 adverbium
2594 5131 2721 5183 illud
2749 5127 3309 5199 diadvexpungebant,
3329 5127 3525 5199 quippe

1960 5195 2101 5270 quod
2136 5195 2285 5256 nullo
2333 5199 2804 5270 modocouvenire
2838 5195 3006 5267 possit
3041 5195 3162 5253 cum
3194 5195 3355 5270 verbo
3385 5197 3523 5270 ἀπο-

1958 5265 2159 5337 δείξας.
2192 5270 2301 5325 Nos
2346 5269 2650 5336 ἀπελέγξας
2689 5265 3041 5338 ριέιξιύιίηιιιε,
3073 5278 3182 5320 tum
3225 5265 3349 5332 quia
3397 5265 3520 5338 plu:

1958 5332 2098 5393 rium
2119 5332 2539 5408 exemplarium
2567 5332 2900 5408 auctoritate
2935 5332 3203 5408 ﬁrmatur,
3235 5344 3344 5385 tum
3372 5332 3515 5408 quod

1958 5408 2209 5463 Ruﬁnum
2256 5404 2330 5463 ita
2384 5408 2576 5478 legisse
2633 5424 2701 5462 ex
2758 5406 2874 5475 ejus
2927 5406 3175 5460 versione
3239 5404 3514 5472 comperi-

1954 5496 2095 5534 mus.

2022 5547 2134 5621 (88)
2188 5546 2420 5621 Ἐπειδὴ
2472 5546 2596 5621 γὰρ
2625 5545 3031 5621 τὰηόνόμξξτα.
3078 5540 3353 5621 fartich
3400 5541 3509 5621 γᾴρ

1950 5610 2156 5673 abeSt'a
2186 5619 2384 5672 nostris
2407 5610 2684 5672 codicibus
2714 5610 2872 5678 Man,
2893 5615 3051 5677 Med.,
3077 5610 3210 5667 Fuk.
3238 5622 3292 5666 et
3315 5611 3507 5678 Savil.,

1948 5702 2051 5742 nec
2102 5688 2333 5742 habetur
2376 5688 2427 5740 iu
2465 5682 3153 5754 interpretationeRufini.
3201 5682 3387 5754 Exstat
3422 5691 3507 5734 ta-

1947 5757 2170 5883 ;n‘eitbin
2213 5758 2398 5813 codice
2433 5751 2688 5828 Regio'et
2717 5753 2855 5823 apud
2902 5751 3263 5825 Nicephorum
3295 5751 3350 5807 in
3386 5765 3505 5820 cap.

2058 5844 2071 5881 ι
2115 5867 2129 5883 .
2162 5840 2204 5883 t.

2058 5840 2129 5884 ιι).
2162 5840 2204 5883 lo
