3972 6508
484 369 549 427 91
1197 369 1470 463 EUS‘EBII
1509 370 1986 428 CESARIENSlS
2024 369 2176 427 OPP.
2216 367 2420 426 PARS.
2460 367 2502 423 1.
2541 399 2613 410 -ι
2649 367 3039 425 HISTORICA.
3666 358 3737 416 9!

484 486 858 554 delineabanl,
890 497 950 543 ut
996 489 1193 544 mortui
1231 505 1424 543 nomen
1457 489 1619 543 nullis
1654 505 1892 559 unquam
1923 488 2059 544 obli-

2166 487 2549 560 ἐμφερόμενοι,
2602 484 2651 538 οἱ
2687 484 2786 556 μὲν
2817 484 3115 552 διεδέξαντο
3143 482 3329 549 παῖδες
3353 480 3563 553 πατέρα
3606 496 3742 551 γνη-

482 578 767 633 ιθτθηιίιιιι]
803 577 1018 632 sacculis
1054 587 1417 647 permaneret.
1446 577 1717 644 Quoniam
1760 578 1930 647 igitur
1959 594 2053 633 eo-

482 680 601 719 rum
640 664 728 733 qui
755 664 898 719 inter
926 664 1162 731 majores
1197 666 1402 721 Christi
1434 674 1805 731 recensentur,
1839 667 1931 721 alii
1959 682 2052 720 na-

482 756 641 811 turali
673 754 817 824 jure,
862 765 922 811 ut
967 742 1082 819 lilii,
1110 757 1429 826 parentibus
1469 768 1875 822 successerunt,
1920 774 2053 811 non-

482 847 615 901 nulli
650 863 779 902 vero
806 864 926 902 cum
959 848 1027 903 ab
1054 850 1174 903 aliis
1197 851 1469 919 procreati
1502 861 1704 915 essent,
1729 849 1851 903 aliis
1879 850 2051 903 ascri-

483 941 558 1009 pti
595 950 770 997 sunt:
801 942 920 997 ideo
964 951 1320 1011 utrorumque
1374 942 1575 995 mentio
1615 941 1760 996 facta
1798 950 1902 1006 est,
1943 952 2050 996 tam

483 1042 670 1082 eorum
721 1030 814 1099 qui
863 1044 992 1084 vere
1033 1042 1237 1101 patres,
1283 1047 1444 1100 quam
1493 1030 1707 1084 illorum
1767 1032 1857 1101 qui
1897 1032 2049 1101 quasi

484 1133 666 1191 patres
709 1122 943 1180 fuerunt.
980 1125 1053 1179 lta
1101 1124 1178 1188 fit,
1220 1134 1277 1179 ut
1324 1136 1577 1180 neutrum
1629 1125 2051 1195 Evangeliornm

484 1213 677 1269 falsum
711 1216 804 1283 sit,
840 1231 960 1271 cum
1007 1217 1239 1273 alterum
1296 1229 1571 1282 naturam,
1610 1219 1838 1272 alterum
1880 1218 2052 1287 legem

484 1307 537 1362 in
579 1305 871 1375 majoribus
914 1311 1296 1365 enumerandis
1344 1320 1623 1379 sequatur.
1672 1308 1804 1364 Nam
1841 1310 2056 1364 familia!

481 1412 603 1468 qua:
642 1416 761 1455 cum
792 1416 822 1456 a
862 1401 1174 1467 Salomone,
1210 1411 1325 1458 tum
1373 1419 1403 1456 a
1452 1402 1662 1457 Nathau
1694 1403 2053 1467 deducuntur,

482 1493 621 1546 adeo
670 1493 813 1549 inter
855 1508 915 1550 se
968 1495 1245 1565 permistte
1292 1505 1440 1562 sunt,
1473 1495 1671 1566 partim
1714 1496 2056 1563 reparatione

482 1584 723 1638 nominis
764 1600 953 1641 eorum
1005 1586 1099 1655 qui
1146 1588 1266 1641 sine
1302 1585 1455 1655 prole
1496 1585 1885 1653 decessissent,
1926 1601 2055 1656 par—

481 1676 578 1728 tim
613 1678 872 1732 secundis
904 1678 1126 1748 nuptiis,
1149 1678 1353 1747 partim
1380 1677 1544 1732 etiam
1576 1678 1801 1734 seminis
1827 1679 2058 1734 suscita-

484 1765 649 1827 tione.
695 1776 754 1821 ut
790 1767 953 1823 iidem
990 1767 1239 1823 homines
1281 1767 1533 1823 diversos
1578 1778 1762 1838 patres
1796 1769 2058 1826 habuisse

481 1858 680 1913 merito
715 1860 1048 1927 credantur;
1089 1861 1189 1916 bos
1227 1862 1447 1931 quidem
1481 1862 1729 1928 lictitios,
1775 1860 1894 1916 illos
1925 1877 2056 1915 vero

483 1951 782 2006 naturales.
821 1952 940 2018 Quo
981 1952 1059 2017 fit,
1095 1964 1153 2008 ttt
1184 1952 1465 2024 Evangelii
1503 1953 1786 2023 utriusque
1814 1952 2056 2007 narratio

485 2042 731 2097 absolute
775 2045 1082 2109 verissima,
1136 2046 1291 2100 vario
1334 2046 1555 2115 quidem
1610 2044 1874 2101 linearum
1924 2059 2055 2098 eon-

493 2142 668 2197 textu,
700 2135 794 2190 sed
828 2146 1082 2191 accurate
1118 2136 1185 2191 ad
1211 2134 1507 2206 Joseplium
1536 2150 1707 2206 usque
1737 2134 2053 2189 descendat.

489 2223 687 2281 Verum
723 2237 781 2280 ut
823 2227 873 2281 id
910 2228 1055 2298 quod
1096 2227 1358 2293 diximus,
1385 2227 1592 2283 clarius
1619 2227 1734 2291 fiat,
1774 2226 2056 2294 utriusque

487 2318 673 2387 stirpis
714 2318 911 2377 seriem
958 2334 1345 2389 proponemus.
1377 2318 1550 2390 Igitur
1583 2318 1628 2374 si
1666 2333 1697 2373 a
1728 2316 1931 2371 Davide
1962 2330 2059 2385 per

1316 2435 1426 2506 γὰρ
1456 2434 1753 2506 ἀλλήλοις
1782 2435 1856 2490 τὰ
1889 2434 2053 2506 γένη.

489 2496 566 2551 Ita
600 2496 907 2575 quidemch
940 2505 1125 2559 codice
1164 2496 1415 2561 lllediczeo
1443 2496 1614 2560 edidit
1658 2496 1794 2561 Rob.
1827 2496 2061 2575 Stepha-

488 2583 617 2646 nus.‘
646 2571 701 2622 ln
734 2570 900 2646 litigio
942 2576 1235 2643 exemplari
1305 2577 1457 2645 prius
1499 2578 1760 2646 scriptum
1806 2570 1937 2629 erat.
1962 2576 2061 2630 ὲπ-

486 2638 718 2711 επλάκη.
746 2638 942 2716 Postea
962 2660 1090 2716 vero
1103 2638 1449 2716 emendatum
1468 2655 1549 2702 est
1577 2638 1734 2716 paulo
1764 2646 2059 2701 recentiore

486 2723 649 2786 manu
689 2714 1091 2786 συνεπεπλάκη.
1133 2715 1375 2771 Priorem
1418 2714 1593 2771 illam_
1621 2717 2058 2786 lecrtionemhéir-

485 2777 697 2860 επλάκη
715 2777 1298 2860 retinuitNicepltorus.
1317 2788 1669 2860 Codd.autem
1689 2785 1825 2860 Man.
1846 2794 1899 2839 et
1919 2784 2055 2843 Fuk.

487 2852 749 2925 scripturn
775 2852 994 2925 habent
1028 2852 1443 2921 σύνεπεπλάκει,
1474 2857 1577 2919 vel,
1608 2858 1750 2925 quod
1776 2856 1914 2909 idem
1953 2865 2054 2919 est,

485 2921 888 2999 συνεπεπλάκη.
904 2926 1093 2999 ﬁtque
1115 2928 1188 2981 ita
1215 2928 1408 2996 legisse
1430 2921 1642 2982 videtur
1671 2924 1899 2999 Rufinus
1931 2942 1944 2999 ς
1978 2926 2058 2980 sic

488 2995 631 3045 cuitu
667 2993 827 3047 vertit
856 3008 870 3047 :
898 2993 1308 3065 Recoujunclufn
1344 3011 1567 3064 namque
1603 3004 1677 3049 est
1712 2996 1811 3048 sibi
1841 2996 2061 3050 invicem

486 3078 670 3132 genus,
697 3074 743 3117 et
778 3064 909 3117 illud

486 3148 576 3201 per
594 3133 812 3187 Nat/ian
840 3133 1138 3198 deducitur,
1166 3145 1270 3189 etc.
1311 3135 1407 3189 Ubi
1446 3135 1598 3188 vides
1639 3134 1890 3189 Rufinum
1925 3133 2061 3189 duas

492 3203 612 3258 illas
644 3206 1045 3271 praepositiones
1074 3206 1223 3260 verbi
1251 3205 1647 3258 συνεπεπλάκει
1677 3207 1894 3261 totidem
1913 3204 2062 3259 Lati-

491 3274 576 3349 nis
606 3275 1204 3349 exprimerevoluisse,
1255 3276 1307 3329 lu
1348 3277 1579 3344 vulgatis
1627 3277 1858 3349 quidem
1879 3275 2057 3349 ltiiliui

492 3343 817 3397 edttiouibus
840 3344 1057 3413 legitur,
1085 3346 1418 3414 conjunclum
1435 3343 1661 3414 namque
1693 3353 1769 3400 est
1793 3345 1890 3398 sibi
1929 3346 2065 3399 invi-

491 3428 602 3484 cem
624 3422 931 3484 genus,ctc.
962 3414 1153 3469 Verum
1187 3417 1237 3468 in
1272 3416 1481 3470 duobus
1506 3415 1887 3484 manuscriptis
1912 3414 2062 3469 codi-

487 3482 661 3553 cibus,
688 3482 887 3553 altero
918 3484 1259 3538 bibliothecae
1281 3485 1484 3553 ltegite,
1532 3487 1705 3539 altero
1734 3482 2061 3541 Parisiensis

491 3552 766 3624 Ecclesiae.
796 3561 853 3607 et
882 3554 935 3624 in
972 3552 1724 3610 velusdssimisfeditionibus
1755 3555 1951 3624 legitur
1975 3572 2055 3608 re-

487 3622 852 3692 coniunctum.
890 3623 998 3678 Nec
1014 3633 1196 3692 tamen
1226 3624 1456 3691 probare
1490 3640 1703 3692 possum
1737 3622 2061 3692 interpreta-

491 3692 695 3763 tionem
758 3690 955 3763 iinlini.
1008 3691 1140 3747 Nam
1188 3690 1507 3763 reconjungi
1542 3695 1757 3763 quidem
1806 3690 2062 3748 dicuntur

491 3763 608 3816 duae
650 3761 882 3828 familiae,
917 3777 1036 3831 qua:
1078 3777 1201 3817 cum
1239 3777 1305 3817 ex
1340 3761 1526 3818 eadem
1561 3761 1726 3832 gente
1759 3773 1892 3818 orta:
1931 3766 2059 3823 sint.

490 3832 695 3904 mutuis
715 3841 841 3904 post
861 3847 929 3904 ea
964 3832 1257 3904 connubiis
1286 3834 1426 3904 inter
1453 3848 1512 3888 se
1541 3834 1922 3904 rejunguntur.
1953 3834 2061 3889 Sed

490 3901 546 3956 in
584 3903 685 3956 hoc
712 3903 829 3955 loco
858 3902 1017 3970 longe
1052 3902 1155 3956 alia
1184 3901 1426 3956 Africani
1454 3901 1612 3959 mensi
1638 3901 1741 3958 esi.
1776 3903 1889 3957 Non
1915 3905 2058 3956 enim

492 3971 623 4042 dicit
657 3970 951 4042 Alrieanus
996 3972 1322 4026 Nathanteos
1368 3986 1432 4027 ac
1467 3973 1806 4029 Salomonios
1843 3976 1932 4042 qui
1993 3989 2060 4027 ex

490 4040 679 4112 eadem
719 4051 878 4110 gente
930 4041 1182 4098 Davidica
1223 4042 1488 4112 originem
1528 4044 1817 4111 ducebant,
1860 4040 2061 4098 inutuis

492 4110 717 4182 interse
767 4112 1053 4167 connubiis
1097 4120 1284 4181 postea
1316 4110 1605 4182 'rejunctos
1647 4115 1830 4169 fuisse.
1857 4113 2059 4168 Verum

490 4178 594 4234 hoc
623 4181 773 4245 dicit,
829 4178 1207 4250 generationes
1253 4178 1403 4248 illas,
1423 4191 1532 4236 tum
1573 4199 1695 4250 qua:
1729 4200 1758 4236 a
1791 4184 2057 4249 Nathaue,

494 4259 613 4322 tum
631 4265 748 4318 qum
770 4267 800 4304 a
837 4252 1124 4307 Salomone
1147 4255 1436 4316 ducuntur,
1479 4252 1738 4322 implexas
1762 4269 1883 4308 esse
1902 4266 2062 4322 atque

490 4319 791 4392 iutricatas,
823 4323 890 4376 ob
922 4324 1187 4378 secundas
1217 4323 1426 4377 scilicet
1458 4319 1675 4392 nuptias
1703 4319 2062 4377 viduaruuiet

490 4390 756 4464 seminum
784 4393 1184 4464 suscitatioues,
1215 4408 1339 4464 qua}
1360 4390 1623 4464 inmuitis
1648 4393 2057 4464 generationum

487 4460 574 4533 illa
585 4475 696 4533 ruin
715 4463 970 4530 gradibus
985 4460 1296 4533 oecurrut—it.
1311 4462 1541 4516 Proinde
1559 4460 1861 4533 praepositio
1875 4463 1960 4516 illa
1973 4464 2065 4517 ἐπί

486 4528 543 4582 in
577 4528 740 4602 verbo
768 4532 1193 4602 συνεπεπλάκει,
1231 4547 1335 4586 non
1366 4528 1683 4600 exponenda
1712 4544 1830 4589 erat
1858 4548 1952 4602 per
2006 4550 2063 4587 re

489 4608 548 4651 tit
577 4600 702 4654 fecit
763 4601 1010 4666 ltuliuus,
1069 4603 1162 4656 sed
1232 4603 1572 4671 potiusper
1623 4600 2060 4671 praepositionem

485 4685 661 4737 super.
726 4672 806 4726 Ad
860 4674 1107 4740 verbum,
1145 4670 1568 4737 συνεπεπλάκει,
1620 4670 2065 4743 superimplexum

486 4750 584 4791 est.

560 4806 671 4879 (90)
734 4809 1163 4867 Ἀναστάσεσιν
1212 4809 1501 4866 ἀτέκνων.
1568 4811 1664 4866 Vir
1716 4813 2063 4869 doctissimus

562 2428 689 2503 (89)_
707 2428 863 2503 Vulg.
913 2434 1266 2503 συνεπλάκη

483 4875 722 4933 Joannes
744 4879 987 4954 iLangns,
1010 4882 1495 4954 quiiNicephoruut
1527 4882 1720 4938 Latine
1748 4885 2069 4954 interpreta-

488 4959 575 5003 tus
608 4958 712 5011 est,
743 4952 883 5004 hunc
916 4952 1089 5007 locum
1115 4952 1188 5006 ita
1215 4955 1418 5022 vertit:
1451 4953 1735 5022 Implicata
1756 4952 1903 5006 enim
1923 4956 2067 5007 inter

484 5034 541 5093 se
570 5029 694 5072 sunt
721 5035 932 5093 genera,
951 5031 998 5074 et
1022 5024 1161 5090 quod
1180 5039 1211 5075 a
1235 5021 1754 5093 Salomoneetquad
1783 5040 1816 5075 a
1845 5022 2065 5076 ΝαιΙιαη

485 5090 775 5151 descendit,
827 5100 1282 5155 reprrcsentattone
1328 5108 1511 5146 eorum
1568 5090 1659 5163 qui
1711 5094 1899 5145 liberos
1962 5109 2067 5146 non

488 5169 773 5231 creasseng
793 5162 1136 5231 secundisque
1186 5162 1383 5229 nuptiis
1436 5181 1499 5215 ac
1547 5162 1949 5218 resuscitatione
1980 5179 2063 5215 se-

488 5232 717 5302 minum,
744 5230 973 5284 Rulinus
1000 5230 1387 5302 verojiberius
1423 5235 1665 5302 quidem,
1695 5235 1789 5287 sed
1814 5246 1920 5284 non
1948 5232 2065 5285 sine

489 5298 754 5372 elegantia
790 5302 863 5355 ita
898 5301 1096 5372 vertit:
1134 5298 1550 5372 Reconjuncium
1584 5298 1807 5372 namque
1831 5302 1933 5354 sibi
1964 5308 2064 5372 Aesi

487 5367 705 5420 invicem
730 5386 911 5440 genus,
934 5381 983 5425 et
1009 5370 1142 5423 illud
1175 5367 1316 5440 quod
1338 5388 1430 5440 per
1460 5367 1815 5433 Salomoném,
1850 5382 1896 5424 et
1933 5370 2066 5423 illud

468 5440 624 5505 quod
655 5454 745 5502 per
764 5438 993 5512 ANathan
1023 5438 1452 5508 πάσσακι-,ρετ
1491 5444 1699 5512 legales,
1722 5442 2065 5494 substitutio-

489 5521 577 5557 nes
598 5522 719 5580 qua:
745 5509 940 5576 ﬁebant
967 5510 1049 5563 his
1081 5513 1172 5580 qui
1203 5512 1317 5565 sine
1343 5512 1521 5566 liberis
1541 5509 1882 5576 decedebant,
1906 5519 1951 5563 et
1975 5524 2067 5576 per

487 5575 752 5651 secundas
799 5575 1143 5635 nihilominus
1195 5582 1431 5649 nuptias,
1477 5584 1666 5651 quibus
1722 5596 1858 5632 unus
1910 5575 2068 5647 atoue

486 5647 625 5719 idem
654 5646 776 5701 al‘iis
819 5652 1123 5719 parentibus
1158 5646 1501 5719 progenitus;
1522 5653 1749 5703 aliorum
1779 5665 1892 5702 esse
1921 5650 2066 5714 ﬁlms

486 5718 780 5772 videbatur.
823 5717 1017 5774 Omisit
1053 5717 1280 5776 Rufinus
1325 5717 1489 5774 verba
1514 5722 1602 5774 illa
1636 5720 1875 5774 Africani
1920 5736 1933 5772 :
1972 5719 2067 5772 καὶ

490 5788 815 5843 discedant
842 5790 1191 5860 σπερμάτων,
1215 5805 1333 5860 qua:
1349 5801 1494 5847 certe
1511 5787 1776 5860 superﬂua
1798 5791 2061 5846 videntur.

2096 4412 2144 4471 D

2159 585 2309 651 σίως,
2354 586 2403 637 oi
2446 583 2504 637 δὲ
2546 582 2756 654 ἑτέροις
2817 582 2916 654 μὲν
2977 579 3365 651 ἐγεννήθησαν,
3419 578 3626 649 ἑτέροις
3682 575 3740 643 ﬁt

2156 674 2565 747 προσετέθησαν
2597 673 2806 745 κλήσει,
2843 673 3169 745 ἀμφοτέρων
3209 672 3428 739 γέγονεν
3456 671 3490 741 ὴ
3528 670 3772 740 μνήμη,·

2154 768 2247 821 καὶ
2281 766 2390 819 τῶν
2435 765 2859 835 γεγεννηκότων,
2906 767 2999 819 καὶ
3050 764 3156 817 τῶν
3190 766 3267 827 ὡς
3314 761 3741 831 γεγεννηκότων.

2154 854 2338 921 Οὕτως
2360 856 2639 928 οὐδέτερον
2671 856 2777 909 τῶν
2812 855 3157 924 Εὖαγγελίων
3200 854 3467 922 ψεύδεται,
3513 852 3608 904 καὶ
3626 849 3745 919 ’φύ-

2154 963 2241 1000 σιν
2272 944 2537 1016 άριθμοῦν
2582 945 2677 998 καὶ
2718 945 2879 1015 νόμον
2899 961 2913 973 ο
2951 941 3329 1010 συνεπεπ).άκη
3360 939 3466 1010 γὰρ
3497 937 3744 1007 ἀλλήλοις

2150 1038 2220 1092 τὰ
2241 1038 2372 1107 γένη
2404 1037 2534 1108 (89),
2569 1037 2629 1090 τό
2678 1054 2737 1090 τε
2765 1036 2872 1091 ἀπὸ
2911 1034 3002 1088 τοῦ
3025 1033 3387 1103 Σολομῶντος,
3420 1032 3513 1084 καὶ
3546 1029 3605 1082 τὸ
3636 1029 3746 1082 ἀπ’)

2151 1129 2247 1182 τοῦ
2272 1128 2477 1189 Νάθαν,
2502 1127 2858 1181 ἀναστάσεσιν
2890 1125 3130 1179 ἀτέκνων
3150 1125 3278 1192 (90).
3298 1122 3391 1176 καὶ
3418 1123 3745 1192 δευτερογαο

2158 1220 2329 1291 μίαις,
2349 1220 2444 1273 καὶ
2459 1219 2781 1273 ἀναστάσεσι
2800 1217 3126 1289 σπερμάτων
3143 1216 3272 1283 (9l),
3291 1216 3364 1278 ὡς
3379 1214 3603 1276 δικαίως
3620 1213 3747 1277 τοὺς

2155 1313 2353 1376 αὐτοὺς
2372 1311 2559 1365 ἄλλοτε
2588 1310 2759 1364 ἄλλων
2781 1308 3094 1380 νομίζεσθαι
3130 1307 3264 1379 (92),
3283 1306 3389 1360 τῶν
3411 1307 3509 1379 μὲν
3524 1304 3743 1359 δοκούν-

2154 1420 2262 1456 των
2287 1402 2559 1476 πατέρων,
2599 1398 2707 1454 τῶν
2722 1400 2779 1454 δὲ
2803 1398 3157 1471 ὑπαρχόντων
3177 1415 3192 1428 ο
3224 1398 3298 1461 ὡς
3317 1396 3631 1469 ἀμφοτέρας
3647 1392 3747 1458 τὰς

2154 1493 2433 1567 διηγήσεις
2478 1492 2699 1563 ἀληθεῖς
2733 1491 2922 1555 οὗσας,
2966 1491 3057 1545 ἐπὶ
3088 1491 3180 1544 τὸν
3230 1489 3430 1560 Ἰωσὴφ
3474 1485 3747 1540 πολυπλὸ-

2157 1602 2270 1649 κως
2314 1584 2434 1657 μὲν,
2490 1584 2605 1638 ἀλλ’
2658 1582 2901 1656 ἁκριὸῶς
2952 1581 3255 1637 κατελθεῖν.
3311 1581 3428 1635 Ἵνα
3471 1580 3528 1633 δὲ
3577 1579 3748 1647 σαφὲς

2160 1672 2194 1752 ᾖ
2227 1674 2621 1746 τὸλεγόμενον,
2653 1674 2751 1747 τὴν
2788 1672 3099 1744 ἐπαλλαγὴν
3146 1672 3254 1727 τῶν
3285 1671 3457 1741 γενῶν
3490 1670 3597 1741 (95)
3626 1668 3749 1741 διη-

2155 1770 2415 1841 γήσομαι.
2459 1767 2591 1821 Ἀπὸ
2618 1768 2713 1821 τοῦ
2736 1763 2900 1820 Δα6“;δ
2933 1766 3021 1820 διὰ
3054 1763 3397 1835 Σολομῶντος
3425 1763 3524 1827 τὰς
3552 1761 3749 1831 γενεὰς

2087 1843 2131 1902 Β
2157 1857 2692 1931 καταριθμουμένοις
2718 1896 2733 1921 ,
2802 1856 2986 1927 τρίτος
3038 1853 3148 1909 ἀπὸ
3196 1854 3384 1917 τέλους
3432 1852 3748 1923 εὑρίσκεται

2158 1951 2407 2015 Ματθὰν,
2439 1942 2498 2012 ὃς
2542 1949 2801 2020 ἐγέννησε
2858 1947 2950 2000 τὸν
3014 1945 3205 2000 Ἰακὼϐ
3258 1944 3353 1999 τοῦ
3415 1944 3614 2015 Ἰωσὴφ
3658 1942 3748 1996 τὸν

2161 2041 2412 2112 πατέρα’
2461 2039 2572 2093 ἀπὸ
2615 2039 2672 2093 δὲ
2720 2038 2906 2092 Νάθαν
2957 2036 3055 2091 τοῦ
3100 2035 3265 2090 Δαόὶδ
3318 2036 3457 2091 κατὰ
3508 2036 3746 2098 Λουκᾶν,

2159 2131 2365 2203 ὁμοίως
2395 2130 2579 2205 τρίτος
2621 2128 2729 2183 ἀπὸ
2764 2130 2952 2191 τέλους
2997 2128 3195 2199 Μελχὶ,
3234 2123 3294 2183 οὗ
3330 2128 3442 2191 υἱὸς
3489 2126 3519 2180 ὁ
3568 2125 3688 2179 Ἠλὶ
3720 2126 3752 2178 ὁ

2158 2222 2255 2277 τοῦ
2323 2222 2522 2293 Ἰωσὴφ
2574 2222 2788 2293 πατήρ·
2858 2220 3055 2293 Ἰωσὴφ
3127 2219 3239 2293 γὰρ
3303 2218 3416 2283 υἱὸς
3481 2218 3603 2272 Ἠλὶ
3652 2215 3747 2270 τοῦ

2160 2315 2356 2386 Μελχί.
2397 2315 2609 2370 Σκοποῦ
2648 2316 2826 2369 τοίνυν
2870 2316 3003 2387 ἡμῖν
3063 2315 3319 2386 κειμένου
3371 2311 3463 2366 τοῦ
3528 2310 3747 2382 Ἰωσὴφ,

2161 2435 2297 2491 Cum
2326 2435 2473 2490 enim
2512 2433 2632 2501 jam
2664 2444 2820 2489 antea
2853 2434 3055 2489 dixerit
3093 2431 3452 2487 ἀναστάσεσιν
3497 2428 3746 2486 ἀτέκνων

2163 2506 2442 2574 rejttuctas
2489 2504 2656 2559 fuisse
2697 2505 2950 2571 familias,
2972 2505 3098 2573 quid
3119 2518 3253 2571 opus
3278 2514 3361 2556 est
3387 2501 3585 2554 addere
3618 2501 3748 2555 ἀνα-

2162 2573 2420 2646 στάσεσιν
2457 2573 2807 2646 σπερμάτων,
2837 2577 2992 2646 quoil
3022 2590 3184 2627 unum
3224 2575 3585 2646 idemquemest
3612 2582 3746 2625 testo

2158 2645 2418 2700 Africano
2447 2645 2500 2700 in
2536 2638 2637 2699 hac
2659 2647 2770 2715 ipsa
2798 2638 2872 2699 ad
2899 2644 3442 2715 Aristidemepislola.
3475 2638 3740 2715 Cmtcrmu

2159 2716 2451 2772 obscurum
2498 2725 2583 2770 est
2626 2711 2768 2785 quod
2800 2717 2887 2769 hic
2941 2716 3015 2767 ait
3049 2711 3751 2785 Africanus,reparatione

2159 2787 2367 2842 scilicet
2396 2786 2621 2841 seminis
2638 2782 2826 2840 eorum
2859 2786 2948 2851 qui
2983 2786 3100 2837 sine
3142 2782 3743 2851 liheris_der’:essi.<seut,

2166 2840 2383 2911 misceri
2408 2840 2598 2911 solitas
2625 2870 2747 2910 esse
2772 2840 3026 2909 familias.
3057 2851 3189 2904 Nam
3209 2840 3424 2919 quoties
3455 2852 3625 2905 frater
3653 2840 3740 2907 eo:

2166 2927 2289 2996 dem
2332 2935 2485 2996 patre
2513 2936 2673 2979 natus
2717 2925 2962 2979 relictam
2999 2923 3186 2977 fratris
3224 2924 3304 2996 sui
3347 2920 3740 2996 iticonjugium

2164 2992 2414 3065 ducebat,
2446 2996 2589 3050 nulla
2616 3002 2738 3050 erat
2773 2997 3078 3065 agnationis
3110 2992 3356 3065 mutatio.
3383 2992 3489 3045 Sed
3515 2994 3562 3065 si
3606 2993 3745 3048 forte

950 3062 1089 3135 quod
1128 3081 1221 3135 per
1256 3062 1610 3136 Sciomonem,
1643 3076 1700 3136 _et
1732 3066 1866 3136 illud
1921 3065 2059 3136 quod

2166 3063 2600 3136 fratertttcriuus
2647 3062 2864 3118 viduain
2898 3064 3083 3118 fratris
3124 3063 3214 3136 sui
3239 3076 3460 3136 uxorem
3495 3062 3741 3127 duceret,

2170 3143 2298 3188 tunc
2342 3136 2519 3204 aliqua
2576 3134 2907 3189 familiarum
2974 3133 3255 3203 permistio
3303 3133 3448 3204 nasci
3510 3141 3743 3197 poterat.

2165 3205 2351 3272 Itaque
2413 3201 2606 3259 merito
2653 3206 2858 3258 addidit
2910 3201 3217 3267 Africanus,
3268 3202 3363 3257 καὶ
3415 3201 3741 3274 δευτερογα-

2215 3274 2341 3338 ιαις.
2375 3274 2499 3329 Haec
2529 3276 2676 3329 enim
2725 3276 2993 3343 praecipua
3038 3275 3134 3328 fuit
3181 3289 3343 3327 causa
3370 3272 3741 3343 peruris-tionis

2215 3291 2341 3338 ιαις.
2379 3291 2499 3329 ιιίιιε
2529 3291 2676 3329 enim
2725 3291 2993 3343 principum
3038 3291 3134 3328 tun
3181 3291 3343 3327 causa
3370 3291 3741 3341 peruusnotus

2166 3291 2521 3407 iamiliarum,
2551 3345 2767 3413 quoties
2811 3346 3003 3400 mulier
3031 3345 3298 3412 susceptis
3332 3345 3444 3409 jam
3471 3342 3654 3397 liberis
3674 3359 3741 3398 ex

2167 3416 2349 3485 priore
2376 3416 2746 3476 matrimonio,
2774 3418 2837 3467 ad
2882 3416 3150 3470 secundas
3182 3417 3397 3482 nuptias
3440 3413 3744 3485 transi-ola-

2166 3484 2279 3555 bat,
2327 3497 2380 3541 et
2411 3486 2548 3540 filios
2570 3501 2636 3540 ex
2662 3486 2960 3552 posteriore
2988 3488 3154 3538 etiam
3180 3486 3297 3537 viro
3334 3484 3594 3555 pariebat.
3623 3485 3740 3550 Quo

2165 3554 2334 3619 facto,
2361 3558 2529 3609 lilium
2556 3570 2620 3609 ex
2654 3556 2836 3623 priore
2868 3554 3215 3608 matrimonio
3264 3566 3470 3616 natum,
3513 3570 3739 3623 uxorein

2164 3627 2409 3690 duxisse,
2436 3635 2490 3677 et
2517 3625 2799 3694 improlem
2830 3634 3014 3694 postea
3039 3625 3236 3679 obiissc
3262 3627 3548 3694 tingamus.
3588 3622 3742 3680 Tunc

2165 3695 2209 3749 si
2245 3696 2415 3751 frater
2437 3696 2581 3748 illius
2610 3695 2854 3751 uterinus
2890 3696 3103 3748 viduam
3141 3696 3193 3748 in
3223 3694 3529 3762 eonjugium
3566 3695 3740 3749 duxe-

2165 3766 2258 3831 rit,
2286 3776 2340 3820 et
2370 3782 2437 3820 ex
2476 3781 2539 3819 ea
2577 3766 2776 3818 liberos
2827 3764 3133 3829 sustulerit,
3191 3765 3242 3818 in
3273 3779 3498 3832 persona
3536 3764 3740 3818 libero-

2164 3850 2282 3889 rum
2314 3838 2420 3890 erit
2454 3836 2634 3903 aliqua
2683 3833 3015 3889 familiarum
3049 3834 3314 3893 confusio,
3350 3835 3418 3886 ita
3450 3842 3507 3885 ttt
3544 3845 3739 3889 natura

2164 3906 2377 3975 quidem
2414 3905 2594 3975 hujus,
2632 3904 2746 3975 lege
2772 3914 2951 3957 autem
2983 3904 3245 3975 illiusliIii
3274 3905 3540 3975 dicantur.

2235 3973 2315 4047 (9l
2330 3978 2345 4039 )
2372 3970 2494 4029 Καὶ
2508 3970 2885 4047 άνασὶᾴσεσι
2907 3972 3279 4042 σπερμάτων.
3292 3975 3336 4047 λᾼ
3348 3974 3451 4047 pud
3468 3970 3744 4047 Nicepho-

2165 4042 2282 4097 runt
2311 4046 2505 4113 legitur
2520 4043 2836 4106 ἀναστάσει,
2855 4055 3019 4114 atque
3043 4048 3118 4097 ita
3138 4047 3187 4097 in
3205 4044 3387 4114 codice
3410 4042 3572 4112 Regio
3593 4046 3741 4110 prius

2163 4112 2424 4181 scriptum
2476 4114 2670 4174 iuerat,
2723 4124 2910 4183 postea
2932 4112 3068 4169 vero
3095 4112 3462 4183 emendatum
3503 4123 3587 4166 est
3632 4115 3736 4168 alia

2165 4200 2345 4254 manu,
2382 4181 2736 4237 ἁναστάσεσιζ
2794 4181 2996 4239 Verum
3064 4182 3352 4254 Nicephori
3408 4183 3567 4254 lectio
3623 4201 3737 4254 nia-

2163 4254 2247 4322 gis
2299 4253 2497 4323 placet,
2553 4270 2676 4309 cum
2712 4256 2873 4324 paulo
2918 4265 3042 4311 ante
3088 4252 3319 4325 positum
3381 4254 3453 4308 sit
3504 4252 3745 4309 ἀναστά-

2165 4339 2301 4376 σεσι.

2240 4394 2352 4464 (92)
2403 4396 2649 4449 Ἄλλοτε
2676 4393 2884 4450 ἄλλων
2937 4392 3291 4465 νομίζεσθαι.
3348 4391 3472 4465 llaec
3493 4402 3576 4447 est
3605 4394 3743 4449 scri-

2170 4472 2324 4536 ptura
2363 4466 2511 4536 [legii
2559 4467 2780 4531 codicis,
2828 4464 3740 4536 quaniNicephorusetiam_cou-

2170 4533 2368 4590 lirmat.
2416 4534 2597 4590 Nostri
2646 4533 3093 4590 tamen—codices
3136 4533 3301 4599 Med.,
3368 4534 3529 4601 Maz.,
3574 4533 3722 4590 Fuk.-

2164 4606 2421 4668 scriptum
2446 4606 2642 4659 habent
2661 4603 2850 4658 ἄλλοτε
2875 4603 3067 4668 ἄλλως.

2238 4659 2350 4744 (93)
2382 4671 2539 4741 Vulg.
2558 4659 3074 4744 ’τὴν-ἀκολουθίαν
3112 4665 3228 4719 τῶν
3252 4664 3463 4744 rarior.
3495 4659 3621 4744 "fec
3657 4676 3733 4716 est.

2166 4732 2434 4811 scriptura
2453 4732 2654 4796 codicis
2670 4740 2843 4810 Regii,
2865 4754 3025 4809 quem
3043 4732 3359 4793 secutus'est
3411 4732 3720 4801 Stephanus

2162 4804 2467 4868 Nec-aliter
2514 4814 2705 4881 legisse
2749 4804 2960 4867 videtur
3005 4812 3230 4865 Rutinus
3283 4812 3373 4879 qui
3419 4812 3498 4864 sic
3526 4811 3729 4881 _vertit,

2163 4885 2303 4952 ipsas
2317 4877 2710 4953 generatidnum
2722 4877 3508 4953 consequenti“enarruliimus.
3525 4877 3734 4953 Reliqui

2167 4948 2348 5008 tamen
2377 4954 2590 5006 codices
2616 4953 2775 5015 Μυκη
2823 4948 2986 5014 Mem,
3033 4950 3171 5005 Fuk.
3207 4966 3270 5005 ac
3305 4952 3512 5014 Savilii,
3554 4948 3739 5018 praefe-

2166 5033 2291 5076 runt
2334 5021 2432 5093 τὴν
2473 5020 2783 5093 ἐπαλλαγὴν
2813 5021 2920 5075 τῶν
2962 5021 3171 5093 γενῶν,
3207 5022 3379 5087 Quam
3418 5020 3634 5093 quidem
3654 5019 3738 5093 Ale-

2165 5091 2402 5146 ctioneui
2425 5094 2585 5145 etiam
2632 5096 2700 5144 ad
2741 5091 2882 5145 latus
2907 5095 3113 5147 codicis
3144 5091 3294 5159 Regii
3325 5091 3619 5158 ascriptaut
3652 5091 3736 5142 in-

2164 5163 2310 5215 veni.
2361 5163 2694 5230 Nicephorus
2743 5171 2920 5215 autem
2970 5163 3132 5216 habet
3182 5159 3502 5230 ἐναλλαγήν,
3555 5159 3606 5213 id
3656 5169 3739 5214 est

2166 5232 2646 5285 commutationem.
2687 5232 2753 5285 Et
2794 5232 3314 5299 Christoiihorsonus
3350 5232 3568 5299 quidem
3614 5233 3735 5282 vul-

2165 5310 2400 5371 gatatna
2429 5301 2567 5356 Rob.
2599 5302 2876 5371 Stephano
2914 5302 3200 5356 lectionem
3243 5312 3464 5355 secutus
3490 5311 3595 5354 est.
3630 5300 3739 5364 Ego

2165 5384 2294 5442 vero
2319 5370 2543 5424 alteram
2567 5373 2851 5426 lectionem
2879 5373 3154 5441 amplexus
3186 5386 3327 5433 sum,
3359 5372 3557 5442 quippe
3575 5386 3735 5438 quam

2164 5440 2355 5508 plures
2382 5448 2437 5494 et
2466 5442 2719 5496 meliores
2738 5442 2954 5497 codices
2974 5440 3332 5496 exhiberent.
3368 5440 3571 5495 Deinde
3592 5443 3736 5495 Afri-

2166 5524 2338 5564 canus
2363 5510 2467 5564 hoc
2489 5510 2607 5565 loco
2639 5526 2975 5579 nequaquam
3014 5522 3263 5565 recenset
3294 5513 3492 5567 seriem
3525 5512 3734 5567 utrius-

2165 5593 2273 5651 que
2318 5581 2703 5651 generationis.
2767 5581 2951 5650 Neque
2973 5584 3117 5635 enim
3186 5584 3536 5651 progreditur
3591 5584 3729 5635 ultra

2169 5648 2409 5720 Manlian
2455 5662 2511 5704 et
2554 5650 2767 5705 Melchi.
2822 5648 2927 5707 Sed
2981 5648 3197 5706 tantum
3232 5648 3455 5720 exponit
3502 5652 3735 5707 ἐπαλλα-

2165 5719 2290 5790 γήν,
2322 5719 2372 5790 id
2404 5730 2490 5773 est
2534 5722 2950 5789 commistionem
2998 5738 3091 5775 Seu
3127 5719 3582 5789 complicationem
3606 5725 3731 5778 dua-

2168 5788 2287 5846 rtnu
2313 5788 2639 5848 familiarum
2666 5794 2719 5849 in
2760 5788 3070 5863 genealogia
3107 5788 3331 5848 Christi.
