3972 6484
612 382 684 438 as
1333 379 1604 438 susse"
1643 379 2126 436 CAESARIENSIS
2161 379 2312 437 opp.
2354 380 2538 436 rans
2574 381 2618 436 ι.
2656 411 2731 425 -
2767 378 3160 436 HISTORICA.
3249 345 3261 359 ’
3804 377 3878 432 as

618 502 741 576 dit),
771 502 913 558 ﬁhus
957 501 1156 572 Josepb
1212 503 1304 573 qui
1359 504 1460 556 l‘uit
1501 502 1638 566 Heli,
1670 505 1763 573 qui
1809 503 1913 559 l'uit
1965 503 2171 560 Melchi.

2289 521 2401 569 τες,
2446 504 2752 575 παρέδοσαν
2801 503 2896 558 καὶ
2939 503 3113 557 ταῦτα
3136 535 3152 561 ,
3207 497 3281 566 ώς
3338 500 3626 572 Ἰδουμαῖοι
3677 499 3879 572 λῃσταὶ

615 594 804 666 Neque
839 595 984 652 enim
1019 604 1233 666 poterat
1283 594 1542 650 disertius
1584 595 1815 665 exprimi
1866 594 2056 650 lictitia
2103 595 2192 650 illa

613 686 909 755 generandi
953 687 1092 741 ratio
1131 701 1250 756 quae
1302 699 1370 740 ex
1413 685 1532 754 lege
1561 685 1804 755 profecta
1833 695 1937 742 est.
1971 685 2096 742 Ideo
2139 687 2192 741 in

615 775 930 846 hujusmodi
987 777 1283 834 liberorum
1341 778 1714 848 generatione,
1750 778 1975 832 verbum
2037 777 2189 842 illud,

615 870 821 939 genuit,
863 869 930 923 ad
973 869 1134 923 ﬁnem
1177 883 1350 939 usque
1394 869 1633 933 reticuit,
1663 885 1783 924 cum
1811 871 1876 924 ad
1909 870 2084 939 ipsum
2110 886 2195 926 us-

613 975 718 1030 que
742 962 1028 1025 Adamum,
1055 959 1146 1029 qui
1169 959 1270 1016 fuit
1291 960 1407 1028 Dei,
1439 961 1704 1032 gradatim
1723 963 2083 1029 ascendendo,
2111 970 2192 1016 to-

615 1055 722 1110 tius
739 1054 952 1125 generis
979 1054 1176 1108 seriem
1203 1052 1569 1122 perduxisset.
1595 1052 1778 1123 Neque
1795 1069 1922 1108 vero
1955 1053 2008 1108 id
2037 1061 2189 1108 certa

612 1146 821 1202 ratione
851 1147 1166 1202 destitutum
1193 1155 1286 1199 aut
1315 1154 1518 1201 temere
1544 1145 1832 1202 conﬁctam
1853 1154 1953 1201 est.
1975 1145 2188 1215 Cogna-

613 1241 653 1294 ti
685 1241 828 1295 enim
859 1239 1166 1294 Servatoris
1201 1239 1394 1303 nostri,
1427 1239 1540 1294 sive
1569 1238 1636 1292 ad
1682 1238 2066 1292 ostendendam
2095 1253 2188 1309 ge-

609 1335 761 1389 neris
789 1335 870 1388 sui
896 1333 1258 1398 nobilitatem,
1285 1332 1398 1388 sive
1427 1341 1486 1386 ut
1523 1330 1845 1398 simpliciter
1882 1346 1997 1385 rem
2026 1331 2185 1386 doce-

608 1433 754 1492 rent,
793 1425 981 1480 veraci
1028 1425 1216 1493 utique
1268 1437 1526 1478 sermone
1574 1425 1688 1477 haec
1731 1421 1886 1476 nobis
1944 1421 2184 1476 tradide-

607 1526 738 1572 runt
787 1535 802 1572 :
857 1517 1100 1573 latrones
1145 1517 1358 1572 scilicet
1411 1512 1694 1578 ldumaaos,
1753 1529 1879 1569 cum
1929 1514 2183 1569 Ascaloni

609 1608 913 1663 Palarstinze
944 1608 1148 1663 civitati
1190 1607 1656 1676 supervenissent,
1694 1621 1762 1660 ex
1795 1603 2023 1661 delubro
2053 1619 2183 1674 quo-

605 1701 732 1756 dam
762 1701 1031 1770 Apollinis
1062 1701 1204 1770 quod
1231 1701 1297 1754 ad
1343 1700 1490 1770 ipsos
1541 1698 1695 1753 urbis
1731 1713 1916 1752 muros
1946 1699 2179 1767 positum

603 1800 745 1858 erat,
778 1793 1122 1863 Antipatrum
1167 1791 1397 1846 Herodis
1457 1789 1741 1860 cujusdam
1795 1789 2063 1845 hieroduli
2119 1788 2178 1842 ﬁ-

2310 597 2608 651 Ἀσκάλωνι
2650 596 2801 651 πόλει
2844 597 2946 666 τῆς
3005 593 3369 664 Παλαιστίνης
3413 592 3768 657 ἐπελθόντες,
3815 592 3879 659 ἐξ

2295 687 2562 742 είδωλείου
2609 686 2956 752 Ἀπόλλωνος,
2996 685 3024 738 ὃ
3053 685 3185 757 πρὸς
3230 685 3344 747 τοῖς
3386 683 3622 754 τείχεσιν
3667 683 3876 755 ἵδρυτο,

2308 782 2660 853 Ἀντίπατρον
2715 779 2954 851 Ἡρώδου
2989 777 3132 842 τινὸς
3184 776 3292 848 (98)
3335 777 3635 849 ίεροδούλου
3683 774 3878 840 παῖδα,

2293 873 2430 945 πρὸς
2464 878 2576 936 τοῖς
2609 872 2786 936 ἄλλοις
2833 871 3009 934 σύλοις
3050 869 3394 940 αἰχμάλωτον
3433 867 3678 939 ἀπῆγονο
3711 865 3790 937 τῷ
3815 866 3877 919 δὲ

2292 965 2464 1037 λύτρα
2498 965 2637 1036 ὑπὲρ
2676 963 2769 1017 τοῦ
2823 963 2940 1016 υἱοῦ
2985 959 3313 1015 καταθέσθαι
3355 959 3431 1031 μὴ
3468 956 3727 1012 δύνασθαι
3778 955 3875 1011 τὸν

2293 1057 2444 1128 ἱερέα
2469 1051 2600 1129 (99),
2632 1058 2660 1109 ὁ
2701 1057 3055 1126 Ἀντίπατρος
3076 1056 3188 1117 τοῖς
3209 1052 3317 1106 τῶν
3353 1051 3664 1122 Ἰδουμαίων
3693 1048 3878 1103 ἔθεσιν

2289 1149 2596 1218 ἐντραφεὶς,
2645 1147 2867 1218 ὕστερον
2928 1145 3175 1218 Ὑρκανῷ
3223 1143 3489 1215 φιλιοῦται
3523 1143 3598 1214 (1)
3641 1141 3724 1212 τῷ
3774 1141 3880 1211 τῆς

2301 1241 2558 1303 Ἰουδαίας
2597 1241 2859 1311 ἀρχιερεῖ.
2892 1237 3244 1310 Πρεσϐεύσας
3290 1237 3346 1290 δὲ
3399 1235 3532 1308 πρὸς
3580 1233 3876 1304 Πομπήϊον

2289 1333 2430 1404 ὑπὲρ
2461 1332 2554 1385 τοῦ
2593 1331 2882 1403 Ὑρκανοῦ,
2918 1331 3012 1384 καὶ
3051 1330 3150 1400 τὴν
3183 1329 3460 1400 βασιλείαν
3494 1326 3876 1399 ἐλευθερώσας

2288 1423 2439 1496 αὐτῷ
2475 1423 2582 1476 ὑπὸ
2647 1422 3052 1495 Ἀριστοϐούλου
3109 1422 3200 1475 τοῦ
3248 1419 3477 1490 ἀδελφοῦ
3531 1435 3873 1491 περικοπτο-

2288 1517 2474 1587 μένην,
2509 1515 2669 1578 αὐτὸς
2715 1514 3018 1587 ηύτύχησεν
3061 1513 3393 1584 ἐπιμελητὴς
3426 1511 3526 1582 τῆς
3576 1502 3877 1563 Παλαιστίὲ

2283 1623 2381 1675 νης
2423 1605 2702 1677 προκόψας
2747 1605 2841 1674 (2)·
2884 1603 3187 1674 διαδέχεται
3239 1601 3296 1654 δὲ
3344 1600 3435 1653 τὸν
3511 1595 3874 1667 Ἀντίπατρον

2283 1696 2463 1767 φθόνῳ
2500 1695 2601 1766 τῆς
2652 1695 2849 1766 πολλῆς
2893 1695 3142 1765 εὐτυχίας
3183 1691 3626 1764 δολοφονηθέντα,
3673 1692 3701 1744 ὁ
3749 1691 3872 1753 υἱὸς

2292 1789 2558 1861 Ἡρώδης,
2609 1790 2667 1852 ὃς
2717 1789 2939 1858 ὕστερον
2986 1788 3076 1840 ὑπ’
3138 1785 3420 1840 Ἀντωνίου
3469 1785 3564 1837 καὶ
3613 1781 3710 1836 τοῦ
3755 1783 3872 1836 Αύ-

603 1855 741 1939 Ιίυιῐι-
768 1855 928 1939 simul
964 1901 1084 1940 cum
1120 1885 1321 1953 reliqua
1357 1855 1725 1953 sacra'prazda
1779 1883 2050 1952 captivum
2079 1883 2171 1936 du-

2282 1855 2532 1950 γούστου,
2587 1855 2889 1951 συγκλήτου
2923 1879 3153 1950 δόγματι
3198 1877 3305 1931 τῶν
3354 1875 3624 1930 Ἰουδαίων
3670 1873 3871 1946 ἐκρίθη

606 1977 778 2030 xisse.
808 1975 941 2030 Cum
973 1991 1104 2030 vero
1137 1991 1234 2045 pro
1261 1976 1632 2044 redemptione
1657 1973 1750 2028 lilii
1775 1973 2021 2028 minister
2045 1983 2179 2026 tem-

603 2067 673 2135 pli
704 2067 933 2135 pretium
963 2068 1174 2122 solvere
1207 2083 1312 2122 non
1345 2067 1573 2132 valeret,
1609 2067 1891 2136 Antipater
1919 2065 2179 2119 Idumaeo-

603 2171 721 2208 rum
753 2171 903 2211 more
946 2157 1304 2226 institutoque
1357 2159 1642 2222 educatus,
1671 2157 2013 2228 postmodum
2044 2156 2175 2211 Hir-

599 2245 721 2297 cani
775 2247 970 2300 summi
1016 2246 1323 2302 Judaaorum
1377 2249 1652 2318 pontiﬁcis
1706 2249 1918 2304 amicus
1947 2249 2172 2306 eﬁ‘eclus

599 2345 702 2390 est.
735 2335 858 2391 Mox
890 2338 1102 2408 legatus
1130 2339 1198 2394 ad
1231 2339 1546 2410 Pompeium
1580 2340 1778 2395 missus
1811 2341 1878 2394 ab
1909 2339 2170 2406 Hircano,

599 2443 724 2482 cum
753 2429 801 2484 ei
839 2446 1061 2501 regnum
1095 2432 1238 2501 quod
1265 2432 1614 2488 Aristobulus
1643 2432 1883 2487 maxima
1915 2446 1982 2486 ex
2018 2441 2174 2500 parte

599 2533 985 2591 occupaverat,
1017 2525 1246 2580 liberum
1272 2526 1623 2592 restituisset,
1655 2527 1721 2580 ad
1747 2541 2014 2580 summam
2052 2525 2172 2580 l‘eli-

597 2613 820 2667 citatem
889 2617 1158 2683 pervenit,
1217 2626 1437 2672 curator
1509 2618 1813 2673 Palaestinas
1869 2628 2172 2686 promotus.

585 2696 839 2782 ‘Tandem
881 2701 948 2754 ab
990 2703 1054 2756 iis
1099 2704 1188 2772 qui
1239 2703 1489 2760 felicitati
1531 2708 1646 2777 ejus
1692 2708 2033 2772 invidebant,
2074 2723 2170 2777 per

597 2788 826 2844 insidias
877 2793 1217 2861 interfectus,
1270 2795 1539 2852 Herodem
1588 2799 1756 2852 ﬁiium
1792 2813 2166 2852 successorem

598 2880 840 2948 reliquit,
895 2886 978 2937 cui
1032 2895 1221 2954 postea
1272 2889 1543 2942 Antonius
1575 2889 1679 2958 23
1709 2899 1764 2944 et
1801 2889 2078 2958 Augustus
2103 2903 2169 2942 ex

594 2974 1069 3027 senatusconsulto
1098 2991 1323 3043 regnum
1349 2975 1550 3030 Judzeae
1575 2977 1975 3046 adjudicarunt.
2002 2974 2171 3044 Hujus

594 3059 824 3118 llerodis
867 3064 1012 3118 ﬁlius
1068 3065 1170 3120 fuit
1209 3066 1450 3123 Herodes
1490 3068 1691 3138 aliique
1743 3067 2052 3122 tetrarchae.
2104 3065 2170 3120 Et

2285 1972 2619 2044 βασιλεύειν·
2677 1968 2739 2026 οὗ
2795 1971 3003 2035 παῖδες,
3073 1969 3320 2044 Ἡρώδης
3370 1967 3425 2020 οἵ
3466 1968 3513 2020 τ’
3565 1965 3719 2020 ἄλλοι
3774 1982 3869 2018 τε-

2282 2064 2540 2136 τράρχαι.
2580 2063 2767 2117 Ταῦτα
2820 2062 2918 2134 μὲν
2961 2061 3025 2132 δὴ
3079 2059 3234 2114 κοινὰ
3283 2058 3376 2111 καὶ
3426 2060 3546 2120 ταῖς
3591 2055 3871 2126 Ἑλλήνων

2283 2156 2563 2228 ἱστορίαις.
2608 2154 2998 2226 Ἀναγράπτων
3020 2152 3078 2205 δὲ
3108 2152 3186 2214 είς
3212 2150 3333 2204 τότε
3371 2150 3428 2202 ἐν
3469 2150 3582 2210 τοῖς
3618 2147 3870 2217 ἀρχείοις

2276 2247 2444 2302 ὄντων
2467 2247 2574 2302 τῶν
2607 2243 2910 2316 Ἑϐραϊκῶν
2949 2242 3142 2313 γενῶν,
3183 2243 3276 2296 καὶ
3300 2240 3407 2293 τῶν
3436 2239 3564 2311 ἄχρι
3591 2239 3872 2310 προσηλύ-

2277 2358 2384 2393 των
2405 2341 2479 2410 (5)
2508 2337 2949 2408 ἀναφερομένων,
2995 2335 3071 2398 ὡς
3110 2332 3308 2404 Ἀχιὼρ
3350 2331 3442 2384 τοῦ
3499 2331 3882 2401 ⁹Αμμανίτουν

2279 2431 2374 2484 καὶ
2412 2428 2567 2483 Ῥοὺθ
2605 2429 2709 2499 τῆς
2743 2423 3108 2488 Μωαϐίτιδος,
3163 2422 3273 2476 τῶν
3315 2438 3374 2474 τε
3427 2421 3521 2473 ἀπ’
3577 2420 3867 2488 Αἰγύπτου

2280 2518 2717 2575 συνεκπεσόντων
2756 2515 3082 2584 ὲπιμίκτων,
3140 2509 3384 2582 Ἡρώδης
3421 2509 3574 2562 ούδέν
3623 2527 3676 2564 τι
3721 2527 3867 2580 σύμ⁶

2281 2613 2610 2684 ϐαλλομένου
2639 2609 2731 2664 τοῦ
2754 2609 2862 2663 τῶν
2890 2604 3236 2678 Ἰσραηλιτῶν
3252 2602 3442 2672 γένους
3465 2600 3637 2672 αὐτῷ,
3660 2603 3757 2655 καὶ
3786 2601 3866 2672 τῷ

2251 2704 2536 2760 ’συνειδότι
2557 2703 2658 2774 τῆς
2690 2699 3004 2770 δυσγενείας
3043 2696 3392 2769 κρουόμενος,
3427 2693 3734 2765 ἐνέπρησεν
3767 2695 3868 2748 αύ-

2272 2796 2381 2851 τῶν
2424 2796 2523 2860 τὰς
2567 2794 2890 2864 ἀναγραφὰς
2922 2793 2996 2864 (4)
3020 2790 3130 2846 τῶν
3163 2787 3357 2859 γενῶν,
3415 2786 3664 2866 οἰόμενος
3704 2788 3867 2856 εὐγε-

2273 2889 2370 2958 νὴς
2392 2887 2806 2958 ἁναφανείσθαι,
2835 2885 2915 2957 τῷ
2955 2883 3086 2953 μηδὲ
3131 2881 3288 2936 ἄλλον
3319 2879 3462 2949 ἔχειν
3493 2881 3557 2931 ὲκ
3593 2879 3864 2949 δημοσίου

2277 2981 2594 3052 συγγραφῆς
2637 2979 2698 3034 τὸ
2733 2979 2892 3048 γένος
2943 2976 3163 3044 ἀνάγειν
3202 2973 3294 3026 ἐπὶ
3346 2970 3471 3034 τοὺς
3509 2972 3864 3043 πατριάρχας

2273 3066 2307 3138 ἢ
2367 3065 2736 3139 προσηλύτους
2802 3067 2900 3138 (ὅ),
2967 3064 3092 3128 τούς
3155 3079 3215 3115 τε
3279 3059 3647 3130 καλουμένους
3698 3063 3867 3132 γειώο

661 3221 775 3292 (98)
832 3223 1219 3305 ’ᾼξατζπατρον
1269 3223 1519 3305 Ἡρώδου
1564 3225 1747 3305 nrt-5c.
1777 3221 2168 3305 ‘l'larcnarratio

2277 3234 2389 3305 esse
2415 3221 2784 3304 τῶνάχριτῶν
2801 3223 2844 3305 ,ἀ
2853 3221 3314 3305 ρχιπροσηλύοτων,
3331 3233 3434 3305 etc.
3446 3263 3459 3283 .
3478 3233 3534 3305 tit
3550 3225 3865 3305 ἀρχιπροσ-

589 3309 817 3362 prorsus
853 3295 1090 3349 fabulosa
1138 3305 1219 3349 est
1252 3304 1305 3348 et
1345 3296 1738 3349 commentitia.
1777 3293 1906 3347 Nam
1942 3294 2166 3359 Antipa-

590 3371 676 3417 ter
698 3372 903 3428 patrem
934 3366 1118 3418 habuit
1154 3383 1256 3418 non
1291 3363 1580 3426 Herodem,
1615 3365 1950 3418 hierodulum
1980 3362 2164 3428 templi

589 3433 876 3501 Apollinis,
915 3437 1006 3486 sed
1043 3435 1388 3504 Antipatrum
1428 3433 1740 3498 Idumaeum,
1770 3444 1826 3487 ιιι
1852 3432 2167 3504 scribitlo-

590 3504 790 3571 sephus
831 3504 882 3572 in
917 3504 1012 3558 lib.
1065 3503 1185 3569 XIV,
1218 3521 1340 3572 cap.
1370 3505 1424 3557 ‘2.
1464 3507 1632 3570 Quem
1669 3506 2008 3571 Antipatrum
2039 3503 2164 3555 Ale-

591 3574 799 3626 xander
846 3571 1152 3627 Juda-orum
1213 3571 1304 3629 rex
1356 3575 1665 3640 priel'ectum
1712 3576 1874 3627 totius
1918 3572 2164 3627 Idumaeas

2270 3291 2454 3363 ήλυτοι
2496 3291 2929 3364 εἱιιιήρτίηοίβὸέ
2955 3291 3010 3347 et
3043 3291 3192 3364 quasi
3237 3296 3558 3360 patriarchzn
3611 3291 3867 3364 prosely-

2274 3362 2486 3422 turum:
2520 3362 2819 3429 cujusrnodi
2861 3363 2961 3416 fuit
3005 3363 3210 3417 Achior
3250 3366 3611 3421 Ammanites.
3645 3374 3701 3418 et
3729 3362 3866 3417 coit-

2270 3447 2422 3486 venac
2454 3433 2526 3486 illi
2553 3433 2644 3500 qui
2688 3431 2948 3488 lsraelitis
2980 3448 3044 3487 ex
3074 3432 3307 3502 Egyplo
3336 3433 3750 3503 egredientibus
3774 3450 3864 3485 Se-

2271 3517 2328 3556 se
2359 3503 2739 3571 adjunxerunt.
2759 3503 2888 3567 Qure
2912 3504 3129 3572 quidem
3163 3504 3538 3571 interpretatio
3567 3504 3704 3555 mihi
3728 3520 3858 3558 cer-

2272 3581 2323 3625 te
2357 3589 2460 3626 non
2495 3572 2762 3640 displicet.
2800 3573 2856 3625 In
2885 3574 3074 3628 codice
3104 3574 3269 3642 Regio
3293 3576 3553 3641 scriptum
3591 3583 3679 3627 est
3705 3587 3764 3626 ut
3806 3577 3858 3628 in

589 3642 918 3714 constitttit._
948 3643 1268 3712 Primusque
1312 3645 1400 3697 hic
1443 3645 1727 3713 Antipater
1766 3654 1954 3696 auctor
2001 3642 2168 3697 luisse
2263 3643 2448 3706 editis,
2503 3643 2638 3714 dxpt
2664 3643 3036 3714 προσηλύτων.
3103 3643 3434 3714 Nicephorus
3487 3658 3710 3711 quoque
3741 3647 3862 3697 vul-

588 3712 803 3765 videtur
833 3712 992 3776 hujus
1025 3717 1300 3780 potentiai,
1328 3714 1392 3766 ad
1411 3712 1795 3781 quamposteri
1823 3714 1992 3782 ipsius
2018 3722 2166 3777 post-

589 3795 654 3834 ea
692 3795 1076 3850 pervenerunt.
1105 3783 1237 3837 Nam
1263 3795 1318 3838 et
1359 3784 1736 3852 praefecturam
1771 3783 2016 3836 Idumam:
2045 3799 2167 3852 ges-

588 3853 991 3906 sitAlexandro
1019 3863 1070 3906 et
1105 3855 1412 3909 Alexandra
1458 3854 1837 3919 regnantibus;
1873 3862 1926 3904 et
1979 3853 2162 3920 hospi-

590 3920 668 3974 tio
715 3933 877 3990 atque
929 3924 1168 3977 amicitia
1219 3941 1338 3978 cum
1388 3925 1714 3977 Ascalonitis
1764 3935 1816 3976 et
1858 3922 2068 3977 Gamis
2111 3933 2165 3978 et

587 3990 858 4061 Arabibus
895 3993 1046 4054 inita,
1072 3996 1332 4048 maximas
1361 3995 1460 4048 sibi
1490 4009 1620 4061 opes
1644 3995 1998 4059 comparavit.

663 4060 925 4134 (99)7Tdr7
959 4062 1134 4131 ἱερέα.
1183 4065 1478 4132 ltnpruprie
1517 4064 1856 4117 sacerdotem
1889 4073 2045 4134 vocat
2068 4064 2160 4134 qui

589 4141 708 4183 erat
744 4133 1073 4189 hierbdnlus.
1115 4134 1291 4203 Longe
1327 4136 1468 4189 enim
1503 4134 1772 4188 haecinter
1794 4149 1852 4188 se
1882 4133 2159 4202 diﬁ'erunt,

587 4208 650 4252 ut
697 4217 860 4271 supra
891 4206 1096 4260 notavi.
1130 4205 1268 4258 Fieri
1309 4214 1485 4258 tamen
1527 4205 1719 4272 potuit,
1752 4213 1810 4258 ut
1841 4204 1980 4258 idem
2022 4215 2170 4259 esset

585 4275 848 4326 sacerdos
880 4284 934 4326 et
987 4276 1338 4338 hierodnlus;
1379 4283 1505 4344 puta
1546 4276 1591 4328 si
1627 4275 1741 4326 haec
1776 4284 1893 4327 erat
1925 4275 2166 4330 c0ndili0

587 4345 901 4407 sacerdotii,
945 4354 1002 4398 ut
1047 4362 1152 4400 non
1206 4345 1310 4400 nisi
1354 4357 1518 4400 exuta
1570 4345 1820 4398 libertate
1855 4346 2166 4400 sacerdotes

586 4424 936 4478 caperentur.

656 4482 733 4554 (l)
768 4483 1026 4551 ’Υρκανῷ
1053 4485 1371 4554 φιλιοῦται.
1403 4485 1519 4539 lloc
1539 4487 1822 4554 quoquein
1853 4485 1970 4537 loco
1993 4484 2160 4538 nostri

2265 3720 2444 3780 gatam
2502 3712 2789 3766 lcetiunem
2831 3712 3049 3768 tuetur.
3112 3713 3278 3767 Paulo
3335 3723 3462 3767 ante
3524 3716 3700 3766 nostri
3757 3731 3858 3767 cu-

2263 3783 2412 3852 dices
2472 3781 2633 3839 Maz..
2660 3781 2800 3834 Med.
2860 3798 2924 3836 ac
2955 3782 3088 3837 Fuk.
3121 3785 3380 3852 scriptum
3431 3782 3637 3837 habent
3678 3785 3762 3848 εἰς
3796 3786 3857 3840 τὸ

2259 3851 2404 3931 τότε,
2423 3868 2502 3931 eu
2514 3869 2558 3931 in
2595 3853 2826 3906 articulo
2843 3854 3204 3931 prajpositivp.

2333 3921 2410 3992 (4)
2423 3921 2786 3990 Ἕνέπρησεν
2798 3923 2996 3976 αὐτῶν
3011 3923 3116 3989 τὰς
3130 3921 3495 3992 ἀναγιοαφάς.
3513 3921 3667 3978 Hanc
3683 3928 3856 3980 etiam

2268 3992 2636 4064 narrationem
2661 4008 2852 4058 parum
2889 4003 3096 4064 certam
3132 3997 3400 4047 exist-Luto.
3419 3993 3551 4064 Nam
3576 3993 3858 4064 Iosephus

2270 4061 2326 4115 in
2363 4061 2502 4116 libro
2543 4062 2616 4116 De
2637 4065 2742 4117 vita
2768 4081 2865 4116 sua
2902 4063 3164 4133 originem
3201 4073 3263 4133 et
3293 4063 3670 4130 antiquitatem
3713 4061 3856 4119 stir-

2269 4133 2352 4200 pis
2380 4147 2490 4186 sua:
2519 4147 2976 4196 commemorans,
2999 4132 3067 4186 ex
3088 4132 3314 4201 publicis
3341 4134 3575 4186 archivis
3602 4150 3726 4188 eam
3764 4154 3855 4190 re-

2269 4203 2422 4272 petit.
2444 4201 2608 4270 Igitur
2641 4204 2920 4257 restabant
2952 4204 3129 4257 adhuc
3160 4213 3325 4257 :etate
3361 4201 3579 4270 Josephi
3629 4207 3854 4272 publica

2271 4271 2553 4346 tabularia,
2586 4274 2638 4327 in
2663 4273 2859 4346 quibus
2885 4272 3229 4346 Judaicarum
3255 4272 3581 4346 familiarum
3603 4271 3858 4346 origines

2266 4343 2710 4397 continebantur.
2739 4344 2816 4396 Ac
2846 4342 3075 4412 proinde
3117 4343 3307 4395 falsum
3334 4353 3418 4395 est
3454 4341 3730 4398 Herodem
3789 4364 3854 4399 ea

2265 4414 2655 4485 combttssisse.
2687 4413 2856 4485 Porro
2891 4416 3004 4467 hmc
3043 4412 3306 4485 tabularia
3353 4423 3509 4466 erant
3551 4413 3604 4465 in
3643 4418 3854 4485 templo

2267 4480 2756 4553 llierosolymitano
2777 4484 2875 4542 sub
2898 4483 3139 4553 custodia
3165 4483 3485 4543 scribarum,
3507 4492 3562 4536 ut
3589 4480 3852 4551 equidem

584 4541 1401 4623 codices'ltegiu'siblazariuus,
1437 4541 1799 4610 Mediczeusac
1830 4555 2160 4609 Fnketianus
2195 4541 2238 4595 Ῑ)
2267 4541 2537 4623 existimo:
2595 4552 2779 4623 Itaque
2832 4555 3041 4623 optime
3091 4552 3318 4606 Ruﬁnus
3366 4541 3530 4623 verba
3596 4541 3850 4609 A'l‘ricani

587 4633 900 4677 constanter
929 4625 1190 4692 scriptum
1216 4626 1416 4679 habent
1437 4625 1701 4693 φιλοῦται.
1725 4627 1895 4690 Quam
1927 4625 2163 4692 scriptu-

590 4705 702 4764 ram
736 4695 916 4748 nescio
946 4710 1044 4749 cur
1079 4695 1348 4747 ltubertus
1368 4696 1681 4764 Stephanus
1720 4697 2048 4764 repudiavit.
2073 4695 2165 4748 Φι-

587 4757 772 4834 λοῦται
791 4765 945 4834 enim
983 4765 1179 4818 dicitur
1213 4774 1269 4817 nl
1290 4757 1598 4834 ἐχθροῦται.

659 4830 736 4898 (‘2)
789 4832 1189 4901 Ἐπιμελητὴς
1238 4830 1355 4900 τῆξ
1369 4830 1784 4903 Παλαιστίνης
1825 4836 2160 4903 προκόψας.

587 4899 874 4963 Antipater
909 4899 1135 4956 Ilerndis
1186 4899 1401 4971 parens,
1438 4905 1538 4957 Sub
1590 4899 1826 4958 llircano
1850 4899 2161 4958 Iudaeorum

589 4975 1166 5043 regeprocurationem
1191 4974 1355 5027 totius
1379 4975 1524 5040 regni
1544 4975 1802 5042 gessit,et
1821 4976 2030 5043 negotia
2054 4988 2162 5027 tam

586 5040 768 5112 civilia
803 5057 964 5112 quam
995 5044 1251 5112 militaria
1292 5040 1715 5096 administravit.
1756 5040 1943 5112 Itaque
1969 5046 2165 5112 ἐπιμε-

585 5108 753 5184 λητὴς
783 5112 881 5184 τῆς
904 5111 1169 5184 ,Ἰουδαίας
1214 5124 1267 5167 et
1302 5114 1594 5184 ἐπίτροπος
1622 5108 1889 5167 vocatur}:
1926 5108 2164 5182 Joscpho

587 5179 645 5254 in
679 5179 1018 5254 dictoilibro.
1050 5182 1223 5254 _l’orro
1269 5179 1441 5237 codex'
1491 5184 1626 5254 Med.
1665 5195 1717 5236 et
1749 5184 1915 5254 .fiavil.
1951 5179 2165 5254 χρημα-

580 5249 1025 5324 τίσας-ςοιῐμιυιη
1050 5251 1266 5313 ltahent,
1292 5271 1394 5306 non
1430 5253 1724 5324 προκόψας.
1755 5249 2162 5309 ΙιιΜςιῑξῖιυῖιξιη

585 5331 640 5394 et
661 5320 796 5375 Fuk.
821 5323 1025 5394 legitur
1055 5325 1408 5393 χρηματίσαι.
1452 5320 1624 5390 Quam
1648 5327 1993 5394 scripturam
2035 5341 2164 5376 con-

590 5390 772 5468 ﬁrmat
817 5390 1212 5468 Naupactus;
1236 5397 1325 5446 5.0.
1369 5393 1729 5468 enint_liabet
1767 5390 1902 5468 ⁸ὸιιιι.
1960 5409 2009 5468 ιχ
2067 5395 2158 5468 lib.

587 5459 766 5524 primi,
817 5455 1124 5535 ηὑτύχησεν
1159 5455 1312 5525 οὗτος
1368 5463 1700 5534 ἐπιμελητὴς
1729 5465 1826 5535 τῆς
1851 5455 2166 5535 ’Παλαιστίέ

585 5543 709 5605 νης¹
738 5532 1332 5605 γενέσθαιζδιεειιιιιοτ
1383 5532 1556 5589 Graeci
1589 5532 1794 5602 dicunt,
1823 5535 2063 5605 εὐτυχεῖν
2101 5533 2162 5586 τὸ

587 5598 858 5665 γενέσθαι.

661 5669 733 5740 (ὃ)
753 5670 1025 5743 ,Τῶπςᾶχρι
1053 5675 1472 5743 προσηλύτων.
1493 5675 1684 5728 Mirum
1705 5685 1784 5730 est
1813 5674 1863 5728 in
1890 5674 2162 5729 codicibus

588 5742 793 5819 nostris
820 5740 986 5819 Μαι..
1015 5740 1181 5819 νεα..
1209 5745 1344 5819 Fuit.
1377 5761 1438 5799 ac
1474 5747 1640 5800 Savil.
1673 5746 1838 5800 scribi
1864 5745 1968 5819 τῶν
2006 5747 2162 5816 ἁρχι-

590 5810 964 5877 τιροσηλύτων.
1015 5813 1164 5870 Unde
1197 5815 1465 5884 conjicere
1495 5819 1616 5886 quis
1663 5826 1843 5887 posset
1871 5810 2158 5886 legendum

2269 4621 2339 4674 ita
2371 4625 2576 4677 vertit:
2624 4621 2815 4677 omnes
2859 4621 3198 4676 Hebrreornm
3235 4622 3594 4690 generationes
3638 4627 3848 4679 deacri-

2263 4703 2390 4760 ptw,
2428 4695 2481 4746 in
2512 4694 2737 4746 archivis
2773 4694 2951 4760 templi
2985 4692 3353 4745 secretioribus
3387 4692 3742 4747 habebantur.

2336 4762 2414 4835 (5)
2442 4765 2510 4816 Ἢ
2546 4764 2985 4835 προσηλύτους.
3016 4761 3222 4835 Mallem
3241 4763 3492 4835 scribere
3532 4763 3850 4835 ἀρχιπροσ-

2264 4831 2570 4902 ηλύτουςυι
2615 4848 2794 4900 supra.
2824 4833 3010 4901 Neque
3039 4833 3184 4885 enim
3221 4832 3287 4884 de
3311 4832 3527 4884 novitiis
3552 4831 3853 4889 a’c'recen-

2267 4905 2409 4973 tibus
2439 4903 2726 4973 proselytis
2773 4903 2862 4956 hic
2897 4902 3135 4973 loquitur
3173 4902 3482 4964 Africanus,
3516 4905 3612 4955 sed
3657 4908 3727 4956 de
3756 4923 3854 4958 no-

2267 4970 2546 5026 bilissimis
2586 4970 2894 5042 quibusque
2935 4981 2989 5025 et
3027 4971 3440 5038 antiquissimis,
3472 4986 3711 5040 quorum
3749 4993 3852 5028 no-

2266 5057 2387 5112 men
2427 5044 2478 5095 in
2514 5044 2686 5096 sacris
2709 5042 2862 5094 libris
2887 5051 3370 5112 commemoratum
3404 5047 3851 5112 est;cujusmodi

2267 5109 2368 5164 fuit
2394 5113 2616 5178 Acltior,
2652 5112 2718 5164 de
2748 5128 2854 5178 quo
2896 5113 2945 5162 in
2971 5111 3109 5180 libro
3134 5109 3319 5164 Judith
3346 5127 3485 5180 smpc
3519 5112 3577 5164 ﬁt
3602 5109 3849 5170 'tnentio.

2265 5180 2474 5249 Quippe
2505 5183 2606 5236 hoc
2638 5180 2757 5252 loco
2791 5185 2901 5250 agit
2932 5179 3223 5234 Africanus
3253 5183 3317 5234 de
3348 5179 3653 5245 nobilitate,
3689 5189 3851 5252 cujus

2265 5255 2595 5320 praecipuum
2629 5251 2847 5320 insigne
2879 5259 2958 5304 est
2985 5252 3276 5319 antiquitas
3298 5253 3535 5320 generis.
3578 5254 3668 5306 Ait
3694 5251 3848 5309 enim

2266 5319 2530 5376 llerodem
2562 5321 2801 5388 origines
2827 5319 3156 5374 l‘amiliarmu
3195 5319 3317 5374 ideo
3342 5335 3753 5389 concremasse,
3782 5343 3851 5380 ne

2265 5393 2385 5457 quis
2426 5407 2491 5446 ex
2526 5391 2757 5459 publicis
2780 5392 3146 5446 monumentis
3177 5393 3405 5460 probare
3436 5405 3619 5460 posset
3665 5410 3726 5448 se
3781 5399 3850 5449 ab

2265 5461 2394 5527 ipsis
2424 5462 2752 5531 patriarchis
2781 5473 2875 5515 aut
2905 5460 3186 5530 prophetis
3215 5463 3478 5530 originem
3513 5467 3736 5531 generis
3763 5469 3848 5521 sui

2264 5532 2480 5603 ducere.
2524 5532 2676 5603 Quod
2710 5532 2775 5603 si
2804 5531 3047 5603 tiovellos
3097 5533 3399 5600 proselytos
3421 5532 3848 5603 intelligamus,

2264 5602 2405 5669 perit
2432 5603 2609 5656 omnis
2633 5601 2788 5668 hujus
2803 5602 2905 5655 loci
2932 5603 3224 5664 sententia,
3255 5617 3375 5653 cum
3418 5600 3651 5658 Herodis
3677 5617 3850 5660 aetate

2265 5672 2686 5726 innumerabiles
2711 5681 2894 5726 essent
2931 5671 2982 5724 in
3024 5669 3204 5724 Judaza
3243 5671 3334 5739 qui
3373 5686 3545 5739 genus
3578 5688 3746 5728 suum
3779 5679 3846 5732 ad

2264 5743 2502 5815 novellos
2545 5742 2841 5815 proselytos
2872 5740 3155 5815 referrent.
3187 5751 3375 5815 utpote
3400 5756 3502 5815 avo
3531 5747 3644 5798 nati
3679 5761 3840 5815 pros

2263 5813 2426 5884 elyto.
2462 5811 2560 5879 Qui
2603 5812 2844 5882 prolecto
2885 5813 3229 5867 archivorutn
3266 5811 3523 5881 sull‘ragio
3557 5811 3698 5886 Opus
3735 5836 3840 5872 nr:-
