3972 6492
251 332 352 392 117

1274 332 1625 392 ΗιετοιιιΑε
1665 328 2227 392 Εοοιιιειᾼετιει
2266 328 2397 388 us.
2435 310 2497 388 1."

3395 320 3499 379 N8

249 447 383 505 κατὰ
427 445 531 520 τὴν
576 448 757 523 αὐτὴν
809 448 907 506 τοῦ
951 450 1377 525 συγγράμματος
1428 451 1671 522 ἱστορίαν
1723 444 1823 503 ὧδὲ

1936 448 2277 520 temporibus
2300 446 2457 503 Jesus
2489 442 2710 515 quidam
2748 440 2850 500 fuit
2876 441 2960 498 vir
2990 442 3229 512 sapiens,
3250 442 3293 496 si
3318 451 3498 497 tamen

250 560 358 605 πως
387 542 674 613 μέμνηται
693 558 710 574 ⁸
765 562 786 595 ι
812 543 1024 598 Γίνεται
1051 543 1107 596 δὲ
1138 541 1279 596 κατά
1308 542 1495 596 τοῦτον
1522 542 1615 595 τὸν
1642 540 1831 611 χρόνον

259 632 455 705 Ἰησοῦς
498 649 593 696 τις
641 634 816 704 σοφὸς
858 636 1017 707 ἀνὴρ,
1057 634 1171 703 εῐγε
1221 634 1393 707 ἄνδρα
1442 634 1605 688 αὐτὸν
1653 632 1832 702 λέγειν

245 726 361 794 χρή.
387 719 499 778 Ἦν
531 725 648 797 γὰρ
679 727 1003 798 παραδόξων
1031 726 1205 798 ἔργων
1232 727 1480 799 ποιητὴς,
1516 725 1832 789 διδάσκαλος

244 813 540 885 ἀνθρώπων
581 818 699 871 τῶν
755 820 856 873 σὺν
900 819 1055 891 ἡδονῇ
1098 818 1304 891 τάληθῆ
1352 818 1675 888 δεχομένων.
1721 817 1831 871 Καὶ

243 907 458 971 πολλοὺς
493 910 603 978 μὲν
632 910 750 964 τῶν
800 912 1087 976 Ἰουδαίων,
1120 912 1343 976 πολλοὺς
1371 912 1427 966 δὲ
1469 912 1563 965 καὶ
1602 911 1711 964 ἀπὸ
1734 910 1830 965 τοῦ

252 997 562 1067 Ἑλληνικοῦ
617 1001 965 1072 ἐπηγάγετο.
1024 1004 1081 1058 '0
1120 1004 1350 1076 Χριστὸς
1388 998 1541 1067 οὗτος
1586 998 1675 1075 ἦν.
1720 1003 1830 1058 Καὶ

241 1090 390 1142 αὐτὸν
413 1092 654 1158 ἐνδείξει
678 1094 796 1147 τῶν
827 1095 1057 1167 πρώτων
1077 1096 1283 1169 ἀνδρῶν
1303 1099 1429 1167 παρ’
1452 1098 1586 1168 ἡμῖν
1612 1096 1830 1169 σταυρῷ

136 1213 149 1227 .
239 1180 702 1253 ἐπιτετιμηκότος
768 1186 1026 1254 Πιλάτου,
1083 1190 1181 1242 οὐκ
1242 1188 1611 1256 ἐξεπαύσαντο
1670 1191 1719 1242 οἱ
1766 1189 1830 1242 τὸ

239 1271 440 1343 πρῶτον
466 1275 648 1329 αὑτὸν
685 1278 1093 1351 ἀγαπήσαντες.
1135 1281 1338 1351 Ἐφάνη
1366 1281 1472 1352 γὰρ
1501 1282 1686 1344 αὐτθῖς
1713 1279 1832 1351 τρί-

237 1380 325 1435 την
356 1364 497 1436 ἔχων
534 1369 774 1439 ἡμέραν
820 1372 979 1426 πάλιν
1010 1371 1137 1439 ζῶν,
1179 1373 1286 1426 τῶν
1332 1374 1499 1428 θείων
1536 1373 1830 1446 προφητῶν

235 1455 395 1510 ταῦτά
424 1474 485 1510 τε
513 1460 623 1512 καὶ
646 1459 795 1516 ἄλλα.
832 1462 1001 1535 μυρία
1028 1463 1155 1536 περὶ
1178 1464 1340 1519 αὐτοῦ
1367 1465 1644 1537 θαυμάσια
1680 1468 1831 1538 εἰρη-

235 1547 412 1602 κότων.
462 1550 670 1604 Εἱσέτι
733 1570 795 1606 τε
842 1553 936 1609 νῦν
994 1555 1102 1609 τῶν
1140 1557 1478 1629 Χριστιανῶν
1527 1559 1635 1612 ἀπὸ
1674 1558 1828 1613 τοῦδε

230 1639 645 1712 ὠνομασμένων
689 1645 795 1700 οὐκ
832 1646 1051 1701 ἐπέλιπε
1088 1648 1149 1702 τὸ
1187 1649 1370 1717 φῦλον.
1427 1670 1445 1702 ι
1504 1649 1689 1706 Ταῦτα
1731 1652 1835 1705 τοῦ

229 1730 283 1796 ἐξ
299 1733 477 1788 αὐτῶν
520 1736 817 1807 Ἐϐραίων
852 1741 1210 1811 συγγραφέως
1238 1741 1503 1796 ἀνέκαθεν
1533 1745 1599 1815 τῇ
1634 1742 1825 1798 ἑαυτοῦ

1932 543 2109 596 virum
2138 556 2261 595 eum
2290 537 2568 610 appellare
2606 536 2691 592 l'as
2723 545 2828 592 est.
2853 535 2987 590 Erat
3028 534 3227 605 quippe
3261 533 3498 588 admira-

1924 634 2119 699 bilium
2147 647 2369 702 operum
2402 629 2645 694 effector,
2671 630 2970 698 ductorque
2985 642 3174 685 eorum
3214 626 3307 699 qui
3349 626 3497 681 veri-

1934 737 2097 780 tatem
2157 725 2341 779 libenti
2391 724 2574 778 animo
2604 720 3126 793 complectebantnr.
3180 718 3381 775 Multos
3409 717 3503 773 ille

1930 819 2134 889 partim
2174 833 2239 872 es
2268 816 2485 877 Judais,
2524 814 2721 886 partim
2751 829 2820 869 ex
2860 811 3159 883 gentilibus
3202 818 3503 867 sectatores

1931 913 2035 968 sibi
2080 910 2350 979 adjunxit.
2405 910 2500 966 Hic
2546 918 2665 965 erat
2711 908 2980 964 Christus.
3021 906 3192 974 Quem
3234 921 3265 962 a
3322 905 3502 977 gentis

1932 1012 2136 1061 nostra:
2156 1004 2491 1075 primoribus
2512 1002 2769 1069 delatum,
2794 1017 2915 1057 cum
2938 999 3148 1055 Pilatus
3168 1001 3351 1057 crucis
3370 1014 3503 1070 sup-

1932 1097 2097 1167 plicio
2147 1097 2469 1160 addixisset.
2505 1096 2561 1152 hi
2601 1106 2778 1151 tamen
2825 1094 2914 1165 qui
2965 1093 3114 1149 illum
3171 1092 3498 1157 dilexerant.

1931 1208 2055 1247 enm
2089 1183 2344 1262 deinceps
2379 1190 2559 1247 colere
2592 1205 2696 1245 non
2750 1189 3094 1246 destiterunt.
3138 1185 3323 1243 Tertio
3352 1185 3499 1241 enim

1932 1285 2022 1340 die
2048 1285 2205 1339 vivus
2228 1299 2292 1340 ac
2320 1285 2533 1354 spirans
2557 1284 2640 1338 eis
2669 1283 2941 1352 apparuit,
2975 1290 3138 1350 prout
3173 1279 3340 1335 divini
3375 1293 3503 1348 pro-

1932 1377 2108 1448 phetae
2130 1378 2245 1433 hare
2273 1385 2327 1432 et
2350 1376 2452 1431 alia
2484 1374 2879 1447 quamplurima
2910 1375 2975 1429 de
2993 1372 3085 1428 illo
3111 1370 3337 1427 miriﬁca
3362 1385 3504 1442 prte-

1931 1468 2202 1524 tlixerant.
2259 1466 2473 1523 Abhinc
2519 1479 2682 1536 porro
2715 1462 3147 1520 Christianorum
3186 1475 3356 1531 genus
3405 1460 3500 1532 qui

1930 1563 2001 1617 ab
2028 1575 2093 1617 eo
2135 1575 2330 1615 nomen
2376 1573 2676 1628 sttmpsere,
2714 1557 2781 1612 ad
2808 1565 3045 1611 nostram
3085 1568 3255 1624 usque
3280 1562 3500 1609 aetatem

1929 1650 2705 1709 continuatum‘manetallac
2732 1650 2896 1718 igitur
2920 1664 3042 1704 cum
3062 1646 3296 1718 scriptor
3320 1645 3408 1700 ille
3431 1659 3500 1699 ex

1932 1747 2175 1802 Hvbrasis
2207 1744 2476 1802 oriundus
2500 1746 2565 1800 de
2592 1741 2806 1798 Joanne
2835 1741 3073 1812 Baptista
3106 1748 3161 1793 et
3201 1739 3268 1793 de
3297 1735 3497 1793 Serva-

228 1827 420 1897 γραφῇ.
472 1828 625 1899 περί
670 1846 732 1882 τε
780 1829 875 1883 τοῦ
922 1830 1224 1885 Βαπτιστοῦ
1292 1832 1539 1887 Ἰωάννου
1587 1833 1682 1888 καὶ
1731 1832 1823 1887 τοῦ

1935 1845 2052 1892 tore
2084 1846 2274 1892 nostro
2321 1835 2376 1891 in
2409 1834 2573 1892 libris
2625 1834 2739 1889 suis
2791 1830 3327 1896 commemorauerit,
3358 1829 3499 1899 quod

228 1916 465 1987 Σωτῆρος
512 1920 695 1992 ἡμῶν
741 1922 1208 1995 παραδεδωκότος,
1249 1924 1331 1990 τίς
1370 1924 1435 1979 ἂν
1474 1924 1554 1979 ἔτι
1590 1923 1829 1980 λείποιτο

226 2006 497 2079 ἀποφυγὴ,
553 2009 661 2064 τοῦ
710 2011 792 2083 μὴ
835 2012 1220 2084 ἀναισχύντους
1263 2013 1661 2085 ἀπελέγχεσθαι
1703 2016 1829 2080 τοὺς

225 2100 331 2151 κατ’
367 2101 571 2154 αὐτῶν
608 2103 1001 2174 πλασαμένους
1042 2106 1442 2177 ύπομνήματα;
1474 2105 1630 2161 Ἀλλά
1654 2104 1827 2160 ταῦτα

226 2192 313 2262 μὲν
343 2194 529 2263 ἐχέτω
556 2194 768 2269 ταύτῃ.

765 2289 1170 2344 ΚΕΦᾹΛΑΙΟΝ
1215 2290 1312 2344 IB’.

220 2376 341 2445 Περὶ
366 2376 506 2431 τῶν
526 2380 832 2450 μετρητῶν
860 2380 965 2434 τοῦ
998 2380 1268 2450 Σωτῆρος
1328 2380 1513 2450 ἡμῶν.
1575 2380 1712 2437 (Nic.
1747 2379 1821 2439 Η.

613 2448 682 2502 Ε.
720 2466 760 2514 t,
785 2451 992 2516 2|,22,
1025 2448 1196 2522 usque
1235 2448 1299 2506 ad
1335 2448 1453 2523 lin.)

277 2527 394 2596 Τῶν
432 2560 510 2613 γε
553 2543 671 2615 μὴν
718 2543 821 2598 τοῦ
873 2544 1125 2616 Σωτῆρος
1155 2543 1489 2609 ἀποστόλων,
1542 2545 1704 2600 παντί
1748 2562 1826 2618 τῳ

221 2636 380 2709 σαφὴς
447 2639 524 2691 ὲκ
601 2635 722 2691 τῶν
767 2636 1116 2706 Εὐαγγελίων
1168 2638 1203 2708 ἡ
1243 2637 1563 2709 πρόσρησις.
1611 2635 1734 2690 Τῶν
1778 2636 1823 2691 δ’

218 2726 598 2799 ἑϐδομήκοντα
634 2726 926 2799 μαθητῶν,
962 2727 1257 2795 κατάλογος
1285 2727 1384 2799 μὲν
1420 2727 1595 2791 οὐδεὶς
1616 2728 1822 2802 οὖδαμῆ

216 2819 436 2892 φέρεται
457 2838 473 2852 ’
522 2820 765 2888 λέγεται
799 2837 866 2890 γε
909 2819 1007 2892 μὲν
1035 2814 1113 2884 εἷς
1146 2819 1324 2873 αὐτῶν
1360 2820 1645 2893 Βαρνάϐας
1667 2837 1825 2891 γεγο-

216 2913 370 2979 νέναι,
401 2908 473 2969 οὗ
507 2914 808 2986 διαφόρως
840 2913 937 2983 μὲν
973 2915 1067 2967 καὶ
1099 2914 1157 2968 αἱ
1180 2912 1417 2985 Πράξεις
1448 2913 1557 2967 τῶν
1594 2912 1825 2968 ἀποστό-

216 3005 307 3059 λων
330 3005 812 3078 ὲμνημόνευσαν,
834 3004 933 3075 οὐχ
960 3005 1160 3075 ἥκιστα
1189 3004 1245 3059 δὲ
1271 3003 1366 3059 καὶ
1387 3005 1417 3060 ό
1440 3004 1655 3070 Παῦλος
1681 3004 1821 3078 γρά-

217 3116 317 3167 φων
344 3099 668 3162 Γαλάταις.
712 3096 938 3151 Τούτων
970 3096 1014 3151 δ’
1052 3092 1189 3151 εἷναί
1228 3114 1359 3168 φασι
1401 3097 1499 3151 καὶ
1537 3096 1821 3169 Σωσθένην

1922 1927 2034 1995 jam
2058 1924 2315 1994 ell‘ugium
2355 1925 2678 1996 relinquitur
2702 1924 2792 1980 his
2821 1923 2913 1993 qui
2941 1921 3206 1978 adversus
3233 1934 3327 1975 eos
3364 1919 3499 1974 Acta

1929 2018 2018 2073 illa
2069 2017 2472 2082 conﬂuxerunt,
2523 2016 2821 2087 quominus
2870 2010 3322 2085 impudentissimi
3380 2023 3507 2066 esse-

1927 2109 2357 2166 convincanturl
2386 2107 2492 2164 Sed
2520 2109 2587 2165 de
2610 2107 2693 2164 his
2718 2106 2871 2163 satis.

2522 2291 2750 2351 CAPUT
2793 2291 2907 2349 ΧΙΙ.

2242 2388 2321 2443 De
2352 2386 2651 2443 Scrutaris
2679 2387 2846 2442 nostri
2884 2385 3182 2456 discipulis.

1996 2541 2064 2598 Et
2083 2541 2453 2613 apostolorum
2475 2541 2695 2613 quidem
2738 2539 3047 2597 Servatoris
3079 2538 3255 2594 nostsi
3278 2538 3498 2595 nomina

1924 2647 1992 2690 ex
2029 2633 2449 2707 Evangeliorum
2507 2632 2659 2689 libris
2710 2633 2991 2688 notissima
3045 2638 3172 2687 sunt
3220 2630 3511 2688 omnibus._

1925 2723 2080 2791 Quod
2105 2739 2234 2781 vero
2264 2724 2330 2780 ad
2361 2726 2703 2796 septuaginta
2730 2724 3030 2793 discipulos
3062 2721 3280 2787 attinet,
3304 2735 3513 2775 eorum-

1925 2815 2099 2871 series
2122 2815 2311 2872 nullibi
2336 2817 2642 2886 perscripta
2674 2814 2965 2884 reperitur.
2997 2811 3199 2869 Fertur
3227 2822 3407 2868 tamen
3429 2825 3497 2865 ex

1923 2908 2137 2965 illorum
2175 2923 2404 2965 numero
2438 2921 2579 2963 unus
2633 2907 2799 2964 fuisse
2843 2905 3137 2972 Barnabas,
3192 2904 3347 2975 cujus
3374 2919 3495 2959 cum

1924 3000 1978 3054 in
2008 3000 2241 3056 Actibus
2286 3000 2655 3073 apostolorum
2695 2999 2889 3054 crebra
2940 2997 2999 3053 lit
3032 2998 3256 3062 mentio,
3298 2996 3494 3051 tumin

1923 3093 2076 3150 Pauli
2103 3098 2170 3150 ad
2189 3093 2411 3150 Galatas
2434 3091 2697 3164 Epistola.
2726 3091 2803 3146 Ex
2838 3091 3028 3145 iisdem
3071 3090 3235 3147 etiam
3267 3089 3497 3145 Sosthe-

215 3193 290 3246 τὸν
324 3193 451 3264 ἅμα
484 3189 706 3263 Παύλῳ
749 3189 1061 3263 Κορινθίοις
1080 3190 1480 3248 ἐπιστείλαντα.
1519 3190 1584 3245 Ἠ
1609 3191 1653 3244 δ’
1679 3191 1823 3244 ἱστο-

1929 3201 2045 3241 nem
2081 3184 2249 3241 fuisse
2274 3185 2586 3257 perhibent,
2613 3199 2735 3239 eum
2768 3187 2858 3253 qui
2892 3198 3000 3236 una
3026 3197 3150 3236 cum
3200 3181 3368 3236 Paulo
3406 3181 3496 3236 lit-

217 3282 294 3353 ρία
333 3280 503 3353 παρά
553 3280 855 3351 Κλήμεντι
883 3276 1025 3332 κατὰ
1061 3280 1159 3351 τὴν
1194 3279 1450 3353 πέμπτην
1489 3279 1598 3334 τῶν
1650 3281 1826 3335 Ὑπο-

216 3374 565 3433 τυπώσεων,
603 3373 668 3424 ἐν
758 3368 857 3423 καὶ
878 3370 1093 3439 Κηφᾶν,
1119 3371 1246 3442 περὶ
1272 3362 1333 3423 οῦ
1351 3387 1515 3442 φησιν
1534 3371 1564 3424 ὁ
1582 3369 1820 3436 Παῦλοςο

222 3484 237 3515 ι
265 3467 391 3520 Ὀτε
418 3466 484 3519 δὲ
507 3460 659 3536 ἦλθε
690 3462 897 3534 Knud;
934 3462 1011 3525 είς
1056 3462 1405 3534 Ἀντιόχειαν,
1434 3462 1577 3517 κατὰ
1606 3462 1822 3535 πρόσω-

218 3574 304 3610 πον
330 3556 492 3627 αὐτῷ
524 3554 813 3625 ἀντέστην
853 3553 990 3622 (52),
1033 3572 1051 3604 ι
1094 3552 1192 3607 ἕνα
1226 3553 1360 3626 φησι
1393 3553 1675 3624 γεγονέναι
1714 3554 1824 3610 τῶν

218 3649 598 3719 ἑὸδομήκοντα
637 3644 930 3717 μαθητῶν,
954 3645 1240 3718 ὁμώνυμον
1269 3648 1460 3721 Πέτρῳ
1488 3650 1823 3721 τυγχάνοντα

214 3738 285 3809 τῷ
317 3738 648 3808 ἀποστόλῳ.
694 3737 811 3790 Καὶ
844 3735 1090 3791 Ματθίαν
1134 3737 1191 3790 δὲ
1225 3738 1316 3792 τὸν
1348 3739 1471 3793 ἀντὶ
1514 3739 1684 3793 Ἰούδα
1725 3737 1821 3794 τοῦ

218 3832 472 3904 προδότου
502 3833 633 3893 τοῖς
660 3828 987 3894 ἀποστόλοις
1025 3830 1480 3900 ὲγκαταλεγέντα,
1518 3831 1610 3886 τόν
1641 3848 1701 3885 τε
1727 3832 1823 3886 σὺν

218 3924 356 3995 αὐτῷ
386 3927 458 3995 τῇ
486 3923 675 3995 ὁμοίᾳ
706 3922 879 3993 ψήφῳ
910 3922 1227 3994 τιμηθέντα,
1253 3924 1353 3995 τῆς
1386 3924 1560 3994 αὐτῆς
1594 3923 1703 3978 τῶν
1734 3922 1825 3978 ισ-

216 4015 520 4087 δομήκοντα
583 4014 848 4087 κλήσεως
894 4013 1159 4084 ἠξιῶσθαι
1211 4014 1430 4086 κατέχει
1484 4016 1662 4085 λόγος.
1712 4016 1825 4069 Καὶ

218 4103 469 4158 Θαδδαῖον
506 4104 574 4158 δὲ
604 4103 712 4157 ἕνα
748 4101 862 4156 τῶν
898 4102 1076 4156 αὐτῶν
1104 4099 1251 4158 εἷναί
1293 4123 1444 4175 φασι⁸
1474 4106 1604 4178 περὶ
1632 4097 1695 4160 οὗ
1727 4105 1823 4159 καὶ

222 4196 459 4267 ἱστορίαν
484 4194 774 4250 ἐλθοῦσαν
802 4196 882 4258 εἰς
906 4196 1072 4265 ἡμᾶς,
1098 4197 1296 4251 αὐτίκα
1325 4198 1469 4269 μάλα
1495 4198 1820 4269 ἐκθήσομαι.

218 4291 324 4343 Καὶ
348 4292 462 4346 τῶν
492 4290 888 4361 ἑϐδομήκοντα
913 4289 971 4343 δὲ
994 4290 1210 4355 πλείους
1237 4291 1330 4344 τοῦ
1362 4292 1618 4363 Σωτῆρος
1647 4308 1824 4365 πεφη-

219 4383 360 4437 νέναι
404 4382 677 4454 μαθητὰς
705 4379 894 4453 εῦροις
926 4380 991 4435 ἂν
1034 4384 1389 4454 ἐπιτηρήσας,
1421 4384 1656 4456 μάρτυρι
1682 4383 1825 4457 χρῶ-

225 4493 375 4546 μενος
393 4476 477 4548 τῷ
514 4474 754 4545 Παύλῳ,
785 4474 926 4545 μετὰ
952 4474 1050 4546 τὴν
1074 4476 1137 4528 ὲκ
1167 4476 1378 4548 νεκρῶν
1400 4475 1617 4549 ἔγερσιν
1643 4471 1840 4546 ὧφθαιτ

230 4570 384 4623 αὐτὸν
423 4570 704 4641 φήσαντι,
733 4565 957 4637 πρῶτον
986 4566 1083 4637 μὲν
1124 4568 1289 4638 Κηφᾷ
1321 4566 1456 4637 (55),
1484 4567 1677 4630 ἔπειτα
1709 4570 1822 4633 τοῖς

1925 3288 2073 3333 teras
2105 3279 2170 3331 ad
2225 3276 2538 3333 Corinthios
2584 3276 2822 3345 scripsit.
2853 3274 2947 3329 Sic
2990 3273 3135 3328 enim
3169 3272 3339 3329 refert
3368 3272 3495 3329 Cle-

1923 3386 2079 3427 mens
2100 3371 2155 3425 in
2183 3369 2323 3426 libro
2334 3370 2526 3440 quinto
2552 3367 2979 3441 Hypotyposeon.
3001 3366 3057 3422 In
3086 3382 3193 3437 quo
3213 3367 3376 3422 etiam
3393 3366 3497 3423 Ce-

1923 3465 2087 3536 pham
2119 3463 2269 3520 illum
2301 3467 2391 3519 cui
2426 3462 2771 3520 Antiochiam
2803 3463 3046 3534 ingresso
3074 3460 3273 3517 Paulus
3298 3475 3361 3517 se
3396 3474 3495 3529 pa-

1926 3555 2032 3610 lam
2070 3555 2337 3612 restitisse
2372 3554 2524 3621 dicit,
2550 3556 2807 3626 quoniam
2833 3555 3256 3625 reprehensione
3298 3554 3495 3622 dignus

1923 3656 2065 3712 erat,
2102 3661 2266 3702 unum
2290 3646 2368 3701 ait
2390 3644 2642 3702 luisseex
2664 3647 3007 3717 septuaginta
3031 3645 3313 3716 discipulis
3335 3643 3495 3700 Petro

1925 3736 2170 3808 apostolo
2201 3736 2605 3808 cognominem.
2637 3734 2920 3792 Matthiam
2958 3750 3203 3807 quoque,
3234 3749 3357 3790 eum
3401 3734 3492 3804 qui

1924 3829 2077 3886 ludat
2127 3829 2427 3901 proditoris
2488 3829 2609 3885 loco
2658 3828 2713 3885 in
2780 3844 3067 3884 numerum
3126 3827 3493 3899 apostolorum

1924 3922 2028 3994 31
2066 3923 2340 3989 ascriptus
2365 3922 2796 3988 est,et-alterum
2828 3922 2978 3977 illum
3006 3921 3241 3993 quicum
3269 3919 3493 3975 Mattbia

1925 4015 2043 4086 pari
2079 4013 2340 4087 sull‘ragio
2373 4015 2471 4069 fuit
2502 4017 2819 4082 honoratus,
2851 4013 2991 4069 fama
3019 4023 3105 4069 est
3136 4030 3202 4069 ex
3237 4014 3328 4069 illo
3346 4023 3492 4070 cmtu

1924 4107 2271 4180 septuaginta
2300 4106 2693 4177 discipulorum
2750 4106 2943 4162 fuisse.
2991 4106 3323 4163 'l’haddtrum
3356 4122 3498 4176 prte-

1928 4208 2075 4257 lersa
2111 4213 2381 4255 unum-ex
2412 4198 2520 4253 illis
2540 4198 2710 4254 fuisse
2732 4198 2933 4253 lerunt.
2965 4198 3042 4253 De
3067 4212 3177 4269 quo
3204 4199 3494 4253 historiam

1924 4306 2045 4361 qua:
2078 4289 2145 4345 ad
2172 4305 2273 4345 nos
2295 4306 2467 4357 usque
2498 4289 2768 4359 pervenit,
2813 4304 2935 4343 mox
2984 4299 3308 4343 narraturus
3347 4302 3493 4344 sum.

1924 4382 2078 4450 Quod
2132 4382 2178 4436 si
2235 4382 2359 4451 quis
2412 4380 2706 4436 observare
2765 4379 2895 4435 velit
2956 4381 3255 4447 attentius,
3312 4381 3499 4449 plures

1925 4491 2088 4547 quam
2163 4474 2503 4545 septuaginta
2546 4476 2784 4545 reperiet
2844 4474 3150 4531 Servatoris
3195 4473 3364 4528 nostri
3406 4473 3497 4528 lii-

1926 4566 2193 4639 scipulos,
2224 4566 2309 4621 vel
2327 4580 2392 4621 ex
2422 4566 2582 4622 unius
2627 4564 2782 4622 Pauli
2819 4567 3163 4623 testimonio:
3194 4566 3285 4637 qui
3334 4564 3496 4622 Chri—

225 4688 413 4751 φιῑρρε
468 4680 577 4751 oni
623 4680 731 4732 sub
785 4685 1031 4751 extrema
1072 4678 1359 4751 Domitiani
1399 4688 1642 4749 tempora
1673 4679 1823 4734 Anti.
1856 4681 1899 4737 Ι)
1930 4678 2164 4751 bantur;
2197 4678 2395 4751 quibus
2417 4676 2665 4747 prolatis,
2699 4678 3012 4735 facillimum
3039 4676 3233 4735 luisset
3276 4676 3491 4735 Eusebii

227 4746 744 4823 quitatesludaicas
776 4746 1127 4823 pglilicasset.
1156 4750 1235 4823 Ad
1270 4746 1607 4823 ill_ud_aut’em
1654 4765 1817 4817 argu-

230 4815 462 4878 mentum
498 4819 658 4890 quod
687 4833 759 4890 ex
796 4815 1028 4890 Qrigene
1053 4818 1494 4890 ducitur,_facilis
1521 4830 1604 4875 est
1630 4829 1684 4890 et
1717 4815 1817 4874 es-

230 4896 398 4960 pedita
432 4885 765 4960 res'ponsip.
800 4885 977 4953 Negat
1027 4888 1245 4955 quidem
1276 4887 1549 4960 origenes
1572 4891 1625 4943 in
1664 4888 1821 4945 libris

233 4955 402 5017 contra
420 4962 673 5021 Celsum,
696 4955 997 5024 Josephum
1019 4959 1302 5024 agnovisse
1323 4955 1816 5024 .Iésumeristum,

234 5036 281 5086 ἰιΙ
322 5044 406 5088 est
436 5030 767 5086 credidisse
795 5028 1038 5093 Christo,
1087 5043 1182 5081 seu
1214 5027 1581 5083 Christianum
1622 5029 1813 5085 fuisse.

237 5105 330 5158 Sed
357 5117 541 5171 neque
563 5114 636 5154 ex
674 5099 794 5171 hoc_
812 5096 1030 5171 Josephi
1081 5097 1199 5171 loco
1240 5115 1398 5171 quem
1429 5101 1516 5153 hic:
1543 5100 1677 5171 citat
1713 5100 1822 5154 Eu-

237 5175 426 5234 sebius,
444 5166 735 5240 sequitur
766 5166 1059 5240 Jnsepbum
1079 5168 1287 5240 Qtristi
1317 5170 1473 5240 Iidem
1506 5170 1813 5235 amplexum

237 5242 408 5300 fuisse.
434 5234 719 5308 Quamvis
747 5239 899 5311 enim
922 5234 1231 5303 ἀίοιιιοῦτος
1257 5234 1376 5311 ἧνό
1407 5234 1662 5311 Χριστός,
1689 5240 1818 5294 sub.

232 5306 553 5370 audientium
606 5321 701 5364 est
732 5306 1061 5379 λεγόμενος,
1099 5311 1150 5364 id
1189 5306 1404 5374 esu/tis
1435 5306 1511 5363 est
1549 5312 1638 5378 qui
1669 5311 1816 5363 dice-

236 5384 378 5438 batur
400 5383 690 5438 Christus.
722 5377 849 5433 Jam
877 5377 1005 5432 Vero
1053 5382 1197 5448 quod
1227 5379 1416 5435 scribit
1444 5377 1634 5436 auctor
1666 5380 1813 5436 illius

236 5453 407 5516 libelli.
445 5452 770 5509 Eusebium
813 5458 1056 5502 nostrum
1087 5450 1248 5517 hujus
1285 5449 1538 5504 falsitatis
1576 5452 1813 5504 archite-

231 5535 364 5578 ctum
397 5526 607 5587 fuisse,
635 5532 928 5587 nunquam
963 5518 1205 5585 profecto
1234 5521 1465 5574 cordatis
1501 5520 1812 5574 hominibus

229 5594 279 5649 id
303 5596 655 5664 persuadere
678 5588 930 5664 poterit.‘
956 5588 1087 5642 Nam
1122 5590 1221 5664 cui_
1256 5591 1397 5664 bono
1442 5590 1497 5664 id
1547 5589 1812 5664 Eusebius

225 5657 535 5737 contingere
558 5657 850 5737 voluisset
862 5657 889 5731 τ.
906 5657 1074 5737 Apes
1100 5660 1410 5737 testimonio
1434 5658 1652 5737 insepbi
1681 5674 1814 5737 pen:

224 5734 378 5790 debat
397 5728 710 5789 'tlivinitas
762 5728 1005 5784 Christi?
1034 5730 1222 5788 Annon
1257 5729 1469 5785 Eusebii
1496 5728 1655 5784 aetate
1690 5731 1811 5784 libri

220 5804 627 5877 Antiquitas"!
668 5797 903 5869 Iosephi
936 5797 989 5853 in
1021 5800 1269 5857 omnibus
1305 5799 1645 5859 bibliothecis
1680 5801 1812 5857 rise-

1929 4749 2174 4803 l'randem
2201 4750 2549 4804 convincere.

1998 4817 2112 4889 (52)
2138 4818 2302 4873 Κατὰ
2349 4819 2676 4887 πρόσωπον
2706 4818 2865 4885 αὐτῷ
2889 4817 3209 4889 ἀντέστην.
3236 4817 3368 4874 Post
3398 4820 3496 4878 has

1924 4904 2087 4943 voces
2112 4890 2166 4944 in
2189 4889 2427 4944 editione
2452 4889 2744 4944 Parisiensi
2780 4906 2844 4945 ac
2872 4890 3173 4957 Genevensi
3194 4900 3498 4957 sequuntur

1926 4961 2043 5032 ha‘c
2086 4959 2274 5032 verba,
2313 4959 2394 5013 ὅτι
2428 4956 3020 5032 κατεγνωσμένοςλῆν,
3072 4975 3193 5032 quae
3243 4956 3497 5032 leguntur

1926 5030 2091 5085 etiam
2127 5030 2178 5082 in
2222 5028 2461 5098 Epistula
2493 5033 2559 5083 ad
2580 5028 2827 5084 Galatas.
2879 5028 2985 5084 Sed
3021 5028 3275 5099 quoniam
3303 5028 3408 5099 nec
3439 5030 3491 5084 in

1927 5099 2213 5154 codicibus
2244 5101 2447 5155 nostris
2467 5100 2632 5163 Mam,
2666 5099 2830 5165 Med.,
2869 5099 3008 5156 Fuk.
3042 5098 3141 5155 nec
3165 5101 3305 5168 apud
3335 5098 3497 5153 Ruti-

1921 5169 2374 5241 nutnbabentur,
2429 5181 2486 5224 et
2534 5170 2732 5239 alioqui
2774 5186 2969 5241 parum
3020 5170 3328 5241 necessaria
3363 5180 3494 5222 sunt

1920 5240 2025 5293 hoc
2053 5238 2191 5323 locp,
2219 5242 2418 5295 merito
2434 5238 2855 5323 ea_dele.'vimus.
2876 5240 3088 5323 ldentna
3115 5241 3274 5293 nobis
3290 5238 3490 5323 factum

1921 5319 2007 5363 est
2037 5309 2195 5378 paulo
2227 5320 2413 5373 postea
2433 5311 2486 5363 in
2516 5309 2616 5365 hoc
2649 5312 2766 5380 ipso
2791 5313 2990 5381 capite.
3026 5311 3155 5365 Nam
3178 5319 3298 5377 post
3328 5307 3491 5364 verba

1917 5379 2146 5449 illa,xal.
2168 5379 2431 5434 Θαδδαῖον
2456 5379 2535 5440 δέ.
2574 5382 2770 5434 lineam
2801 5384 3062 5449 integram
3085 5381 3490 5449 espnnximus;

1914 5448 2030 5523 haec
2055 5449 2458 5523 sgiligetﬁerba,
2482 5450 2573 5503 τὸν
2598 5451 2702 5523 ύπὸ
2728 5451 2899 5523 βωμᾶ
2919 5448 3067 5523 πατά-
3088 5448 3377 5523 πρόσταξιν
3398 5448 3492 5502 τοῦ

1932 5519 2108 5593 Ἰησοῦ
2140 5519 2219 5591 τῷ
2256 5519 2510 5593 ’Δγϐάρῳ
2539 5522 2676 5593 πρὸς
2725 5519 2869 5593 ἴασιν
2918 5519 3293 5593 ἀποσταλέντα
3316 5536 3331 5551 ο
3374 5535 3495 5584 qua:

1918 5588 2441 5661 leguntur'qnidem'
2482 5588 2539 5645 in
2585 5588 2791 5647 'codice
2830 5592 3018 5661 Regio.
3073 5592 3166 5645 sed
3219 5591 3422 5661 absunt
3460 5608 3491 5642 a

1919 5662 2097 5784 gibus
2119 5660 2362 5731 reliquis,
2395 5675 2496 5716 nec
2528 5662 2797 5716 habentur
2821 5662 2877 5716 in
2906 5659 3354 5731 interpretatione
3380 5659 3493 5714 Bu-

1963 5747 2039 5784 nt.

1993 5799 2105 5873 (53)
2139 5800 2383 5871 Πρῶτον
2417 5802 2535 5873 μὲν
2553 5799 2748 5873 Κηφᾷ.
2776 5802 2996 5860 Rectius
3030 5807 3079 5859 in
3117 5803 3319 5859 nostris
3343 5803 3493 5856 rodi-
