3972 6522
542 333 643 387 (9.3

1218 330 1488 387 EUSEBII
1526 327 2003 385 οΑεεΑιιιΕΝδιδ
2038 327 2188 386 OPP.
2229 328 2412 385 PARS
2451 329 2488 384 Ι.
2527 359 2598 370 --
2636 328 3025 385 HISTORICA.

3660 328 3758 380 iii

532 450 778 521 quidem,
834 451 930 505 sed
980 449 1197 504 virtutis
1250 460 1306 504 et
1363 447 1618 502 elﬁcacite
1665 445 2033 517 plenissimam
2078 464 2095 514 ;

2203 445 2319 515 μὲν,
2352 446 2722 517 πολυδυνάμου
2753 445 2811 499 δὲ
2843 444 3149 513 ἐπιπολῆς,
3180 443 3366 505 τοῦτον
3398 442 3628 516 ἐχούσης
3654 448 3758 525 ’καὶ

533 559 654 610 qua
690 545 771 598 sic
807 541 990 597 habet.

536 635 872 707 Rescriptum
907 635 1034 689 Jesu
1076 632 1146 687 ad
1183 632 1445 699 Agbarum
1493 630 1681 702 Regem
1717 646 1811 700 per
1836 630 2096 685 Arsaniam

1176 716 1463 755 cursorem.

611 816 633 850 ι
666 796 870 853 Beatus
894 812 974 860 es,
1004 796 1237 865 Agbare,
1265 793 1354 863 qui
1389 792 1442 846 in
1484 807 1570 848 me
1608 790 1910 848 credideris
1938 806 2096 861 quem

537 904 645 943 non
682 888 899 950 vidisti.
926 884 1001 940 De
1028 900 1112 938 me
1139 883 1284 937 enim
1327 882 1590 952 scriptum
1619 891 1725 948 est,
1763 897 1859 937 eos
1890 882 1981 951 qui
2013 897 2099 936 me

534 979 795 1043 viderint,
826 991 932 1030 non
965 974 1269 1028 credituros
1304 972 1359 1026 in
1391 985 1496 1037 me,
1538 980 1597 1025 ut
1636 971 1670 1026 ii
1696 970 1786 1040 qui
1821 986 1924 1024 non
1951 970 2100 1023 vide-

537 1073 668 1134 rint,
705 1069 994 1123 credentes
1022 1065 1128 1136 33
1162 1064 1327 1118 vitam
1360 1063 1651 1133 accipiant.
1680 1062 1834 1129 Quod
1867 1077 1996 1116 vero
2031 1060 2097 1113 ad

538 1172 627 1213 me
650 1157 846 1212 scribis
874 1164 933 1209 ut
965 1154 1031 1207 ad
1062 1165 1113 1208 te
1152 1152 1493 1223 proﬁciscar,
1522 1151 1609 1206 hic
1650 1166 1873 1206 necesse
1919 1150 2093 1205 habeo

533 1250 714 1304 omnia
751 1246 973 1315 implere
1001 1254 1224 1315 propter
1250 1259 1370 1315 quae
1394 1259 1510 1298 sum
1547 1243 1767 1308 missus,
1806 1241 1979 1309 iisque
2002 1240 2097 1296 de-

535 1353 680 1393 mum
710 1337 992 1404 absolutis,
1018 1338 1083 1392 ad
1117 1337 1263 1389 illutn
1294 1334 1383 1404 qui
1412 1348 1496 1387 me
1527 1333 1693 1394 misit,
1734 1331 1947 1387 reverti.
1984 1332 2095 1386 Ca:-

534 1441 711 1485 terum
740 1446 864 1484 cunt
887 1429 1121 1497 primum
1162 1427 1229 1480 ad
1255 1441 1376 1480 eum
1405 1439 1489 1479 me
1521 1436 1802 1492 recepero,
1831 1437 1895 1478 ex
1930 1422 2102 1477 disci--

533 1519 677 1590 pulis
721 1518 858 1573 meis
893 1518 1126 1586 aliquem
1161 1517 1229 1570 ad
1259 1524 1313 1570 te
1344 1515 1578 1576 mittam.
1620 1515 1714 1583 qui
1755 1505 1817 1568 ‘et
1850 1515 2097 1570 morbum

536 1621 684 1663 tuum
732 1617 908 1671 curet,
961 1618 1017 1662 et
1067 1607 1232 1660 vitam
1283 1604 1379 1659 tibi
1434 1608 1647 1674 tuisque
1679 1603 1931 1660 omnibus
1958 1619 2099 1674 prae-

534 1711 661 1758 stet.
702 1720 721 1751 ι

608 1793 705 1848 His
729 1792 972 1863 epistolis
1038 1792 1153 1847 haec
1211 1790 1373 1846 etiam
1404 1788 1630 1862 Syriaco
1655 1804 1907 1845 sermone
1943 1800 2100 1846 erant
2128 1826 2171 1881 Β

535 1883 902 1952 adjunctaz—
934 1882 1064 1939 Post
1105 1897 1386 1937 ascensum
1414 1880 1536 1936 Jesu
1567 1880 1789 1948 Christi,
1814 1880 1981 1963 {udas
2006 1881 2098 1951 qui

532 1977 699 2032 etiam
725 1974 967 2031 Thomas
1005 1975 1184 2030 dictus
1222 1983 1329 2039 est,
1385 1973 1721 2029 Thaddaaum
1771 1972 2098 2042 apostolum,

535 2086 699 2123 unum
744 2084 775 2123 e
820 2068 1189 2138 septuaginta,
1217 2068 1281 2120 ad
1320 2068 1599 2137 Agliarum
1637 2066 1807 2120 misit.
1844 2065 1944 2133 Qui
1975 2062 2096 2120 cum

532 2159 662 2214 illuc
687 2156 1018 2220 advenisset,
1055 2159 1197 2226 apud
1228 2156 1454 2211 Tobiam
1484 2156 1670 2211 Tobiae
1712 2156 1883 2211 lilium
1913 2156 2099 2210 diver-

535 2250 625 2305 tit.
657 2249 948 2319 Postquam
978 2264 1107 2304 vero
1136 2247 1279 2302 fama
1311 2251 1376 2303 de
1408 2249 1527 2317 ejus
1555 2248 1785 2301 adventu
1820 2258 1873 2303 et
1903 2247 1971 2301 de
1996 2247 2099 2301 ini.

534 2343 735 2398 raculis
761 2358 881 2413 quae
917 2344 985 2398 ab
1020 2344 1137 2412 ipso
1166 2342 1469 2398 edebantur
1521 2341 1928 2397 increbrescere
1973 2355 2091 2397 cce-

530 2432 630 2501 pit,
662 2435 966 2488 nuntiatum
1000 2445 1085 2490 est
1111 2436 1326 2505 Agbaro
1358 2433 1646 2489 advenisse
1696 2432 1826 2488 illnc
1873 2442 2094 2503 aposto-

531 2521 642 2577 lum
667 2522 820 2590 Jesu,
850 2525 994 2579 sicut
1018 2540 1123 2611 per
1156 2524 1366 2580 litteras
1390 2525 1735 2594 promiserat.
1784 2523 1967 2594 Cmpit
1993 2526 2094 2594 igi-

531 2622 623 2669 tur
657 2613 960 2671 Thaddmus
1013 2617 1232 2671 morbos
1276 2616 1548 2686 quoslibet
1587 2627 1641 2671 et
1687 2616 1975 2686 languores
2006 2617 2092 2670 di-

529 2704 654 2761 vina
682 2707 883 2764 virtute
903 2723 1116 2774 sanare,
1148 2710 1281 2764 adeo
1313 2718 1371 2763 ut
1400 2708 1580 2766 cuncti
1613 2708 1976 2764 admiratione
1999 2723 2092 2763 ca-

604 2883 714 2957 (04)
742 2886 1076 2957 renouarat
1096 2887 1207 2957 τὰρ
1230 2888 1362 2956 περὶ
1383 2888 1549 2958 ἐμοῦ.
1571 2887 1801 2943 Ubinam
1837 2890 1948 2944 haec
1972 2884 2121 2943 scri-'

531 2968 622 3026 pta
658 2957 791 3019 sint,
822 2959 873 3010 in
910 2972 1019 3026 quo
1053 2959 1266 3014 Veteris
1319 2958 1667 3012 Instrumenti
1724 2958 1864 3023 loco,
1928 2959 2106 3014 adhuc

533 3026 838 3098 quaeroaln
889 3026 1116 3082 Joannis
1143 3030 1357 3096 quidem
1390 3028 1683 3098 Evangelio
1716 3029 1976 3097 scriptum
2007 3029 2104 3082 ha-

2199 536 2370 606 αὐτῆς
2395 536 2486 589 τὸν
2513 536 2734 607 τρόπον.

2205 628 2279 681 Τὰ
2317 627 2751 699 ἀνατραφέντα
2793 629 2894 683 ὑπ’
2938 627 3138 699 Ἰησοῦ
3176 626 3281 699 διὰ
3319 627 3553 682 Ἁνανία
3582 645 3763 699 ταχυ-

2565 697 2788 767 δρόμου
2819 697 3083 766 τοπάρχῃ
3123 697 3387 766 Ἆγῖάρφ.

2200 834 2205 839 .
2275 809 2295 843 ι
2346 791 2608 862 Ἀγόαρε,
2657 791 2921 862 μακάριος
2966 784 3017 842 εἷ
3057 789 3351 855 πιστεύσας
3393 791 3451 844 ὲν
3502 792 3646 863 ἐμοὶ,
3684 793 3763 865 μὴ

2199 881 2456 954 ἑωρακώς
2490 898 2578 951 με.
2617 881 2930 954 Γέγραπται
2977 879 3086 952 γὰρ
3129 881 3256 952 περὶ
3293 881 3428 952 ἐμοῦ
3460 882 3599 954 (64),
3635 886 3764 948 τοὺς

2197 974 2507 1046 ἑωρακότας
2534 991 2600 1045 με
2636 973 2709 1045 μὴ
2744 973 3048 1027 πιστεύσειν
3076 990 3186 1043 μοι,
3219 974 3304 1027 ἵνα
3331 976 3379 1027 οἱ
3415 973 3765 1052 μὴρὲωρακό-

2196 1085 2307 1131 τες,
2329 1065 2481 1119 αὐτοὶ
2510 1064 2838 1119 πιστεύσωσι
2861 1066 2953 1118 καὶ
2971 1063 3255 1135 ζὴσωνται.
3280 1065 3413 1137 Περὶ
3434 1066 3492 1119 δὲ
3511 1061 3573 1121 οὗ
3598 1066 3767 1138 ἐγρα-

2196 1157 2306 1228 ad;
2345 1175 2434 1229 μοι
2463 1156 2639 1210 ἐλθεῖν
2675 1156 2808 1229 πρὸς
2842 1158 2921 1220 σὲ,
2950 1157 3067 1209 δέον
3100 1158 3216 1211 ἐστὶ
3254 1158 3431 1219 πάντα
3483 1158 3552 1212 δι’
3594 1158 3632 1213 ἃ
3657 1161 3766 1213 ἀπ-

2198 1250 2449 1321 εστάλην,
2482 1247 2711 1303 ἐνταῦθα
2738 1248 3018 1319 πληρῶσαε
3054 1265 3141 1320 με,
3175 1250 3268 1303 καὶ
3303 1251 3437 1321 μετά
3452 1250 3512 1303 τὸ
3542 1249 3765 1322 πληρῶ-

2200 1358 2310 1404 σαι,
2341 1340 2512 1402 obsto;
2551 1338 2920 1410 ἀναληφθῆναι
2948 1342 3082 1411 πρὸς
3115 1341 3203 1395 τὸν
3249 1340 3641 1394 ἀποστείλαντά
3671 1358 3760 1412 με.

2199 1432 2309 1486 Καὶ
2340 1431 2553 1485 ἐπειδὰν
2572 1418 2905 1500 ἀναληφθῶ,
2940 1428 3220 1484 ἀποστελῶ
3245 1449 3327 1484 σοι
3357 1430 3479 1485 τινὰ
3518 1432 3628 1485 τῶν
3660 1449 3765 1503 μαι

2198 1521 2378 1593 θητῶν
2429 1539 2559 1592 μου,
2599 1518 2685 1575 ἵνα
2727 1521 2943 1592 ἰάσηται
2989 1537 3081 1574 σου
3131 1520 3193 1573 τὸ
3244 1520 3445 1588 πάθος,
3488 1522 3584 1575 καὶ
3617 1520 3764 1595 ζωὴν

2200 1613 2283 1666 σοὶ
2314 1613 2408 1666 καὶ
2438 1614 2547 1675 τοῖς
2579 1613 2676 1667 σὺν
2708 1613 2791 1665 σοὶ
2823 1612 3184 1683 παράσχηται.
3224 1629 3244 1663 ι

2268 1791 2503 1855 Ταύταις
2528 1790 2584 1843 δὲ
2618 1792 2738 1855 ταῖς
2769 1789 3074 1852 ἐπιστολαῖς
3100 1788 3178 1842 ἐτι
3203 1787 3298 1841 καὶ
3324 1786 3494 1842 ταῦτα
3526 1786 3770 1858 συνῆπτο

2200 1884 2265 1953 τῇ
2294 1881 2480 1952 Σύρων
2512 1883 2662 1951 φωνῇ
2683 1898 2696 1934 :
2715 1909 2785 1919 —
2802 1881 2955 1933 Μετὰ
2977 1880 3033 1932 δὲ
3054 1878 3115 1931 τὸ
3146 1876 3517 1947 ἀναληφθῆναι
3547 1878 3641 1931 τὸν
3666 1879 3772 1948 ἰη-

2201 1972 2347 2037 σοῦν,
2388 1972 2707 2026 ἀπέστειλεν
2750 1972 2899 2043 αὐτῷ
2964 1972 3162 2034 Ἰούδας
3208 1972 3237 2023 ὁ
3266 1970 3359 2023 καὶ
3390 1970 3591 2040 Θωμᾶς
3631 1968 3768 2037 (65),

2199 2066 2455 2121 Θαδδαῖον
2491 2067 2584 2121 τὸν
2610 2065 2906 2121 ἀπόστολον
2937 2064 3043 2132 (66)
3087 2063 3185 2121 ἕνα
3228 2061 3335 2115 τῶν
3377 2063 3769 2127 ἐϐδομήκοντα.

2204 2160 2303 2223 ’ος
2342 2157 2512 2212 ἐλθὼν
2545 2159 2809 2229 κατέμενε
2843 2156 2977 2228 πρὸς
3024 2153 3237 2208 Τωῦίαν
3279 2153 3370 2206 τὸν
3416 2151 3511 2206 τοῦ
3558 2150 3768 2206 Τωϐία.

2209 2251 2299 2315 Ὠς
2324 2251 2380 2305 δὲ
2402 2249 2642 2323 ἠκούσθη
2669 2250 2795 2321 περὶ
2819 2247 3004 2313 αὐτοῦ,
3033 2246 3129 2301 καὶ
3155 2246 3311 2318 δῆλος
3337 2244 3529 2314 γέγονε
3549 2244 3639 2299 διὰ
3661 2244 3771 2298 τῶν

2202 2342 2633 2413 ἐπιτελουμένων
2676 2340 2822 2412 αὒτῷ
2862 2339 3180 2409 θαυμασίων
3233 2337 3364 2408 (67),
3397 2336 3644 2408 ἐμηνύθη
3694 2336 3771 2407 τῷ

2206 2433 2454 2506 ’Δγϐἀρῳ
2465 2435 2672 2491 ὅτιἝλ
2678 2434 2903 2504 ήλυθεν
2912 2434 3255 2498 ἀπόστολος
3269 2429 3523 2485 ἐνταῦθα
3537 2429 3642 2484 τοῦ
3657 2432 3773 2498 ἰη-

2192 2524 2308 2580 σοῦ
2322 2526 2514 2593 καθὼς
2527 2525 2830 2583 ἐπέστειλέ
2847 2541 2945 2581 σοι
2965 2525 3094 2596 (68).
3117 2524 3355 2596 Ἤρξατο
3371 2518 3462 2577 οὖν
3472 2525 3502 2576 ὁ
3515 2523 3772 2585 Θαδδαξος

2192 2620 2252 2673 ὲν
2296 2618 2523 2691 δυνάμει
2562 2618 2697 2673 Θεοῦ
2758 2618 3079 2691 θεραπεύειν
3123 2620 3302 2672 πᾶσαν
3334 2616 3488 2671 νόσον
3526 2614 3621 2669 καὶ
3668 2632 3774 2685 μα-

2192 2708 2569 2770 λακίαν.ὥστε
2607 2709 2814 2773 πάντας
2862 2707 3181 2780 θαυμάζειν.
3232 2708 3319 2772 Ὡς
3357 2707 3416 2761 δὲ
3461 2705 3697 2778 ἧκουσεν
3739 2707 3771 2759 δ

2211 2891 2341 2960 tum.
2373 2891 2468 2945 sed
2514 2906 2701 2946 omnes
2727 2906 2913 2945 eorum
2952 2888 3221 2960 discipuli,
3249 2898 3303 2943 et
3330 2887 3566 2960 comites
3607 2895 3772 2960 atque

2210 2959 2508 3026 adjutores,
2552 2962 2879 3029 generaliter
2928 2955 3157 3029 aposndi
3208 2969 3333 3013 sunt
3364 2955 3654 3029 appellati.
3705 2957 3772 3010 Et

2210 3027 2812 3097 quemadmodum,licet
2849 3027 3103 3086 Dominus
3132 3028 3469 3099 septuaginta
3503 3027 3770 3079 duntaxat

531 3094 1052 3191 belliﬁrhlhminumn
1080 3094 1322 3191 nostrum
1376 3108 1494 3165 post
1525 3094 2106 3191 .IECSIII'I'IeClliDtten).llli-
2131 3132 2174 3191 ο
2210 3094 2502 3191 discipulos
2530 3100 2788 3191 elegerit,
2807 3101 2972 3182 longe
3003 3094 3207 3182 plures'
3231 3094 3407 3180 tarp'en
3443 3111 3507 3149 eo
3552 3099 3770 3191 nomine

529 3167 681 3221 xisse
708 3166 929 3237 Thamar
961 3184 974 3219 :
1004 3169 1158 3221 Beati
1194 3169 1285 3237 qui
1333 3185 1437 3221 non
1486 3169 1730 3237 viderunt
1775 3175 1827 3222 et
1868 3168 2105 3222 credide-

532 3246 677 3307 runt.
710 3235 819 3290 Sed
859 3238 972 3291 haec
1004 3235 1230 3306 epistola
1261 3237 1460 3293 Christi
1496 3241 1562 3292 ad
1592 3235 1868 3304 Agbarum
1897 3253 2102 3307 regem,

532 3306 992 3378 s_i_quidem‘7vera
1047 3316 1151 3371 est,
1197 3309 1633 3378 obiurgationem
1679 3307 1824 3361 illam
1873 3306 2103 3376 apostoli

531 3373 752 3445 Thomas
790 3374 995 3445 aliquot
1024 3378 1183 3432 anuis
1219 3373 1536 3434 antecessit.
1594 3376 1649 3431 In
1708 3392 1829 3445 cap.
1864 3373 1919 3431 vi
1954 3379 2103 3433 Isaiae

533 3443 686 3518 locus
718 3457 803 3499 est
836 3443 964 3518 Iulio
989 3446 1147 3518 plane
1187 3448 1408 3518 similis,
1436 3449 1502 3503 ad
1535 3462 1693 3518 quem
1738 3443 1991 3503 allusisse
2020 3450 2103 3503 vi-

535 3513 705 3586 detur
727 3526 919 3586 auctor
953 3513 1114 3583 hujus
1132 3517 1402 3586 epistolae.

606 3582 716 3653 (65)
732 3583 950 3651 Ἰούδας
982 3582 1147 3657 ῥοιαὶ
1173 3582 1418 3656 Θωμᾶς.
1447 3584 1707 3657 Thomas
1737 3586 1980 3655 quidem,
2012 3588 2101 3657 qui

534 3652 639 3726 [nit
680 3670 817 3708 unus
859 3670 924 3708 ex
974 3652 1597 3726 duodeciiu,'dicebatnr
1656 3652 1913 3726 Didymus
1961 3652 2099 3712 teste

533 3722 748 3797 Joanne
763 3724 1116 3797 evangelista.
1148 3726 1241 3797 sed
1267 3728 1511 3797 eumdem
1535 3725 1728 3780 .ludam
1757 3722 1877 3797 esse
1905 3741 2104 3797 cogno-

537 3793 819 3865 minatum,
857 3794 983 3865 alibi
1022 3795 1163 3862 quod
1218 3796 1387 3849 sciam
1434 3811 1540 3849 non
1601 3794 1886 3862 reperitur.
1919 3793 2104 3865 Itaque

534 3873 590 3917 et
618 3863 724 3918 hoc
756 3864 974 3917 nomine
1003 3865 1248 3920 narratio
1279 3867 1377 3918 ista
1416 3865 1608 3918 merito
1650 3867 1702 3917 in
1741 3863 2100 3932 suspicionem

533 3936 705 3986 venit.
733 3932 845 3987 Nisi
881 3932 1017 3987 forte
1057 3933 1202 3989 hunc
1230 3950 1472 3989 errorem
1521 3932 1738 3988 Eusebii
1791 3949 1912 3988 esse
1947 3935 2101 3989 dica-

533 4018 676 4066 mus,
708 4004 797 4070 qui
850 4002 1073 4058 Thomte
1116 4014 1528 4073 cognomentum
1585 4005 1910 4069 attribuerit,
1959 4007 2101 4073 quod

535 4074 878 4127 tribuendum
928 4083 1049 4127 erat
1097 4072 1386 4129 Thaddzeo.
1423 4075 1583 4143 (ξεί-ιε
1635 4073 1940 4128 Thaddmus
1973 4072 2103 4143 apo-

535 4144 711 4198 stolus
734 4143 843 4196 alio
870 4144 1092 4197 numine
1120 4145 1293 4197 dictus
1324 4155 1407 4197 est
1434 4142 1624 4199 Judas.
1657 4142 2020 4212 Hieronymus
2046 4147 2099 4198 in

534 4229 649 4278 cap.
688 4229 719 4266 ι
757 4212 990 4267 Mattha’i
1010 4228 1028 4264 :
1059 4212 1100 4266 Τ
1102 4214 1382 4267 Ιιοάάαιιιηι
1408 4216 1721 4282 apostolum.
1750 4215 2101 4269 ecclesiastica

534 4283 698 4336 tradit
736 4284 961 4337 historia
993 4284 1211 4336 missum
1259 4284 1513 4338 Edessam
1560 4286 1629 4337 ad
1684 4283 1984 4352 Abagarum
2017 4303 2100 4338 re-

535 4371 648 4423 gem
674 4353 985 4424 _Cliosidenaz
1018 4354 1215 4424 (scribe
1264 4353 1730 4424 Chosdroenwlvel
1765 4357 1906 4424 quod
1956 4357 2097 4424 idem

534 4422 619 4478 est
640 4422 984 4495 Osdroenaf),
1012 4422 1101 4491 qui
1130 4425 1194 4479 ab
1230 4425 1571 4495 Evalngelista
1614 4423 1758 4480 Luca
1791 4422 1963 4495 Iudas
1992 4423 2095 4479 Ja-

2205 3180 2393 3238 postea
2421 3179 2547 3225 sunt
2578 3171 2844 3233 exornati,
2875 3172 3016 3226 sicut
3062 3172 3113 3223 in
3148 3169 3423 3236 superiore
3450 3168 3769 3238 capitelob-

2204 3237 2445 3295 servavit
2495 3239 2802 3295 Eusebius:
2845 3240 2915 3293 ita
2957 3241 3145 3304 etiam,
3176 3239 3298 3294 licet
3330 3239 3587 3290 Dominus
3628 3237 3766 3289 duo-

2205 3310 2381 3364 decim
2410 3319 2620 3363 tantum
2654 3309 2926 3378 apostolos
2954 3308 3333 3378 designavorit,
3365 3317 3550 3374 postea
3582 3315 3763 3357 tamen

2204 3378 2319 3433 haec
2350 3379 2644 3448 appellatio
2677 3379 2923 3449 pluribus
2961 3379 3357 3449 communicata
3393 3385 3497 3441 est,
3525 3385 3585 3449 ut
3613 3387 3769 3427 nom-

2202 3449 2281 3501 vit
2319 3444 2691 3520 Hieronymus
2721 3450 2779 3520 in
2824 3447 3111 3515 Epistolam
3147 3451 3214 3501 ad
3245 3446 3488 3520 Galatas.
3525 3444 3768 3520 llinc_est

2202 3520 2345 3586 quod
2379 3520 2431 3573 in
2465 3514 2681 3574 Ménaeis
2708 3514 3046 3583 Graecarum,
3073 3526 3127 3572 ct
3152 3519 3291 3587 apud
3323 3514 3768 3587 Simeonemllle-

2204 3583 2564 3655 taphrastem,
2618 3588 2830 3642 Marcus
2862 3597 2919 3642 et
2961 3588 3135 3643 Lucas
3184 3583 3551 3653 evangelistm,
3588 3583 3764 3655 Titus,

2204 3654 2520 3713 Timotheus
2556 3668 2610 3712 et
2641 3658 2919 3712 Philemon
2964 3670 3021 3712 et
3052 3659 3241 3723 reliqui
3294 3656 3445 3708 Pauli
3482 3654 3761 3722 discipuli,

2203 3730 2567 3794 apoStolornm
2603 3729 2757 3783 titulo
2794 3729 3140 3783 decorantur.
3182 3727 3498 3794 Ambrosius
3536 3739 3634 3777 seu
3670 3739 3765 3790 po-

2203 3793 2310 3851 tius
2358 3798 2587 3853 Hilarius
2617 3800 2672 3850 in
2701 3814 2817 3865 cap.
2851 3814 2865 3852 I
2900 3797 3152 3867 Epistola:
3183 3796 3251 3849 ad
3283 3793 3523 3853 (inlotos.
3547 3794 3770 3867 Aposto-

2203 3868 2311 3917 Ium
2343 3884 2417 3931 se,
2443 3869 2635 3937 inquit,
2667 3864 2771 3919 non
2801 3871 2865 3920 ab
2897 3864 3189 3921 hominibus
3215 3868 3449 3920 electum.
3472 3872 3531 3937 et!
3552 3864 3768 3937 missurn

2202 3938 2271 3988 ad
2315 3933 2708 4002 prtrdicantlum
2759 3948 2999 3995 testatur.
3033 3938 3165 3989 sicut
3220 3944 3368 3988 erant
3404 3935 3649 4002 quidam,
3676 3933 3767 4000 qui

2202 4006 2350 4058 electi
2384 4008 2448 4058 ab
2505 4007 2754 4067 apostolis
2806 4009 3146 4061 mittebantur
3198 4008 3264 4058 ad
3298 4004 3563 4057 Ecclesias
3605 4002 3764 4056 rabo-

2201 4075 2399 4129 ramlas
2428 4092 2445 4133 :
2476 4093 2635 4145 neque
2684 4077 2816 4146 sicut
2861 4078 2955 4130 alii
2998 4078 3144 4146 quia
3175 4075 3378 4131 Judwis
3425 4071 3772 4146 mittebanlnr

2201 4146 2269 4197 ad
2302 4143 2676 4199 disturbandas
2708 4143 3239 4212 Ecclesias.‘Quibns
3271 4146 3321 4196 in
3360 4143 3542 4196 verbis
3572 4144 3801 4209 triplex,

2201 4229 2369 4282 genus
2396 4230 2711 4271 recensetnr
2739 4217 3132 4284 apostolorum.
3166 4215 3328 4269 Primi
3382 4222 3509 4266 sunt
3555 4213 3768 4284 duode-

2200 4286 2304 4337 cim
2330 4286 2403 4339 illi
2435 4302 2463 4340 a
2498 4286 2715 4341 Christo
2741 4282 2923 4341 eleCti.
2962 4287 3193 4340 Secundi
3232 4295 3359 4338 sunt
3383 4282 3767 4351 apostolorum

2201 4355 2473 4424 discipuli.
2517 4356 2712 4419 Tertii,
2776 4355 3085 4410 ludit-orum
3142 4355 3390 4425 apostoli.
3451 4351 3775 4425 liabueriint

2200 4422 2351 4478 enim
2374 4426 2540 4482 Judrei
2570 4427 2836 4493 apostolos
2865 4442 3012 4486 suos,
3049 4427 3138 4494 qui
3171 4422 3198 4476 ἐι
3227 4422 3774 4494 patriarchisadva-

532 4494 649 4547 cobi
663 4508 693 4567 ξ
725 4502 775 4547 et
804 4481 1269 4567 allibi'alipellatnr
1322 4481 1558 4561 Le'bteus,
1592 4496 1759 4567 quod
1782 4493 2097 4567 interpreta-
2127 4481 2172 4536 Ῐ)
2203 4496 2281 4567 ria
2315 4498 2531 4567 negotia
2562 4481 2938 4567 mittebantur.
2971 4481 3170 4549 Eor'um
3196 4481 3400 4567 mentio
3429 4495 3489 4544 lit
3527 4492 3769 4567 ab_Epi-

534 4574 622 4617 tur
650 4564 957 4637 corculum.
976 4561 1413 4637 Credenduinque
1428 4576 1503 4637 est
1534 4561 1653 4624 cuin
1679 4563 2098 4637 [ιιὶεδεντριώνυ-

539 4649 657 4705 μον,
682 4632 1129 4705 γιάθιιιᾲεοιζξὶιὶιυι·
1156 4635 1209 4687 iu
1242 4635 1546 4705 Menologio
1574 4637 1640 4705 ad
1670 4632 1811 4689 diem
1841 4632 2090 4691 l9'Jtinii.

606 4704 714 4773 (66)
747 4701 1039 4756 Θαδδαῖον
1054 4703 1163 4757 τὸν
1190 4701 1552 4759 ἀπόστολον.
1579 4702 1772 4759 Nescio
1819 4722 1917 4760 cur
1975 4706 2097 4759 Hie-

533 4789 792 4845 ronymus
824 4776 878 4829 in
912 4775 1030 4828 luco
1068 4777 1315 4841 superius
1360 4775 1542 4841 allato,
1573 4774 1901 4845 Thaddagum
1950 4775 2096 4830 hunc

533 4842 690 4915 quia
722 4842 924 4895 Thoma
964 4845 1209 4913 ap0stolo
1241 4845 1436 4915 missus
1485 4853 1569 4898 est
1599 4846 1679 4915 ad
1707 4843 1978 4915 Agbarum
2010 4860 2095 4898 rc-

571 4929 679 4977 etu,
708 4928 871 4965 unum
900 4929 963 4966 ex
995 4930 1068 4968 xu
1099 4915 1360 4981 apostolis
1388 4914 1557 4968 fuisse
1583 4914 1735 4968 dicit.
1761 4915 1894 4968 Nam
1929 4914 2095 4970 Euse-

571 4931 679 4977 em,
708 4931 871 4965 unum
900 4931 963 4966 ex
995 4931 1068 4968 xu
1099 4931 1360 4981 aposuins
1388 4931 1557 4968 tuisse
1583 4931 1735 4968 nteit.
1761 4931 1894 4968 nam
1929 4931 2094 4970 Luse—

532 4931 656 5040 gius
688 4997 755 5036 ex
784 4997 892 5050 quo
921 4984 1283 5055 Hieronymus
1315 5000 1435 5038 eam
1478 4985 1844 5038 narrationem
1878 4996 2094 5038 mutua-

534 5064 622 5109 tus
667 5062 926 5123 est,_tum
952 5054 1084 5123 hic,
1132 5054 1241 5106 tum
1276 5056 1327 5107 in
1364 5056 1627 5123 superiori
1675 5055 1850 5123 capite
1890 5056 2093 5109 diserte

532 5124 744 5180 scribit.
776 5121 1099 5176 Tliaddazum
1131 5140 1296 5177 unum
1329 5121 1496 5178 fuisse
1542 5139 1573 5179 e
1608 5139 1715 5178 Lxx
1741 5121 1970 5178 ’Domini
2004 5127 2091 5178 di-

534 5194 780 5262 scipulis.
831 5192 976 5262 Idem
1029 5194 1225 5261 repetit
1266 5195 1534 5250 Eusebius
1567 5195 1619 5248 in
1652 5194 1748 5247 lib.
1789 5210 1824 5248 ll
1860 5196 1960 5248 sub
1989 5197 2093 5249 ini-

531 5261 879 5335 tiumtllnuc
907 5261 970 5314 Β.
1003 5262 1316 5335 Hieronymi
1342 5281 1582 5320 errorem
1605 5266 1717 5335 jam
1756 5265 1953 5335 dudum
1993 5282 2093 5319 no—

533 5336 665 5406 tavit
695 5334 849 5406 Beda
871 5334 922 5387 in
958 5348 1078 5400 cap.
1109 5336 1132 5406 1
1193 5330 1425 5388 Retract.
1459 5336 1516 5388 in
1569 5330 1686 5388 A'ct.
1735 5330 1905 5406 apost'.
1940 5335 2090 5406 Apo-

530 5403 699 5457 stolus
723 5404 941 5471 quidem
977 5405 1175 5472 passim
1218 5407 1528 5459 nominatur
1559 5406 1626 5461 in.
1650 5407 1753 5458 hoc
1793 5403 2094 5461 Edesseiio-
2153 5422 2160 5429 ‘

531 5487 650 5525 rum
675 5485 1025 5545 monumento
1054 5474 1197 5542 quod
1229 5473 1393 5528 refert
1414 5476 1700 5531 Eusebius.
1728 5475 1832 5528 Sed
1861 5478 2090 5545 apostoli

531 5556 727 5596 nomen
775 5544 861 5598 hic
912 5545 1077 5617 latius
1132 5546 1386 5610 sumitur,
1422 5561 1488 5600 eo
1530 5562 1683 5601 more
1713 5561 1820 5617 quo
1858 5544 2092 5617 singqu

501 5622 719 5691 -gen.tes
770 5623 826 5666 et
872 5616 1033 5669 urbes
1066 5629 1162 5669 eos
1211 5630 1240 5666 a
1289 5617 1489 5691 quibus
1534 5615 1809 5691 Evangelii
1854 5615 2089 5691 primum

527 5686 814 5753 veritatem
861 5693 1208 5753 acceperant,
1247 5687 1527 5752 apostolos
1569 5686 1941 5743 nominabant.
1979 5686 2091 5742 Ne-

528 5766 634 5821 que
664 5752 808 5807 enim
853 5752 1003 5811 solis
1028 5755 1310 5815 duodecim
1342 5757 1443 5813 hoc
1476 5756 1703 5812 inditum
1741 5765 1821 5809 est
1850 5766 2087 5813 vocabu-

2197 4559 2481 4637 phanidiu
2507 4568 2697 4621 haeresi
2735 4581 2862 4629 xxx,
2903 4566 3228 4637 llieronymo
3275 4566 3328 4614 in
3362 4577 3500 4637 cap._
3544 4559 3771 4637 [Epist

2197 4629 2266 4687 ad
2297 4636 2543 4698 Galatas,
2569 4647 2625 4687 et
2665 4637 2715 4688 iti
2750 4629 2939 4688 codice.
2962 4629 3336 4688 Tlieo'dosiano
3383 4629 3539 4685 titulo
3568 4633 3641 4685 De
3668 4629 3774 4685 Ju-

2197 4706 2350 4765 daeis.
2383 4717 2435 4759 et
2479 4706 2532 4759 in
2579 4705 2998 4758 Commentariis
3048 4704 3339 4773 supratl-cti
3382 4703 3669 4768 scriptoris
3715 4703 3771 4755 in

2195 4788 2316 4843 cap.
2366 4791 2381 4830 t
2434 4775 2689 4845 Epistola:
2713 4776 2781 4827 ad
2809 4773 3094 4845 Rcmauos.
3146 4775 3407 4845 (lu-terum
3463 4777 3774 4845 monendus

2195 4856 2276 4897 est
2308 4844 2487 4898 lector
2519 4849 2570 4898 in
2606 4845 2861 4898 omnibus
2916 4844 3116 4898 nostris
3162 4844 3443 4896 codicibus
3500 4844 3769 4910 scriptum

2195 4929 2316 4968 esse
2343 4914 2600 4969 Θαδδαῖον
2646 4914 2941 4968 ἀπόστολον
2978 4914 3096 4967 sine
3137 4914 3365 4966 articulo
3392 4914 3769 4979 praepositivo,

2194 4999 2354 5052 quem
2388 4988 2532 5039 solus
2569 4989 2736 5039 codex
2794 4986 3075 5037 Medica'us
3112 4983 3538 5049 superscriptum
3579 4981 3769 5034 habet.

2266 5054 2375 5126 (67)
2409 5056 2519 5111 Καὶ
2550 5053 2736 5123 δῆλος
2764 5054 2968 5125 γέγονε
2992 5053 3088 5107 διὰ
3129 5053 3246 5106 τῶν
3290 5053 3773 5121 ἐπιτελουμένων

2193 5125 2363 5190 αὐτῷ
2391 5127 2756 5196 θαυμασίων.
2790 5126 2920 5196 'l‘ola
2959 5134 3070 5178 luet:
3109 5127 3361 5196 pericope
3416 5126 3579 5196 abest
3608 5141 3635 5173 ιι
3672 5138 3770 5175 co-

2194 5197 2406 5251 dicibus
2442 5194 2643 5251 nostris
2674 5195 2837 5258 Maz.,
2871 5194 3008 5248 Med.
3038 5214 3100 5248 ac
3131 5194 3261 5249 Fuk.
3292 5194 3347 5249 et
3380 5194 3445 5246 ab
3486 5196 3761 5260 interpreo

2193 5269 2398 5320 tatione
2436 5267 2637 5320 ltntlni.
2667 5267 2800 5330 Quia
2837 5278 3012 5319 tamen
3048 5276 3224 5321 exstat
3263 5265 3314 5318 iu
3344 5264 3534 5320 codice
3560 5264 3754 5332 Regio,

2192 5344 2312 5389 eam
2351 5350 2660 5402 expungere
2691 5335 2857 5388 nolui.

2264 5405 2375 5476 (68)
2398 5406 2603 5471 Καθὼς
2648 5404 3118 5476 ἐπέστειλέίσοι.
3158 5404 3358 5476 Omnes
3399 5405 3569 5459 nostri
3616 5403 3772 5476 ciuili-

2194 5472 2308 5538 ces,
2336 5472 2535 5545 Regius
2563 5477 2778 5545 scilicet
2828 5495 2888 5527 ac
2935 5475 3100 5545 Med,
3147 5490 3267 5545 cum
3318 5475 3483 5537 Μαι..
3518 5491 3584 5529 ac
3628 5472 3765 5527 Fuk.

2193 5544 2451 5614 scriptum
2494 5544 2691 5600 habent
2742 5546 2884 5599 καθὰ
2913 5546 3004 5599 ἐπ.
3040 5544 3168 5612 Quae
3219 5544 3381 5600 lectio
3432 5547 3619 5600 nescio
3672 5559 3771 5614 cur

2194 5612 2477 5685 tantopere
2508 5617 2843 5685 displicuerit
2896 5615 3033 5671 Rob.
3095 5614 3392 5685 Stephano,
3448 5620 3571 5671 cum
3626 5612 3773 5667 καθά.

2194 5687 2332 5742 idem
2350 5684 2542 5742 ’valeat
2565 5701 2628 5741 ac
2656 5684 2863 5750 καθώς.
