3972 6526
248 362 335 415 ὶῖἲ
356 404 375 419 ε

1304 363 1653 422 HISTORUE
1695 360 2263 419 ECCLESIASTlCE
2303 363 2431 421 LIB.
2476 364 2538 418 ll.

3428 371 3533 429 i58

254 475 519 544 στήσατοδ
563 477 764 545 εἰσέτι.
810 495 870 531 τε
931 478 1020 532 νῦν
1068 477 1124 543 ἐξ
1181 478 1388 532 ἐκείνου
1440 480 1473 548 ἡ
1543 478 1695 530 πᾶσα
1760 475 1838 529 τῶ

1972 490 2078 545 set,
2115 480 2332 534 tandem
2377 478 2633 532 salutaris
2682 479 2937 534 doctrina:
2986 477 3536 539 auditoresreddidit.

263 567 599 638 Ἐδεσσηνῶν
652 570 857 634 πόλις,
913 574 977 642 τῇ
1014 570 1107 624 τοῦ
1156 570 1391 642 Χριστοῦ
1438 569 1864 641 προσανάκειται

258 661 620 732 προσηγορίᾳ,
666 663 739 715 οὐ
795 664 861 716 τὸ
892 664 1047 735 τυχὸν
1096 663 1464 735 ἐπιφερομένη
1508 663 1705 732 δεῖγμα
1768 662 1866 732 τῆς

257 750 338 806 τοῦ
369 749 639 824 Σωτῆρος
676 754 852 823 ἡμῶν
886 755 983 809 καὶ
1018 757 1097 819 εἰς
1133 756 1331 819 αὐτοὺς
1360 754 1695 827 εὐεργεσίας.
1752 755 1863 807 Καὶ

190 847 201 863 ’
257 842 413 896 ταῦτα
451 842 558 912 μὲν
585 842 672 906 ὡς
701 844 770 909 ἐξ
807 846 1051 916 ἀρχαίων
1085 847 1325 917 ἱστορίας
1354 846 1611 917 εἰρήσθω.
1645 844 1860 900 Μετίω-

258 951 345 1004 μεν
372 931 418 984 δ’
455 928 628 996 αὖθις
677 934 783 986 ἐπὶ
820 935 922 1006 τὴν
950 934 1095 989 θείαν
1124 936 1366 1007 Γραφήν.
1401 936 1701 1007 Γενομένου
1722 935 1860 1005 δῆτα

1966 569 2180 624 Abhinc
2209 570 2461 624 universa
2503 568 2903 625 Edessenorum
2931 570 3126 627 civitas
3145 612 3162 637 ,
3194 571 3400 645 quippe
3421 587 3544 644 qua:

1966 678 2071 717 non
2095 661 2319 733 vulgare
2343 660 2656 717 Servatoris
2691 663 2859 717 nostri
2893 677 3024 733 erga
3068 680 3127 720 se
3152 664 3543 723 benevolentia:

1965 752 2224 808 indicium
2259 754 2571 823 possideat,
2623 754 2741 822 ejus
2786 756 2992 810 nomini
3045 757 3310 815 hactenus
3362 760 3540 816 dicata

1964 843 2276 913 permansit.
2310 843 2377 897 Et
2410 844 2526 900 haec
2549 847 2766 915 quidem
2802 862 2869 902 ex
2902 855 3144 903 veterum
3174 855 3543 910 monumentis

1963 933 2245 1004 desumpta
2272 944 2417 991 sunt.
2450 935 2605 992 Nunc
2633 938 2699 992 ad
2717 938 2956 992 divinam
2989 937 3331 1010 Scripturam
3367 953 3543 1000 trans-

1962 1037 2171 1079 eamus.
2227 1022 2359 1080 Post
2403 1028 2724 1096 martyrium
2773 1028 3056 1099 Stepbani,
3095 1047 3218 1087 cum
3250 1035 3420 1103 prima
3449 1050 3543 1090 ea-

1962 1116 2196 1184 demque
2229 1115 2554 1185 gravissima
2590 1116 2897 1174 Judasorum
2935 1122 3243 1188 persecutio
3277 1125 3542 1179 adversus

1961 1203 2513 1275 Hierosolymitanam
2555 1206 2856 1262 Ecclesiam
2900 1221 3088 1266 coorta
3114 1222 3260 1267 esset
3291 1254 3303 1279 ,
3334 1214 3541 1270 cunctis

1960 1294 2168 1349 Christi
2219 1296 2503 1366 discipulis
2543 1307 2738 1366 praeter
2784 1298 3065 1355 duodecim
3113 1302 3395 1371 apostolos
3441 1317 3541 1373 per

1960 1386 2202 1443 Judaeam
2262 1387 2677 1459 Samariamque
2726 1390 3293 1462 dispersis;nonuulli
3347 1409 3536 1449 eorum

1962 1492 2135 1547 usque
2165 1479 2233 1533 ad
2264 1478 2580 1534 Phoenicem
2605 1489 2660 1535 et
2684 1482 2916 1553 Cyprum
2951 1494 3006 1537 et
3038 1485 3379 1540 Antiochiam
3409 1501 3539 1555 pro-

1961 1569 2137 1638 gressi
2171 1570 2254 1640 (ut
2280 1584 2437 1625 sacra
2462 1580 2694 1627 testatur
2715 1572 3019 1645 Scriptura)
3052 1577 3172 1631 fidei
3209 1576 3538 1632 Christiana!

1961 1675 2274 1716 sermonem
2321 1662 2577 1732 gentibus
2607 1663 2827 1732 quidem
2864 1667 3101 1719 nondum
3135 1668 3539 1723 communicare

1963 1751 2257 1817 audebant,
2292 1754 2386 1809 sed
2417 1753 2549 1808 solis
2576 1752 2781 1810 Judmis
2811 1755 2962 1809 illum
3001 1758 3387 1825 praedicabant.
3418 1759 3534 1825 Qua

1882 1828 1926 1883 Β
1960 1854 2282 1914 tempestate
2309 1846 2508 1904 Paulus
2545 1851 2839 1904 etiamnum
2868 1851 3163 1908 Ecclesiam
3194 1852 3486 1910 infestabat
3517 1896 3531 1921 ,

1955 1937 2010 1991 in
2043 1937 2188 1992 aedes
2215 1938 2452 1994 lidelium
2481 1940 2807 2012 irrumpens,
2821 1952 2874 1997 et
2898 1944 3047 2000 viros
3067 1960 3190 2000 cum
3220 1944 3534 2001 mulieribus

252 1027 334 1079 ἐπὶ
362 1028 426 1096 τῇ
470 1024 572 1078 τοῦ
606 1026 909 1096 Στεφάνου
947 1027 1223 1101 μαρτυρίᾳ
1244 1027 1462 1099 πρώτου
1485 1028 1577 1081 καὶ
1602 1029 1858 1098 μεγίστου

250 1115 371 1186 πρὸς
408 1115 601 1169 αὐτῶν
668 1117 957 1171 Ἰουδαίων
1015 1117 1152 1172 κατὰ
1213 1119 1317 1189 τῆς
1363 1122 1419 1173 ἐν
1467 1118 1860 1190 Ἰεροσολύμοις

257 1207 577 1279 Ἐκκλησίας
613 1209 909 1281 διωγμοῦ,
941 1212 1154 1264 πάντων
1190 1228 1248 1264 τε
1273 1211 1379 1264 τῶν
1416 1211 1694 1283 μαθητῶν,
1720 1211 1859 1283 πλὴν

240 1298 437 1352 ὅτιτῶν
464 1298 702 1353 δώδεκα
745 1300 956 1371 μόνων,
988 1302 1087 1354 ἀνὰ
1113 1302 1210 1375 τὴν
1253 1302 1512 1355 Ἰουδαίαν
1529 1319 1588 1356 τε
1623 1302 1720 1355 καὶ
1752 1302 1858 1355 Σα-

210 1378 459 1459 ’μάρειαν
499 1388 974 1462 διασπαρέντων·
1008 1393 1166 1454 τινὲς,
1204 1390 1279 1455 ὣς
1317 1395 1533 1464 φησινή
1581 1392 1699 1445 θεία
1727 1393 1765 1445 Γ
1770 1410 1860 1465 ρα-

233 1483 319 1553 φὴ,
343 1482 665 1547 διελθόντες
712 1485 831 1549 ἓως
857 1486 1109 1557 Φοινίκης
1137 1487 1232 1539 καὶ
1261 1485 1487 1558 Κύπρου
1515 1486 1610 1539 καὶ
1656 1487 1861 1540 Ἀντιοη

230 1573 392 1644 χείας,
418 1571 585 1625 οὔπω
634 1574 748 1645 μὲν
814 1573 1025 1628 ἔθνεσιν
1057 1569 1157 1629 οἷοί
1196 1592 1253 1627 τε
1308 1570 1448 1646 ἦσαν
1494 1573 1589 1626 τοῦ
1632 1574 1732 1643 τῆς
1764 1573 1857 1626 πί-

232 1681 391 1729 στεως
420 1666 801 1736 μεταδιδόναι
851 1666 1014 1737 λόγου
1058 1666 1298 1738 τολμᾷν,
1358 1666 1537 1737 μόνοις
1565 1665 1621 1719 δὲ
1669 1660 1864 1719 τοῦτον

246 1756 518 1819 Ἰουδαίοις
556 1758 982 1828 κατήγγελλον.
1028 1756 1337 1829 Τηνικαῦτα
1361 1757 1455 1810 καὶ¹
1499 1756 1711 1821 Παῦλος
1737 1757 1856 1809 έλυ-

236 1846 445 1916 μαίνετο
476 1848 667 1901 εἰσέτι
706 1849 842 1902 τότε
870 1849 971 1919 τὴν
1011 1848 1355 1919 Ἐκκλησίαν,
1389 1849 1506 1903 κατ’
1533 1848 1713 1913 οἴκους
1742 1848 1849 1903 τῶν

160 1926 164 1929 Δ
234 1937 429 1991 πιστῶν
465 1941 985 2011 εἰσπορευόμενος,
1031 1941 1209 2012 σύρων
1246 1957 1305 1992 τε
1352 1939 1548 2013 ἄνδρας
1600 1943 1693 1995 καὶ
1749 1958 1849 2009 γυ-

234 2035 448 2095 ναῖκας,
499 2033 603 2085 καὶ
668 2034 763 2096 εἰς
827 2032 1075 2105 φυλακὴν
1127 2034 1476 2106 παραδιδούς.
1547 2032 1705 2086 Ἀλλὰ
1756 2033 1849 2087 καὶ

229 2124 504 2188 Φίλιππος,
538 2121 630 2190 εἷς
653 2124 782 2179 τῶν
822 2126 940 2197 ἅμα
965 2128 1221 2197 Στεφάνῳ
1254 2126 1746 2198 προχειρισθέντων
1769 2127 1849 2189 εἰς

228 2216 315 2287 τὴν
345 2216 666 2281 διακονίαν,
708 2218 772 2271 ὲν
812 2221 930 2281 τοῖς
961 2219 1305 2290 διασπαρεῖσι
1321 2219 1633 2289 γενόμενος,
1669 2217 1849 2271 κάτει-

227 2325 303 2360 σιν
330 2310 412 2372 εἰς
442 2309 550 2380 τὴν
585 2310 953 2382 Σαμάρειαν,
990 2309 1138 2374 θείας
1190 2328 1249 2362 τε
1283 2309 1533 2380 ἔμπλεως
1560 2308 1635 2365 ῶν
1689 2309 1847 2363 δυνά-

230 2418 385 2469 μεως,
420 2403 714 2473 κηρύττει
744 2402 970 2474 πρῶτος
998 2404 1106 2465 τοῖς
1144 2400 1331 2456 αὐτόθι
1364 2402 1457 2455 τὸν
1513 2401 1687 2470 λόγον.
1744 2401 1847 2453 Το-

228 2492 455 2561 causa?
478 2492 646 2564 αὐτῷ
681 2492 815 2546 θεία
848 2493 1107 2563 συνήργει
1137 2492 1314 2563 χάρις,
1358 2490 1433 2554 ὡς
1490 2490 1584 2544 καὶ
1629 2490 1846 2560 Σίμωνα

225 2584 309 2636 τον
340 2584 539 2653 Μάγον
579 2584 736 2655 μετὰ
773 2584 1051 2637 πλείστων
1076 2583 1278 2655 ἐτέρων
1312 2583 1520 2653 ἀνδρῶν
1555 2581 1687 2652 (90),
1733 2584 1846 2645 τοίς

226 2675 381 2730 αὐτοῦ
420 2676 620 2747 λόγοις
648 2676 945 2747 ἑλχθῆναι.
980 2673 1101 2729 Ἐπὶ
1117 2675 1367 2729 τοσοῦτον
1394 2676 1438 2730 δ’
1469 2679 1497 2729 ὁ
1532 2675 1713 2746 Σίμων
1753 2674 1844 2745 βε-

229 2766 487 2839 ϐοημένος
526 2771 663 2822 κατ’
692 2770 885 2821 ἐκεῖνο
908 2765 1100 2835 καιροῦ
1125 2767 1232 2819 τῶν
1270 2767 1641 2838 ἠπατημένων
1679 2767 1843 2837 ἐκρά-

229 2875 304 2911 τει
329 2860 583 2931 γοητείᾳ,
609 2859 696 2923 ὡς
744 2858 848 2929 τὴν
894 2856 1136 2928 μεγάλην
1188 2857 1351 2911 αὐτὸν
1398 2857 1645 2930 ἡγεῖσθαι
1705 2854 1841 2911 εἶναι

231 2949 448 3020 δύναμιν
481 2950 583 3004 τοῦ
624 2949 797 3002 Θεοῦ.
824 2949 965 3002 Τότε
992 2948 1036 3001 δ’
1059 2945 1151 3002 οὖν
1185 2949 1278 3001 καὶ
1306 2943 1459 3013 οὗτος
1484 2947 1581 3011 τὰς
1619 2948 1722 3001 ὑπὸ
1746 2938 1839 3000 τοῦ

234 3041 487 3095 Φιλίππου
512 3042 760 3112 δυνάμει
784 3040 913 3112 θείᾳ
934 3039 1258 3112 τελουμένας
1278 3039 1647 3108 καταπλαγεὶς
1671 3057 1744 3091 πα
1754 3056 1843 3110 ρα-

238 3130 557 3197 δοξοποιῖας,
594 3132 977 3204 παραδύεται,
1009 3134 1102 3185 καὶ
1145 3132 1305 3203 μέχρι
1355 3131 1579 3203 λουτροῦ
1627 3132 1726 3202 τὴν
1757 3132 1838 3195 εἰς
1867 3166 1909 3222 C

243 3224 457 3296 Χριστὸν
482 3226 678 3280 πίστιν
716 3224 1208 3296 καθυποκρίνεται.
1269 3225 1332 3277 Ὃ
1386 3226 1480 3278 καὶ
1535 3223 1836 3293 θαυμάζειν

247 3315 378 3383 ἀξιον
407 3320 486 3381 εἰς
517 3316 692 3390 δεῦρο
723 3317 1020 3388 γινόμενον
1051 3316 1187 3389 πρὸς
1207 3318 1315 3370 τῶν
1340 3316 1417 3369 ἔτι
1442 3316 1536 3369 καὶ
1590 3315 1684 3368 νῦν
1737 3314 1836 3385 τὴν

250 3410 328 3460 ἀπ’
354 3411 563 3465 ἐκείνου
632 3410 1004 3481 μιαρωτάτην
1037 3410 1327 3480 μετιόντων
1376 3409 1618 3479 αἵρεσιν·
1673 3407 1723 3460 οἳ
1768 3410 1833 3479 τῇ

248 3500 329 3552 τοῦ
361 3503 506 3571 σφῶν
539 3503 908 3573 προπάτορος
939 3499 1180 3571 μεθόδῳ,
1218 3500 1315 3571 τὴν
1355 3498 1680 3568 Ἐκκλησίαν
1722 3497 1834 3550 λοι-

254 3591 436 3661 μὼδους
461 3594 562 3647 καὶ
605 3592 914 3664 ψωραλέας
960 3592 1113 3645 νόσου
1146 3592 1301 3662 δίκην
1339 3591 1714 3661 ὑποδυόμενοι,
1767 3590 1835 3644 τὰ

254 3681 464 3751 μέγιστα
486 3683 858 3754 λυμαίνονται
887 3684 1035 3746 τοὺς,
1058 3676 1139 3745 οἷς
1165 3682 1610 3753 ὲναπομὰξασθαι
1642 3676 1744 3737 οἷοί
1775 3699 1833 3735 τε

253 3773 307 3825 ἂν
330 3771 431 3827 εἶεν
462 3775 556 3827 τὸν
591 3776 653 3827 ἐν
684 3775 881 3836 αὐτοῖς
915 3774 1404 3845 ἀποκεκρυμμένον
1448 3774 1687 3845 δυσαλθῆ
1740 3775 1834 3828 καὶ

250 3866 462 3935 χαλεπὸν
500 3867 602 3922 ἰόν.
639 3867 788 3935 Ἤδη
824 3867 893 3934 γέ
918 3882 1001 3918 τοι
1038 3866 1255 3929 πλείους
1285 3864 1490 3919 τούτων
1543 3866 1833 3937 ἁπεώσθη-

250 3974 356 4023 σαν,
383 3958 557 4013 ὁποῖοί
582 3974 732 4021 τινες
760 3951 876 4010 εἷεν
919 3955 1029 4028 (9i)
1061 3956 1158 4027 τὴν
1222 3954 1521 4028 μοχθηρίαν
1580 3956 1826 4022 ἁλόντες’

247 4048 413 4120 ὥσπερ
440 4045 534 4103 οῦν
566 4051 670 4103 καὶ
718 4052 748 4103 ὁ
796 4049 985 4118 Σίμων
1047 4049 1208 4112 αὐτὸς
1273 4049 1407 4119 πρὸς
1470 4048 1565 4102 τοῦ
1621 4048 1853 4120 Πέτρου

248 4140 652 4211 καταφωραθεὶς
686 4140 747 4203 ὃς
770 4135 866 4210 ἦν,
899 4138 998 4208 τὴν
1035 4140 1413 4210 προσήκουσαν
1468 4140 1613 4194 ἔτισε
1667 4160 1834 4212 τιμωο

250 4231 370 4300 ρίαν.
416 4231 581 4284 Ἀλλὰ
616 4229 730 4300 γὰρ
765 4230 852 4292 εἰς
882 4227 1107 4298 αὔξησιν
1133 4228 1403 4300 ὁσημέραι
1430 4231 1709 4301 προίόντος
1736 4231 1829 4284 τοῦ

247 4324 492 4393 σωτηρίου
521 4321 917 4394 κηρύγματος,
972 4319 1250 4390 οἰκονομία
1277 4339 1359 4383 τις
1383 4317 1518 4393 ἦγεν
1567 4324 1659 4375 καὶ
1722 4324 1829 4376 ἀπὸ

245 4412 327 4483 τῆς
349 4414 623 4467 Αἰθιόπων
649 4415 759 4484 γῆς
799 4412 905 4480 τῆς
939 4410 1125 4463 αὐτόθι
1152 4411 1419 4481 βασιλίδος
1459 4414 1689 4484 (κατάτι
1723 4415 1827 4468 πά-

1954 2028 2083 2083 inde
2129 2029 2438 2086 abstractos
2463 2032 2726 2092 custodiae
2781 2036 3123 2104 mancipans.
3165 2035 3318 2091 Tunc
3364 2037 3532 2091 etiam

1954 2116 2239 2188 Philippus
2264 2160 2280 2186 ,
2315 2137 2454 2178 unus
2476 2138 2543 2177 ex
2572 2122 2640 2176 iis
2674 2119 2762 2191 qui
2790 2138 2916 2178 cum
2947 2125 3224 2195 Stephano
3248 2126 3314 2181 ad
3344 2126 3530 2181 diaco-

1953 2219 2113 2265 natus
2147 2209 2380 2268 olIicium
2408 2213 2627 2271 fuerant
2670 2217 2854 2284 electi,
2891 2217 3105 2287 fugiens
3147 2234 3268 2272 cum
3320 2220 3534 2275 caeteris

1954 2303 2261 2359 Samariam
2286 2306 2565 2363 descendit
2584 2349 2600 2374 ,
2629 2319 2686 2364 et
2712 2310 2893 2364 divina
2924 2310 3118 2380 plenus
3141 2312 3338 2368 virtute
3363 2354 3379 2377 ,
3410 2326 3534 2367 ver-

1952 2396 2077 2451 bum
2120 2397 2214 2452 Dci
2244 2399 2450 2466 primus
2483 2400 2677 2458 incolis
2707 2403 2996 2458 nuntiavit.
3043 2404 3215 2461 Tanta
3250 2422 3414 2477 porro
3447 2408 3531 2464 vis

1953 2486 2147 2543 divina:
2195 2491 2384 2559 gratia:
2429 2493 2528 2561 ipsi
2577 2494 2762 2548 aderat
2792 2533 2807 2557 ,
2860 2502 2917 2548 ut
2965 2495 3244 2551 Simonem
3314 2496 3527 2567 Magum

1950 2576 2193 2647 aliosque
2238 2580 2664 2640 innumerabiles
2705 2585 3187 2654 praedicationibus
3218 2587 3332 2641 suis
3365 2588 3430 2642 ad
3469 2604 3530 2644 so

1947 2672 2298 2740 pertraxerit.
2318 2671 2420 2729 Hic
2451 2673 2637 2730 Simon
2667 2685 2799 2732 tunc
2828 2678 3090 2747 temporis
3117 2677 3527 2740 celeberrimus.

1947 2770 2152 2816 tantam
2201 2765 2575 2821 auctoritatem
2628 2768 2857 2837 adeptus
2908 2780 3030 2823 erat
3064 2771 3204 2839 apud
3252 2785 3345 2825 eos
3391 2786 3529 2841 quos

1943 2858 2239 2929 praestigiis
2264 2860 2381 2915 suis
2417 2860 2725 2931 deceperat,
2769 2872 2827 2916 ut
2855 2878 3107 2933 magnam
3137 2863 3228 2917 Dei
3260 2865 3524 2920 Virtutem
3550 2908 3555 2917 .

1944 2948 2122 3018 ipsum
2160 2942 2280 3004 esse
2309 2950 2705 3006 existimarent.
2728 2952 2874 3007 Idem
2901 2964 3084 3007 tamen
3114 2954 3526 3024 obstupefactus

1942 3038 2220 3094 miraculis
2266 3055 2385 3109 qua:
2413 3038 2689 3111 Philippus
2713 3042 2894 3096 divina
2937 3043 3134 3099 virtute
3158 3045 3523 3114 perpetrabat,

1944 3130 2138 3186 callide
2183 3132 2420 3200 irrepsit,
2451 3130 2723 3201 iidemque
2746 3134 2798 3187 in
2843 3134 3122 3189 Christum
3152 3136 3417 3191 hactenus
3446 3136 3523 3192 si-

1944 3221 2208 3286 mulavit,
2261 3234 2320 3277 ut
2366 3223 2694 3291 baptismum
2746 3225 3070 3293 susciperet.
3119 3226 3270 3294 Quod
3302 3228 3521 3297 quidem

1939 3311 2237 3365 etiamnum
2269 3313 2386 3367 fieri
2418 3314 2487 3367 ab
2534 3314 2622 3368 bis
2651 3314 2739 3380 qui
2775 3316 3115 3370 teterrimam
3155 3319 3270 3387 ejus
3309 3328 3516 3374 sectam

1938 3403 2261 3473 proﬁtentur
2311 3421 2416 3459 non
2474 3405 2593 3461 sine
2641 3406 3011 3461 admiratione
3057 3409 3369 3474 cernimus;
3421 3413 3516 3480 qui

1939 3510 2090 3550 more
2122 3497 2369 3563 parentis
2394 3498 2479 3551 sui
2507 3498 2560 3552 in
2600 3497 2898 3555 Ecclesiam
2933 3510 3191 3570 tanquam
3227 3502 3395 3570 pestis
3420 3514 3519 3560 aut

1938 3586 2084 3656 lepra
2125 3587 2372 3657 quaedam
2424 3589 2724 3660 irrepentes
2750 3632 2766 3658 ,
2798 3592 3178 3662 gravissimum
3215 3592 3326 3666 40
3359 3595 3517 3651 dam-

1940 3694 2065 3733 num
2101 3679 2343 3736 inferunt
2383 3681 2451 3736 iis
2482 3682 2680 3751 quibus
2706 3684 3007 3753 pessimum
3038 3684 3167 3739 illud
3193 3695 3249 3741 et
3270 3687 3551 3775 immediu

1937 3773 2114 3827 cabile
2147 3788 2415 3828 venenum
2447 3775 2589 3843 quod
2624 3775 2901 3831 mentibus
2947 3777 3226 3832 occultant
3255 3778 3517 3834 instillare

1934 3864 2234 3931 potuerint.
2272 3869 2353 3920 Ac
2406 3866 2646 3936 plerique
2673 3868 2784 3938 jam
2810 3883 2996 3924 eorum
3030 3870 3099 3924 ah
3131 3868 3373 3926 Ecclesia
3403 3870 3509 3941 eje-

1936 3957 2007 4011 cti
2040 3967 2184 4021 sunt,
2214 3971 2336 4010 cum
2372 3957 2525 4013 fraus
2568 3960 2813 4029 ipsorum
2852 3960 3068 4016 detecta
3101 3971 3247 4017 esset
3275 3980 3291 4019 :
3320 3976 3515 4031 quem-

1934 4049 2220 4104 admodum
2273 4049 2461 4105 Simon
2492 4066 2707 4121 quoque
2738 4052 2856 4120 ipse
2906 4068 2936 4106 a
2969 4052 3133 4108 Petro
3165 4055 3381 4109 tandem
3413 4054 3514 4109 de-

1932 4141 2238 4209 prehensus
2264 4140 2476 4197 debitas
2503 4156 2695 4211 ptenas
2716 4144 2885 4198 dedit.
2904 4143 3076 4200 Porro
3109 4160 3233 4199 cum
3257 4144 3515 4201 salutaris

1931 4235 2212 4306 Evangelii
2269 4236 2586 4305 prmdicatio
2650 4236 2805 4290 novis
2860 4235 3105 4305 quotidie
3156 4236 3514 4291 incrementis

1932 4334 2282 4398 augesceret,
2308 4327 2489 4381 divina
2523 4327 2861 4396 providentia
2893 4329 3183 4397 quemdam
3216 4342 3283 4382 ex
3316 4340 3512 4397 proce-

1933 4420 2082 4475 ribus
2117 4419 2432 4491 aEthiopum
2467 4422 2667 4491 reginae
2699 4421 2751 4473 in
2797 4416 3037 4473 Iudaeam
3066 4418 3324 4473 adduxit:
3349 4420 3512 4490 quip-

244 4518 370 4575 τριον
398 4504 519 4568 ἔθος
554 4503 667 4557 ὑπὸ
690 4500 961 4571 γυναικὸς
980 4500 1072 4553 τοῦ
1102 4500 1285 4565 ἔθνους
1304 4504 1471 4556 εἰσέτι
1509 4504 1604 4558 νῦν
1668 4505 1822 4576 βασι-

1944 4527 1997 4580 pe
2028 4511 2198 4566 moris
2237 4523 2322 4566 est
2347 4511 2651 4565 etiamnum
2683 4510 2791 4565 illis
2834 4509 3086 4579 gentibus
3116 4510 3366 4563 muliebri
3400 4509 3509 4563 im-

244 4592 532 4667 ὶευομένου)
566 4594 854 4664 δυνάστην
881 4608 895 4621 ⁶
929 4590 989 4643 ὃν
1018 4590 1232 4663 πρῶτον
1264 4592 1322 4658 ἐξ
1352 4593 1521 4648 ἐθνῶν
1554 4595 1690 4665 πρὸς
1727 4595 1820 4649 τοῦ

245 4686 481 4741 Φιλίππου
518 4686 594 4741 δι’
624 4682 972 4754 ἐπιφανείας
998 4681 1065 4737 τὰ
1109 4683 1201 4737 τοῦ
1263 4684 1406 4739 θείου
1451 4686 1606 4755 λόγου
1660 4689 1821 4761 ὄργια

243 4783 575 4853 μετασχόντα,
631 4778 748 4831 τῶν
815 4792 880 4829 τε
935 4775 1037 4828 ἀνὰ
1088 4774 1184 4845 τὴν
1232 4778 1555 4850 οἰκουμένην
1612 4780 1820 4834 πιστῶν

243 4873 460 4948 ἀπαρχὴν
497 4874 832 4945 γενόμενον,
866 4870 1082 4941 πρῶτον
1122 4870 1337 4939 κατέχει
1376 4873 1535 4941 λόγος
1583 4874 1675 4926 ἐπὶ
1726 4873 1824 4946 τὴν

243 4966 437 5036 πάτριον
492 4964 991 5032 παλινοστήσαντα
1046 4961 1169 5030 γῆν,
1223 4962 1674 5032 εὐαγγελίσασθαι
1722 4965 1819 5036 τὴν

240 5056 314 5108 τοῦ
335 5061 432 5110 τῶν
459 5058 602 5115 ὅλων
636 5053 783 5108 Θεοῦ
815 5050 1043 5121 γνῶσιν,
1076 5053 1170 5107 καὶ
1200 5052 1297 5123 τὴν
1337 5051 1602 5116 ζωοποιὸν
1623 5058 1704 5119 είς
1731 5057 1820 5109 ἀν-

240 5146 451 5219 θρὼπους
484 5149 583 5206 τοῦ
612 5145 893 5217 Σωτῆρος
917 5141 1074 5214 ἡμῶν
1098 5143 1410 5214 ἐπιδημίαν,
1476 5144 1621 5217 ἔργῳ
1672 5146 1814 5217 πλη-

239 5241 467 5314 ρωθείσης
504 5245 575 5297 δι’
605 5237 791 5297 αὐτοῦ
828 5236 952 5306 τῆς,
992 5252 1011 5285 ι
1041 5234 1295 5289 Αἰθιοπία
1324 5236 1631 5309 προφθάσει
1653 5241 1813 5311 χεῖρα

234 5333 369 5405 αὐτῆς
388 5336 462 5407 τῷ
483 5334 634 5404 θεῷ,
680 5352 701 5383 ι
748 5326 1121 5397 περιεχούσης
1150 5329 1508 5399 προφητείας.
1549 5330 1671 5383 Ἐπὶ
1690 5331 1813 5385 τού-

228 5436 318 5487 τοις
340 5426 543 5489 Παῦλος
576 5423 645 5477 τὸ
681 5420 793 5490 τῆς
820 5414 1059 5485 ἐκλογῆς
1085 5416 1295 5480 σκεῦος,
1350 5420 1450 5472 οὐκ
1498 5419 1557 5487 ἐξ
1602 5421 1812 5492 ἀνθρώ-

254 5517 290 5548 ’τ
312 5519 441 5575 Psai.
469 5536 649 5574 uvn.

274 5612 370 5681 (90,
394 5614 559 5668 Μετὰ
589 5608 933 5665 πλείστων
958 5605 1172 5673 ἑτέρων
1196 5605 1451 5681 ἀιςᾷρῶν,
1487 5594 1659 5681 Μέῖςὶξ
1678 5614 1807 5681 Apta-

220 5675 458 5738 cettcbiio
516 5683 803 5738 codicum
853 5687 1191 5736 tiostrnrnm,
1252 5675 1513 5733 Mazariui
1569 5678 1805 5741 scilicet,

217 5752 348 5812 Med"
384 5754 519 5810 Fuk.
545 5770 621 5807 ac
644 5746 965 5811 Saviliani,
1000 5745 1134 5816 μετὰ
1156 5741 1424 5802 πλείστων
1456 5745 1663 5819 ἀνδρῶν
1695 5750 1808 5810 τοῖς

218 5825 351 5882 αὐτοῦ
367 5828 550 5899 λόγοις
560 5819 878 5892 ἑλχθῆναιο

543 5918 865 5979 Parnm“
900 5906 1021 5966 Gtt.
1068 5905 1199 5969 XX.

1930 4606 2083 4676 perio
2100 4602 2411 4674 gubernari.
2433 4600 2536 4669 Qui
2569 4616 2693 4658 cum
2725 4616 2756 4655 a
2781 4600 3031 4670 Philippo
3055 4599 3269 4655 caelesti
3299 4601 3509 4656 visione

1931 4696 2208 4751 admonito
2234 4695 2442 4766 primus
2471 4708 2540 4748 ex
2567 4693 2824 4764 gentibus
2861 4692 3025 4746 divini
3055 4690 3217 4747 Verbi
3246 4692 3505 4764 mysteria

1927 4783 2263 4854 percepisset
2289 4822 2308 4850 ,
2339 4781 2505 4837 totius
2533 4781 2685 4838 orbis
2729 4781 2964 4837 ﬁdelium
2999 4781 3253 4851 primitiae
3282 4781 3459 4837 factus
3488 4799 3504 4847 ;

1928 4874 2054 4929 inde
2083 4874 2137 4927 in
2164 4873 2396 4944 patriam
2434 4887 2711 4936 reversus,
2746 4872 2842 4928 Dei
2881 4871 3134 4926 notitiam
3165 4881 3220 4926 et
3247 4872 3507 4930 Servato-

1926 4967 2004 5021 ris
2031 4966 2200 5020 nostri
2228 4965 2522 5021 salutarem
2552 4964 2605 5018 in
2634 4974 2812 5018 terras
2832 4962 3118 5016 adventum
3137 4963 3346 5030 primus
3370 4972 3505 5033 prae-

1926 5057 2140 5111 dicasse
2185 5054 2382 5110 fertur.
2418 5054 2596 5126 Atque
2628 5054 2702 5106 ita
2732 5067 2830 5122 per
2877 5052 3054 5121 ipsum
3110 5053 3381 5121 completa
3415 5062 3503 5110 est

1921 5147 2203 5219 propheta
2233 5146 2513 5217 praedictio
2561 5158 2684 5213 quae
2735 5143 2816 5197 sic
2860 5142 3024 5198 habet
3074 5159 3088 5198 :
3150 5162 3170 5196 ι
3215 5144 3496 5213 A‘thiopia

1918 5236 2219 5308 praeveniet
2254 5251 2474 5291 manum
2498 5235 2615 5306 ejus
2642 5234 2751 5288 Deo
2777 5234 2848 5286 ³⁷.
2880 5250 2899 5285 ι
2939 5233 3153 5287 Interea
3166 5236 3500 5301 Paulus,vas

1919 5328 2054 5383 illud
2081 5327 2364 5383 electionis
2388 5366 2405 5391 ,
2441 5341 2548 5381 non
2576 5341 2643 5381 ex
2693 5324 3003 5380 hominibus
3049 5338 3151 5377 nec
3194 5337 3291 5393 per
3324 5324 3500 5378 homi-

1921 5434 2018 5474 nes
2044 5459 2061 5488 ,
2093 5421 2189 5475 sed
2220 5433 2317 5488 per
2350 5417 2738 5473 revelationem
2766 5416 2895 5486 Jesu
2927 5413 3150 5480 Christi,
3185 5423 3239 5468 et
3272 5413 3369 5469 Dei
3398 5414 3498 5470 Pa-

1988 5601 2722 5677 (91)*οποῐξοίμτινέις-ετεν.
2762 5602 3010 5677 Quatuor
3038 5603 3210 5677 nostri
3254 5602 3493 5669 codices,

1918 5666 2246 5742 Ma‘zarinus,
2276 5673 2443 5742 Mem,
2472 5666 2607 5725 Fuk.
2660 5687 2725 5726 ac
2760 5666 2929 5726 S'avil.
2984 5672 3246 5742 scriptum
3290 5666 3499 5731 habent

1921 5744 2097 5799 ὁποῖοί
2126 5738 2269 5807 τινες
2316 5738 2477 5814 ἦσαν,
2510 5742 2653 5811 quod
2681 5743 2881 5814 rectius
2912 5738 3145 5814 videtur.
3202 5745 3292 5801 Sic
3346 5761 3492 5804 enim

1886 5889 1893 5895 ,
1924 5817 2080 5883 paulo
2097 5827 2218 5885 post
2238 5807 2388 5881 dicit,
2413 5807 2825 5883 καταφωραθεὶς
2853 5811 2923 5894 ὃς,
2941 5807 3029 5885 ἦν.

3085 5905 3124 5966 5

3520 5519 3547 5545 4
