3894 6476
466 344 576 404 155

1171 337 1448 398 EUSEBII
1484 333 1969 394 CESARIENSIS
2006 335 2156 392 OPP.
2196 334 2377 391 PARS
2412 333 2455 390 1.
2497 367 2565 380 -
2603 333 2993 391 lliS‘l‘ORlCA.

3617 338 3722 395 156

464 470 633 541 iyma,
676 463 996 522 circumfusi
1051 461 1351 518 inclamare
1382 470 1642 515 adversus
1689 474 1814 516 eum
1856 472 2043 528 cmpe-

2166 458 2287 527 ξίφει
2328 456 2425 530 μὲν
2454 455 2757 529 χρήσασθαι
2788 455 3056 521 κωλύσας,
3087 452 3261 520 ξύλοις
3288 456 3346 509 δὲ
3378 457 3558 510 παίειν
3595 460 3722 525 τοὺς

470 573 620 618 runt.
650 560 718 615 At
743 560 834 614 ille
858 556 1208 628 (praeviderat
1231 554 1374 609 enim
1401 552 1689 606 tumultum
1716 551 1928 606 illorum
1958 550 2042 605 fu-

463 662 651 710 turum
680 671 694 707 :
720 660 885 720 atque
909 648 1115 704 idcirco
1138 654 1377 699 armatos
1402 643 1600 698 milites
1623 641 1836 713 plebeio
1856 642 2044 697 habitu

468 742 804 799 multitudini
836 739 1230 797 immiscuerat,
1279 734 1407 787 dato
1437 733 1517 787 eis
1556 740 1828 802 pracepto
1863 742 1924 785 ut
1956 740 2042 785 tu-

472 836 806 888 multuantes
867 844 974 883 non
1025 827 1216 898 gladiis
1266 827 1361 879 sed
1398 822 1634 878 fustibus
1687 820 1938 892 ferirent)
1969 821 2046 876 si-

470 942 637 1000 gnum
669 940 699 979 e
723 922 973 978 tribunali
1006 920 1173 973 dedit.
1195 917 1502 986 Statimque
1523 916 1695 971 Judaei
1724 932 1751 969 a
1782 915 2044 970 militibus

470 1020 623 1084 caesi,
663 1017 855 1086 partim
881 1011 1218 1075 vulneribus,
1256 1009 1453 1077 partim
1489 1007 1809 1078 fugientium
1842 1007 2045 1062 consti-

471 1113 689 1181 patione
722 1106 905 1162 obtriti
939 1105 1172 1173 periere.
1203 1101 1281 1155 lta
1311 1100 1483 1171 plebs,
1515 1106 1921 1167 peremptorum
1947 1113 2039 1153 ca-

474 1202 718 1257 lamitate
771 1196 1056 1258 deterrita,
1098 1193 1430 1249 clamoribus
1476 1189 1760 1245 abstinuit.
1789 1207 1808 1240 »
1844 1187 1951 1244 Sed
1988 1196 2044 1243 et

472 1295 675 1350 multos
701 1290 837 1344 alios
868 1296 1048 1343 motus
1081 1288 1134 1342 in
1169 1286 1355 1341 eadem
1388 1281 1885 1351 Hierosolymorum
1909 1280 2046 1336 civi-

475 1396 584 1443 tate.
615 1385 915 1441 concitatos
946 1380 1085 1435 idem
1116 1377 1285 1433 refert
1320 1376 1576 1446 scriptor,
1607 1375 1958 1443 ostenditque
1981 1374 2049 1427 ab

473 1476 569 1531 illo
598 1475 856 1542 deinceps
883 1479 1129 1540 tempore
1154 1476 1209 1521 et
1231 1467 1419 1520 urbem
1445 1477 1498 1518 et
1533 1463 1846 1518 universam
1889 1462 2049 1516 simul

472 1566 713 1622 Judaiam
745 1560 1122 1625 seditionibus,
1168 1558 1345 1622 bellis,
1383 1556 1747 1625 {erumnisque
1774 1553 2050 1608 continuis

474 1655 716 1711 vicissim
761 1652 864 1707 sibi
922 1648 1345 1705 succedentibus
1395 1654 1650 1699 vexatam
1703 1642 1894 1709 fuisse,
1938 1640 2050 1714 46

2147 547 2487 620 κεκραγότας
2521 546 2983 617 ἐγκελευσάμενος
3005 587 3020 612 ,
3067 545 3313 617 σύνθημα
3355 547 3568 601 δίδωσιν
3615 550 3725 603 ἀπὸ

2145 636 2242 691 τοῦ
2269 637 2528 708 βήματος.
2567 637 2907 707 Τυπτόμενοι
2938 636 2992 689 δὲ
3028 637 3077 691 οἱ
3119 637 3380 703 Ἰουδαῖοι,
3414 637 3599 693 πολλοὶ
3626 640 3725 711 μὲν

2147 729 2256 783 ἀπὸ
2305 729 2414 782 τῶν
2451 727 2695 799 πληγῶν,
2739 727 2922 781 πολλοὶ
2952 728 3008 781 δὲ
3045 728 3151 781 ὑπὸ
3178 728 3327 797 σφῶν
3356 729 3535 784 αὐτῶν
3569 731 3627 783 ὲν
3655 734 3723 804 τῇ

2149 822 2294 890 φυγῇ
2329 819 2807 890 καταπατηθέντες
2853 819 3150 873 ἀπώλοντοο
3192 822 3327 892 πρὸς
3360 822 3417 875 δὲ
3445 822 3546 893 τὴν
3588 840 3727 894 συμ-

2152 912 2323 984 φορὰν
2342 911 2449 964 τῶν
2475 912 2832 983 ἀνῃρημένων
2857 911 3207 980 καταπλαγὲν
3230 911 3291 965 τὸ
3315 912 3538 983 πλῆθος,
3571 912 3729 966 ὲσιὼ-

2152 1020 2345 1072 πηοεν.
2374 1023 2392 1057 ι
2442 1005 2564 1057 Ἐπὶ
2586 1004 2796 1067 τούτοις
2830 1005 3027 1075 μυρίας
3061 1004 3224 1067 ἄλλας
3256 1006 3313 1057 ὲν
3340 1006 3520 1069 αὐτοῖς
3565 1006 3728 1078 Ἰερο-

2154 1092 2406 1163 σολύμοις
2452 1093 2769 1164 κεκινῆσθαι
2813 1096 3230 1165 νεωτεροποιῖας
3260 1096 3289 1147 ό
3323 1095 3483 1158 αὐτὸς
3530 1096 3730 1165 ἐμφαί-

2149 1202 2251 1249 νει,
2284 1185 2577 1258 παριστὰς,
2613 1186 2689 1250 ὼς
2722 1186 2972 1257 οὐδαμῶς
3017 1186 3075 1252 ἐξ
3108 1186 3315 1239 ἐκείνου
3357 1186 3592 1240 διέλιπον
3630 1187 3730 1257 τήν

2147 1293 2206 1330 τε
2232 1277 2384 1331 πόλιν
2405 1278 2499 1331 καὶ
2526 1276 2624 1349 τὴν
2663 1277 2919 1331 Ἰουδαίαν
2950 1277 3167 1331 ἃπασαν
3200 1277 3416 1342 στάσεις
3445 1278 3539 1332 κεῖ
3570 1277 3730 1331 πόλε-

2151 1385 2261 1434 μοι,
2296 1369 2391 1423 καὶ
2428 1368 2614 1421 κακῶν
2646 1368 2935 1438 ἐπάλληλοι
2988 1370 3226 1439 μηχαναὶ
3256 1367 3400 1439 (24),
3453 1367 3632 1422 εἰσότε
3668 1368 3734 1423 τὸ

2150 1459 2494 1514 πανύστατον
2539 1461 2571 1530 ἡ
2616 1460 2759 1513 κατὰ
2809 1462 3215 1514 Οὐεσπασιανὸν
3255 1461 3450 1524 αὐτοὺς
3495 1459 3731 1530 μετῆλθε

2148 1550 2454 1622 πολιορκία.
2501 1552 2786 1617 Ἰουδαίους
2819 1553 2917 1623 μὲν
2947 1549 3060 1617 οὖν,
3090 1546 3164 1606 ὢν
3187 1552 3327 1607 κατὰ
3363 1551 3459 1606 τοῦ
3493 1551 3733 1624 Χριστοῦ

2147 1642 2536 1715 τετολμήκασι,
2568 1644 2741 1717 ταύτῃ
2765 1662 2841 1715 πη
2866 1645 2933 1698 τὰ
2957 1645 3022 1697 ὲκ
3045 1646 3142 1716 τῆς
3170 1644 3318 1708 θείας
3344 1643 3533 1715 μετῄει
3552 1644 3731 1716 δίκης.

473 1751 647 1806 donec
686 1748 870 1803 ultima
906 1746 1024 1801 illos
1062 1746 1363 1814 imperante
1414 1739 1743 1809 Vespasiano
1776 1738 1964 1794 clades
2018 1740 2313 1795 obsidionis
2364 1741 2652 1810 oppressit.
2707 1741 2819 1796 lloe
2866 1741 3033 1812 igitur
3081 1741 3239 1795 modo
3282 1743 3466 1795 divina
3516 1740 3733 1810 justitia

472 1844 690 1903 Judteos
712 1842 781 1898 ob
803 1841 1153 1896 commissum
1181 1840 1440 1893 adversus
1466 1836 1742 1892 Christum
1775 1834 2046 1906 piaculum
2072 1834 2320 1891 insecuta
2358 1845 2461 1891 est.

1083 1931 1310 1987 CAPUT
1350 1931 1460 1988 Vll.

575 2069 819 2136 Qualiter
847 2065 1055 2121 Pilatus
1082 2065 1335 2120 violentas
1361 2065 1459 2119 sibi
1488 2082 1674 2120 manus
1697 2065 1952 2120 intulerit.

546 2181 731 2250 Neque
760 2196 888 2235 vero
923 2179 1050 2233 illud
1087 2178 1524 2249 praetereundum
1566 2189 1668 2244 est,
1701 2178 1931 2234 Pilatum
1972 2179 2050 2249 ip-

474 2290 596 2330 sum
623 2273 714 2343 qui
750 2272 1096 2327 Servatorem
1132 2281 1376 2327 nostrum
1432 2272 1591 2325 morti
1638 2272 1868 2336 addixit,
1905 2282 2054 2341 post-

479 2365 694 2420 modum
726 2363 1031 2432 imperante
1058 2361 1210 2427 Caio,
1246 2362 1398 2431 cujus
1427 2378 1573 2419 nunc
1597 2373 1842 2433 tempora
1868 2379 2054 2435 prose-

476 2460 721 2527 quimur,
748 2460 802 2513 in
838 2467 1018 2512 tantas
1043 2457 1303 2513 incidisse
1346 2458 1704 2524 calamitates,
1721 2438 1797 2511 out
1824 2470 2052 2512 mortem

475 2551 581 2605 sibi
611 2550 978 2613 consciscere,
1008 2563 1339 2619 suorumque
1398 2551 1513 2619 ipse
1553 2548 1823 2605 scelerum
1852 2549 2051 2603 vindex

477 2656 604 2697 esse
637 2652 863 2697 coactus
892 2642 1055 2699 fuerit
1080 2661 1094 2697 :
1122 2643 1306 2697 divina
1331 2642 1539 2697 scilicet
1563 2641 1773 2710 justitia
1793 2642 1849 2695 in
1878 2640 2053 2707 illum,

480 2743 541 2788 ιιι
565 2749 662 2803 par
681 2744 822 2802 erat,
857 2735 1133 2791 saeviente.
1179 2733 1347 2805 quue
1394 2748 1424 2786 a
1454 2732 1661 2788 Graecis
1698 2731 2056 2802 scriptoribus

477 2827 753 2898 proditum
800 2835 903 2893 est,
934 2829 1026 2897 qui
1058 2826 1422 2900 olympiadum
1470 2826 1668 2882 seriem
1702 2835 1757 2879 et
1785 2840 1904 2895 qua:
1933 2823 2057 2894 qui-

481 2918 691 2990 busque
725 2920 1064 2990 temporibus
1094 2930 1247 2989 gesta
1275 2928 1423 2981 sunt,
1455 2917 1856 2987 conscripsere.

1059 3008 1287 3067 CAPUT
1328 3007 1461 3065 Vill.

642 3146 717 3201 De
748 3145 889 3215 fame
916 3162 1035 3215 qua:
1064 3145 1290 3200 Claudio
1319 3146 1610 3215 imperante
1642 3143 1855 3198 accidit.

551 3257 764 3313 interea
814 3257 975 3322 Caio,
1002 3256 1094 3326 qui
1135 3257 1226 3311 vix
1277 3263 1511 3327 quatuor
1564 3256 1721 3311 annis
1760 3255 2055 3326 imperium

482 3356 754 3414 tenuerat,
784 3348 1047 3405 Claudius
1089 3349 1387 3418 imperator
1415 3349 1680 3402 succedit.
1715 3347 1883 3419 Cujus
1918 3356 2058 3402 tem-

478 3441 702 3511 poribus
751 3443 1065 3496 universum
1117 3456 1284 3509 prope
1334 3441 1523 3495 orbem
1576 3449 1845 3494 terrarum
1884 3440 2056 3495 fames

477 3532 939 3601 oppressit,quam
962 3532 1181 3601 quidem
1203 3533 1541 3600 seriptoresa
1576 3542 1764 3587 nostra
1800 3532 2061 3601 religione

481 3623 807 3679 alienissimi
834 3624 888 3678 in
913 3624 1031 3677 suis
1062 3625 1227 3679 etiam
1261 3625 1506 3680 historiis
1537 3632 2059 3679 commemorarunt.

482 3718 662 3787 Atque
689 3717 762 3771 ita
805 3717 972 3785 Agabi
1007 3718 1283 3787 propheta:
1330 3716 1611 3786 pra-dictio
1642 3716 1708 3769 de
1742 3714 2063 3769 imminente

483 3809 651 3874 fame,
688 3808 845 3876 cujus
869 3810 922 3862 in
952 3809 1180 3863 Actibus
1207 3807 1573 3877 apostolorum
1600 3805 1658 3860 fit
1692 3806 1918 3870 mentio,
1948 3805 2063 3858 exi-

487 3910 601 3954 tum
628 3902 821 3955 sortita
854 3912 957 3956 est.
984 3903 1253 3956 Caeterum
1287 3900 1465 3956 Lucas
1499 3910 1784 3970 postquam
1816 3900 1883 3954 de
1923 3898 2065 3954 fame

489 3993 578 4048 illa
601 4009 721 4062 quae
744 3994 1050 4064 principatu
1084 3994 1292 4050 Claudii
1318 3994 1548 4062 Augusti
1569 3994 1801 4062 contigit
1822 3992 2066 4045 narravit

488 4086 543 4141 in
575 4086 823 4151 Actibus,
862 4085 1170 4154 fratresque
1210 4084 1514 4140 Antiochiae
1578 4086 1840 4155 degentes
1870 4084 2065 4152 stipem

488 4178 696 4233 viritim
729 4178 980 4233 collatam
1016 4178 1344 4234 Christianis
1378 4177 1430 4231 in
1466 4175 1650 4231 Judma
1676 4175 2070 4231 commoranti-

487 4269 591 4326 bus
627 4287 727 4342 per
764 4270 987 4325 Paulum
1022 4280 1077 4325 et
1114 4269 1420 4325 Barnabam
1469 4268 1687 4324 misisse
1718 4266 1923 4332 retulit,
1949 4265 2068 4322 haec

488 4362 743 4434 deinceps
774 4361 1019 4432 adjungit
1057 4375 1071 4411 ι

2683 1932 3083 1986 ΚΕΦΑΛᾹΙΟΝ
3134 1936 3206 1989 Ζ’.

2165 2023 2259 2089 Ὡς
2286 2022 2385 2076 καὶ
2415 2022 2671 2096 Πιλᾶτος
2713 2022 2932 2096 ἐᾳυτὸν
2984 2022 3343 2094 διεχρήσατο
3378 2023 3515 2096 (Nic.
3560 2024 3632 2082 11.
3662 2024 3735 2081 Ε.

2528 2109 2587 2159 ιι,
2617 2094 2714 2158 l0;
2748 2092 2860 2147 Jos.
2892 2095 3014 2147 Aut.
3040 2092 3192 2159 nni,
3223 2096 3336 2161 ll).

2223 2185 2338 2238 Ούκ
2391 2184 2605 2253 ἀγνοεῖν
2635 2185 2692 2239 δὲ
2726 2186 2897 2252 άξιον,
2926 2186 3000 2250 ὼς
3045 2188 3137 2240 καὶ
3185 2188 3344 2241 αὑτὸν
3391 2189 3599 2242 ἐκεῖνος·
3645 2189 3740 2244 τὸν

2153 2277 2245 2329 ἐπὶ
2266 2277 2360 2329 τοῦ
2393 2277 2646 2348 Σωτῆρος
2674 2278 2925 2341 Πιλάτον,
2961 2277 3105 2331 κατὰ
3135 2278 3316 2343 Γάϊον,
3358 2275 3420 2331 οὗ
3450 2280 3579 2343 τοὺς
3613 2281 3742 2352 χρό-

2153 2384 2278 2431 νους
2310 2366 2569 2438 διέξιμεν,
2622 2366 2911 2432 τοσαύταις
2955 2372 3271 2439 περιπεσεῖν
3316 2369 3536 2440 κατέχει
3582 2369 3743 2439 λόγος

2156 2463 2482 2532 συμφοραῖς,
2515 2461 2591 2524 ὡς
2621 2461 2681 2526 ἐξ
2701 2462 2942 2532 ἀνάγκης
2976 2462 3085 2533 (25)
3112 2464 3373 2535 φονευτὴν
3402 2462 3598 2517 ἑαυτοῦ
3645 2466 3742 2517 καὶ

2153 2554 2395 2626 τιμωρὸν
2439 2554 2734 2625 αὐτόχειρα
2776 2554 3049 2623 γενέσθαι,
3092 2556 3190 2627 τῆς
3240 2555 3409 2621 Θείας,
3438 2557 3516 2620 ὼς
3571 2557 3739 2620 ἔοικε,

2156 2646 2312 2718 δίκης
2344 2647 2444 2699 οὑκ
2467 2648 2547 2710 είς
2584 2646 2801 2720 μακρὰν
2834 2647 2997 2700 αὑτὸν
3042 2649 3425 2721 μετελθούσης.
3473 2651 3743 2721 ’ἱστοροῦ-

2157 2755 2242 2792 σιν
2284 2738 2550 2810 Ἑλλήνων
2595 2741 2643 2791 οἱ
2698 2738 2798 2803 τάς
2856 2739 3221 2811 Ὀλυμπιάδας
3269 2740 3385 2813 ἃμα
3426 2743 3542 2804 τοῖς
3600 2740 3747 2795 λατὰ

2156 2829 2384 2902 χρόνους
2412 2828 2825 2901 πεπραγμένοις
2859 2829 3295 2901 ἀναγράψαντες.

2683 3005 3077 3060 ΚΕΦΑΛΑΙΟΝ
3127 3006 3207 3058 H'.

2159 3099 2427 3170 Περὶτοῦ
2471 3098 2621 3153 κατὰ
2642 3099 2945 3220 Κῆαιέἳιον
2976 3096 3315 3234 ἧενῗὲιξνου
3374 3096 3557 3166 λιμοῦ
3602 3096 3744 3169 (Nic.

2742 3210 2755 3224 .
2838 3209 2850 3221 .
2885 3183 2941 3231 ιι,
3049 3208 3063 3229 .
3204 3208 3215 3220 .

2742 3210 2755 3224 .
2786 3183 2850 3221 ιι.
2885 3183 2941 3231 ιι,
2976 3183 3063 3229 n.
3096 3183 3215 3231 ιτ).

2240 3262 2399 3316 Ἀλλὰ
2434 3263 2544 3333 γάρ
2573 3263 2732 3317 Γάϊον
2756 3262 2863 3315 οὐδ’
2897 3261 3037 3325 ὅλοις
3063 3261 3316 3333 τέταρσιν
3343 3261 3486 3314 ἔτεσι
3513 3260 3614 3332 τὴν
3646 3262 3748 3332 ἀρα

2165 3353 2267 3426 χὴν
2299 3354 2641 3423 κατασχόντα
2683 3355 2821 3427 (Ξϐ),
2870 3354 3136 3417 Κλαύδιος
3180 3352 3539 3425 αὐτοκράτωρ
3568 3352 3746 3405 διαδέ-

2164 3464 2335 3517 χεται.
2369 3447 2504 3499 Καθ’
2526 3446 2584 3499 ὃν
2609 3446 2768 3518 λιμοῦ
2797 3446 2895 3518 τὴν
2921 3446 3242 3516 οἰκουμένην
3260 3444 3545 3508 πιέσαντος
3570 3444 3750 3515 (τοῦτο

2164 3538 2221 3591 δὲ
2247 3539 2341 3592 καὶ
2390 3540 2439 3591 οῖ
2478 3538 2666 3610 πόρρω
2715 3538 2810 3592 τοῦ
2858 3538 2979 3592 καθ’
3015 3539 3161 3609 ἡμᾶς
3213 3537 3376 3606 λόγου
3406 3540 3749 3608 συγγραφεῖς

2162 3635 2287 3695 ταῖς.
2329 3632 2505 3684 αὐτῶν
2540 3631 2800 3701 ἱστορίαις
2838 3631 3185 3703 παρέδοσαν),
3222 3632 3254 3701 ἡ
3294 3632 3433 3685 κατὰ
3465 3631 3566 3696 τὰς
3598 3631 3749 3704 Πρά-

2168 3722 2279 3787 ξεις
2301 3723 2407 3775 τῶν
2433 3723 2745 3776 ἀποστόλων
2783 3724 3011 3792 Ἀγάϐου
3039 3723 3317 3793 προφήτου
3344 3724 3474 3795 περὶ
3498 3724 3595 3776 τοῦ
3624 3724 3751 3795 μὲλ-

2167 3810 2279 3864 λειν
2313 3812 2529 3864 ἔσεσθαι
2567 3810 2724 3883 λιμὸν
2753 3814 2839 3881 ἐφ’
2872 3812 3000 3884 ὃλην
3045 3810 3141 3882 τὴν
3181 3812 3527 3884 οἰκουμένην,
3577 3814 3750 3885 πέρας

2169 3902 2441 3975 ἐλάμϐανε
2476 3904 2799 3977 πρόρρησις.
2844 3905 2946 3958 Τὸν
2993 3905 3049 3957 δὲ
3092 3904 3235 3958 κατὰ
3275 3904 3545 3958 Κλαύδιον
3595 3906 3752 3976 λιμὸν

2169 3997 2646 4068 ἐπισημηνάμενος
2676 3999 2735 4049 ἐν
2760 3999 2879 4060 ταῖς
2909 3995 3176 4067 Πράξεσιν
3208 3996 3236 4048 ὁ
3270 3997 3503 4061 Λουκᾶς,
3533 3998 3752 4069 ἱστορή-

2172 4106 2271 4152 σας
2304 4106 2382 4152 τε,
2414 4088 2488 4152 ὼς
2520 4089 2627 4162 ἄρα
2658 4088 2747 4142 διὰ
2799 4088 3011 4142 Παύλου
3055 4090 3147 4143 καὶ
3204 4089 3458 4159 Βαρνάὸα
3505 4090 3555 4141 οί
3610 4089 3751 4142 κατὰ

2184 4179 2516 4250 Ἀντιόχειαν
2555 4180 2774 4249 ἀδελφοὶ
2819 4183 2931 4243 τοίς
2964 4180 3103 4233 κατὰ
3152 4180 3249 4251 τὴν
3287 4180 3550 4233 Ἰουδαίαν
3585 4181 3643 4247 ἐξ
3676 4173 3757 4233 ὧν

2171 4269 2396 4335 ἕκαστος
2422 4272 2648 4346 ηὐπόρει
2685 4271 3117 4343 διαπεμψάμενοι
3143 4267 3305 4343 ἦσαν,
3360 4271 3615 4342 ἐπιφέρει
3664 4269 3754 4324 λὲς

2170 4379 2300 4431 γων·

560 4458 674 4541 (ει)
700 4458 911 4541 Καξιῶν
934 4458 1572 4581 ἐςπάλλῃλοέἕηχᾳναί.
1598 4455 1656 4511 ιιι
1687 4457 1871 4511 codice
1900 4457 2059 4526 Regio

560 4542 753 4581 notum
785 4545 963 4581 IIWCIII
1008 4545 1196 4581 κακων
1224 4530 1258 4581 ἀ
1324 4528 1612 4581 επάλληλοι
1650 4526 1906 4581 μηγαναί.
1938 4528 2059 4581 Ome

2176 4475 2355 4515 mores
2378 4462 2593 4530 egregie
2622 4462 2883 4518 describit
2909 4459 3148 4525 Agrippa
3180 4468 3274 4507 rex
3300 4451 3439 4519 apud
3466 4448 3754 4503 Philonem

2168 4537 2221 4581 in
2254 4530 2533 4581 Leaatione
2556 4533 2624 4581 ad
2652 4532 2841 4581 Caium
2867 4551 2885 4581 :
2912 4527 3020 4581 Ἦν
3044 4528 3151 4581 γὰρ
3178 4524 3275 4581 τὴν
3295 4522 3456 4581 φύσιν
3489 4519 3754 4581 ὰκαμπὴς

489 4526 753 4598 scriptum
785 4530 963 4583 inveni
1008 4528 1196 4598 κακῶν
1224 4526 1612 4598 ἀλλεπάλληλοι
1649 4526 1906 4598 μηχαναί.
1938 4528 2068 4592 Quze

490 4597 767 4667 scriptura
823 4598 1099 4653 nonnullis
1155 4597 1390 4653 fortasse
1452 4597 1720 4667 placitura
1773 4609 1878 4652 est.
1937 4599 2066 4650 Eam

496 4678 676 4725 tamen
725 4684 914 4723 vocem
962 4667 1089 4722 alibi
1138 4668 1315 4737 legere
1361 4683 1466 4721 non
1507 4667 1758 4737 meinini;
1814 4683 1912 4722 nec
1951 4670 2069 4721 scio

494 4749 681 4793 utrum
736 4740 924 4794 Graece
970 4738 1077 4793 dici
1134 4736 1307 4808 pessit
1341 4736 1730 4807 άλλεπάλληλοι
1775 4753 1875 4807 pro
1911 4737 2068 4791 ἄλλαι

493 4808 816 4873 ἐπ’άλλαις.
875 4810 1208 4878 Nicephorus
1267 4824 1398 4863 vero
1447 4824 1544 4876 pro
1601 4808 2070 4878 illislﬂusebianis

495 4894 615 4948 qua:
643 4881 795 4934 initio
824 4877 1123 4949 posuimus,
1153 4879 1340 4932 maluit
1370 4879 1549 4933 dicere
1582 4877 1872 4948 ἐπάλληλοι
1899 4895 2068 5001 προσ-

497 4950 648 5001 ϐολαί
670 4993 685 5001 -
734 4951 876 5001 uuod
934 4950 1123 5001 scholii
1158 4951 1329 5001 instar
1363 4965 1483 5001 esse
1515 4957 1693 5001 potest
1731 4951 1799 5001 ad
1834 4965 1937 5001 exn
1962 4950 2068 5001 ica-

497 4950 648 5005 δολαί
670 4993 685 5018 ,
734 4951 876 5018 quod
934 4950 1123 5004 scholii
1158 4951 1329 5004 instar
1363 4965 1483 5005 esse
1512 4957 1693 5019 potest
1731 4951 1799 5004 ad
1834 4950 2071 5017 explica-

498 5024 699 5077 tionem
733 5023 1022 5075 verborum
1056 5019 1296 5074 Eusebii.

568 5090 681 5162 (25)
728 5092 823 5157 Ὠς
876 5090 947 5153 ἐξ
972 5089 1259 5160 ἀνάγκης.
1318 5090 1373 5145 Id
1411 5099 1488 5146 est
1524 5106 1631 5158 pra:
1688 5089 2068 5156 desperatione.

498 5163 685 5219 Potest
713 5165 878 5215 etiam
913 5162 1049 5213 alius
1071 5175 1194 5214 esse
1222 5177 1414 5216 sensus
1442 5163 1639 5215 horum
1669 5164 1975 5218 verborum.
2013 5171 2071 5213 ut

498 5234 703 5290 scilicet
743 5232 948 5286 Pilatus
972 5229 1127 5297 jussu
1167 5232 1427 5300 principis
1460 5230 1562 5285 sibi
1602 5239 1832 5284 mortem
1861 5232 2072 5283 consci-

499 5306 659 5358 verit.
698 5302 787 5357 Sic
820 5303 964 5357 enim
990 5302 1181 5355 saevire
1210 5311 1335 5355 tunc
1384 5302 1630 5357 solebant
1660 5300 1929 5369 principes
1965 5300 2073 5353 P.0-

504 5374 673 5438 mani,
711 5384 769 5427 ut
802 5375 868 5428 de
909 5371 1162 5425 Macrone
1206 5372 1370 5427 tradit
1418 5370 1704 5441 Josephus.
1762 5370 1867 5423 Sed
1926 5371 2073 5440 prior

503 5445 798 5510 explicatio
834 5441 1171 5512 prmlerenda
1202 5451 1308 5512 est,
1342 5445 1538 5512 quippe
1576 5441 2074 5512 qua:__praecedenti-

506 5509 610 5568 bus
655 5509 869 5567 Eusebii
921 5513 1101 5565 verbis
1140 5511 1313 5580 magis
1360 5509 1634 5581 congruit.
1695 5509 1761 5563 Et
1810 5520 2071 5577 praetcrea

506 5583 858 5637 c0nlirmatur
883 5598 947 5637 ex
977 5582 1257 5634 Chronico.
1288 5581 1381 5636 Sic
1415 5585 1559 5636 enim
1594 5581 1665 5635 ibi
1692 5580 1880 5634 scribit
1912 5596 1927 5631 :
1964 5582 2076 5633 An-

509 5668 579 5706 no
614 5652 766 5704 tertio
799 5650 916 5705 Caii
948 5649 1203 5721 Caligula:
1253 5649 1475 5705 Pontius
1506 5650 1736 5713 Pilatus,
1787 5651 1842 5703 in
1880 5651 2072 5721 multas

510 5722 745 5775 incidens
796 5719 1160 5785 calamitates,
1232 5724 1446 5790 propria
1492 5739 1547 5776 se
1597 5737 1757 5790 manu
1790 5719 2069 5790 interﬁcit.

510 5791 760 5847 Scribant
809 5791 1170 5847 Romanorum
1210 5792 1462 5849 historice.
1514 5790 1685 5849 Porro
1722 5789 1881 5846 Pilati
1910 5789 2073 5861 hujus

2168 4537 2221 4587 in
2254 4519 2533 4598 Legatione
2556 4533 2624 4584 ad
2652 4532 2841 4585 Caium
2867 4551 2885 4588 :
2912 4519 3020 4583 Ἦν
3044 4519 3151 4598 γὰρ
3178 4522 3456 4598 τὴν-φύσιν
3489 4519 3756 4598 ᾁκαμπὴς

2170 4602 2264 4657 καὶ
2294 4592 2431 4671 μετὰ
2476 4601 2570 4654 τοῦ
2613 4601 2879 4665 αὐθάδους
2912 4592 3247 4671 ἀμείλικτος.
3283 4594 3347 4671 l‘jt
3377 4592 3539 4671 paulo
3578 4600 3715 4671 post_
3737 4609 3752 4644 :

2170 4664 2579 4743 Καταδείσαντα
2636 4674 2708 4743 μὴ
2740 4673 2835 4743 καὶ
2864 4664 2867 4665 ⁷
2893 4664 2992 4743 τῆς
3042 4667 3208 4743 ἄλλης
3227 4664 3404 4743 ⁸αὑτοῦ
3448 4664 3757 4743 ἐπιτροπῆς

2170 4742 2487 4814 ἐξελέγξωσι
2517 4732 3001 4814 τὰς’δωρ-οδοκίας,
3037 4732 3390 4814 τὰςῦδρεις,
3444 4732 3545 4814 τὰς
3579 4733 3757 4814 ἅρπας

2168 4802 2290 4883 γᾶς,
2330 4802 2432 4883 τάς
2480 4802 2681 4875 αἰκίας,
2720 4802 2827 4883 τὰς
2853 4802 3135 4883 ἐπηρείας,
3176 4802 3302 4883 rei};
3336 4802 3756 4883 ’ἀκρίιτουςικαὶ

2170 4872 2505 4953 ἐπαλλήλους
2527 4872 2739 4951 φόνούς,
2780 4872 2881 4953 τὴν
2906 4872 3164 4953 άνῆνυτον
3206 4875 3299 4929 καὶ
3326 4872 3755 4953 ἀργαλεωτάτην

2169 4946 2429 5025 ὠμότητα
2475 4946 2854 5025 διεξελθόντες.
2911 4946 3005 5004 Εί
3029 4948 3224 5017 quibus
3256 4946 3507 5025 cogito-sci
3547 4953 3753 5025 potest,

2171 5012 2373 5094 quanta
2407 5012 2916 5094 fueritvinimattitas
2946 5012 3109 5094 atque
3130 5015 3399 5094 atrocitas
3422 5013 3604 5094 Pilati.
3658 5012 3757 5094 list.

2172 5081 2276 5149 lioc
2301 5102 2452 5147 certe
2483 5092 2692 5147 illustre
2718 5081 3085 5144 testimonium
3117 5086 3387 5155 Agrippae,
3424 5084 3514 5151 qui
3546 5081 3753 5155 flagitia

2173 5166 2346 5235 ipsius
2374 5162 2532 5217 Pilati
2556 5163 2727 5235 oculis
2754 5162 2873 5235 suis
2884 5151 3263 5235 spectaverat.
3291 5151 3475 5235 Talem
3506 5153 3758 5235 profecto

2172 5222 2354 5289 decuit
2398 5247 2520 5288 esse
2571 5232 2804 5301 indicem
2860 5222 3046 5301 illum,»
3098 5242 3129 5281 a
3179 5239 3285 5294 quo
3331 5222 3757 5301 .damnatus‘est

2172 5305 2438 5359 Christus.
2488 5289 2667 5356 lniiuit
2708 5308 2888 5353 autem
2942 5289 3138 5352 ibidem
3192 5289 3282 5349 rex
3318 5292 3584 5362 Agrippa,
3616 5289 3753 5362 Pila-

2175 5385 2286 5429 tum
2317 5371 2432 5443 jam
2471 5384 2577 5443 tum
2608 5380 2878 5443 mortuum
2902 5367 3100 5443 fuisse,
3141 5381 3270 5443 cum
3309 5359 3429 5443 ipse
3457 5359 3755 5443 epistolam

2174 5432 2452 5511 illam'pro
2480 5441 2680 5497 Judteis
2724 5440 2791 5511 ad
2823 5439 3012 5495 Caium
3044 5438 3335 5511 scriberet.
3390 5432 3570 5487 Verba
3606 5435 3751 5511 enim

2174 5516 2263 5585 illa
2292 5505 2366 5585 ἦν
2391 5512 2502 5584 γὰρ
2549 5509 2832 5585 άκαμπῄλς,
2877 5519 3008 5585 etc"
3045 5506 3259 5562 nonnisi
3289 5507 3357 5560 de
3398 5514 3619 5558 mortuo
3641 5505 3751 5573 jam

2174 5579 2353 5639 Pilato
2377 5579 2481 5636 diei
2508 5579 2673 5651 posse
2697 5579 2824 5633 mihi
2857 5579 3131 5651 videntur.

2246 5652 2369 5736 (ᾓϐλ
2393 5641 2730 5736 Τὴν-’ἀρχὴν
2769 5645 3258 5736 καταᾳζόκταζιιι
3290 5643 3495 5736 Ξιςὶίιιιε
3552 5641 3756 5700 nostris

2177 5715 2738 5793 codicibus'scriptu'm
2769 5719 2948 5776 inveni
2981 5715 3433 5789 διακατασχόντα.
