3894 6484
507 347 615 407 165

1202 345 1479 403 ΕΗΞΕΒΠ
1516 343 1995 413 ΟΕΒΑΒΙΕΝΞΙδ
2029 345 2065 402 0

2169 385 2181 404 .
2217 342 2402 401 PARS
2440 344 2481 401 l.
2519 376 2592 387 —
2628 344 3026 405 HlSTORlCA.

3662 353 3761 410 ιδι

505 476 650 536 rant,
686 466 935 538 dissipati
970 476 1136 522 sunt:
1174 467 1401 537 agedum
1439 466 1507 521 de
1548 464 1653 519 hoc
1699 466 1817 535 ipso
1841 463 2065 535 Iosephi

2173 464 2278 534 φήν
2305 463 2440 535 (58).
2474 464 2700 535 Ἱστορεῖ
2727 464 2906 519 τοίνυν
2932 460 3087 530 αὖθις
3108 465 3247 521 κατὰ
3269 466 3360 521 τὸν
3380 465 3585 539 ἀρτίως
3604 468 3760 540 δεδη-⁹

505 574 721 631 quoque
745 559 1113 616 testiinonium
1138 556 1503 628 proferamus.
1539 555 1639 610 llic
1661 554 1829 625 igitur
1857 556 1912 610 in
1936 555 2076 610 libro

502 654 758 725 superius
803 662 1103 708 memorato
1146 651 1226 706 sic
1272 649 1556 719 loquitur:
1594 668 1613 702 i
1647 648 1817 714 Fado,
1879 648 2072 719 inquit,

576 767 694 838 (38),
720 765 837 835 Τὴν
862 766 992 834 περὶ
1018 764 1230 838 τούτου
1247 762 1646 838 πᾳραθώμεθα-
1660 763 1766 817 τοῦ
1786 761 2073 828 Ἰωσήπου

534 835 759 906 pagatim
786 838 1022 905 Scaliger
1042 838 1092 889 in
1113 836 1201 887 lib.
1220 850 1273 888 vr
1299 835 1373 887 De
1385 835 1747 906 emendatione
1764 842 2071 906 temporum,

534 855 759 906 ραςρην.
786 855 1022 905 Scaliger
1042 855 1092 889 In
1113 855 1201 887 tiu.
1221 855 1272 888 Vl
1299 855 1373 887 ue
1389 855 1747 888 emcnaatione
1764 855 2071 901 temporum,

502 855 794 963 Eusebium
826 907 1060 974 graviter
1097 905 1461 973 reprehendit,
1494 904 1583 974 qui
1617 903 1895 958 Thendam
1927 903 2072 956 illiilli

504 977 573 1030 de
603 992 710 1046 quo
731 977 964 1044 loquitur
993 974 1179 1046 Lucas.
1218 974 1629 1046 emndem_esse
1652 975 1921 1046 putaverit
1951 989 2072 1027 cum

504 1040 678 1100 altero
724 1040 940 1099 'flieuda
978 1045 1129 1113 cujus
1164 1044 1404 1099 meminit
1454 1040 1719 1113 Jpsephus
1764 1044 1814 1095 in
1847 1043 1941 1113 lib.
1981 1059 2072 1107 xx,

505 1132 625 1182 cap.
647 1116 702 1173 2.
727 1116 826 1169 sub
851 1116 1008 1167 tinent
1028 1111 1055 1180 ς’
1074 1130 1197 1168 cum
1241 1125 1418 1167 tamen
1462 1111 1718 1167 Theudas
1752 1113 1838 1168 ille
1863 1112 2015 1180 cujus
2043 1132 2071 1167 a

505 1185 649 1240 Luca
687 1188 744 1238 lit
775 1185 995 1247 mentio,
1034 1184 1188 1252 paulo
1234 1194 1361 1237 ante
1394 1183 1596 1239 Christi
1631 1192 1857 1237 mortem
1896 1184 1945 1236 iu
1977 1182 2075 1237 Ju-

504 1257 615 1308 d:ea
662 1271 747 1309 res
802 1271 967 1308 novas
1023 1253 1402 1313 concitaverit,
1451 1255 1585 1309 adeo
1630 1264 1688 1306 nt
1740 1254 1878 1305 inter
1928 1253 2072 1306 hunc

504 1325 804 1389 Theudam,
849 1335 903 1379 et
950 1326 1089 1378 inter
1124 1324 1269 1377 illum
1312 1325 1469 1390 cujus
1495 1324 1742 1376 meminit
1786 1321 2072 1391 Joseplius,

504 1394 785 1462 duodecim
820 1409 1085 1448 annornin
1122 1396 1355 1462 spatium
1403 1404 1460 1446 ut
1507 1395 1786 1447 minimum
1839 1394 2069 1446 intersit.

507 1462 637 1516 Nam
678 1461 935 1531 Iosephus
966 1463 1198 1517 Theudae
1228 1465 1511 1517 tumultum
1542 1475 1665 1532 post
1692 1464 2073 1532 ubitnmiregis

501 1533 751 1601 Agrippae
778 1542 1182 1599 commemorat,
1221 1548 1328 1598 quo
1365 1531 1605 1598 tempore
1642 1531 1870 1599 Cnspius
1897 1531 2073 1587 Fadus

501 1601 739 1657 Jndu-am
757 1602 1182 1657 administrabat.
1216 1602 1339 1656 llaac
1372 1613 1456 1655 est
1490 1602 1747 1671 Scaligcri
1786 1603 2069 1656 sententia.

502 1677 575 1727 At
606 1671 954 1726 Casaubonus
1000 1673 1053 1725 in
1105 1671 1501 1725 Exercitatione
1543 1688 1602 1735 il,
1641 1688 1752 1739 cap.
1787 1672 1873 1735 18,
1903 1672 1955 1724 in
2007 1686 2071 1725 eo

504 1742 721 1810 quidem
774 1742 1044 1810 consentit
1090 1758 1209 1794 rum
1259 1742 1558 1809 Scaligero,
1603 1744 1744 1809 quod
1794 1741 2068 1795 Theudam

2177 556 2417 627 λωμένον
2463 557 2629 611 αὑτοῦ
2667 558 2838 625 λόγον,
2874 557 3014 612 αὐτὰ
3059 559 3125 630 δὴ
3170 560 3339 613 ταῦτα
3380 560 3524 615 κατὰ
3570 561 3757 628 λέξινο

2182 669 2201 702 i
2229 649 2398 704 Φάδου
2443 649 2501 703 δὲ
2527 649 2628 719 τῆς
2670 650 2930 713 Ἰουδαίας
2969 650 3438 724 ἐπιτροπεύοντος,
3482 653 3620 725 γόης
3676 672 3760 720 τις

2177 763 2333 837 drum
2365 762 2707 837 presbyteros
2736 762 2808 837 ita
2848 761 3042 816 aﬂ'atnr
3069 780 3084 820 :
3115 764 3436 837 ngaxah’b
3458 770 3758 837 γρηγορεῖν

2175 834 2320 916 fana;
2354 835 2450 916 atati.
2482 831 3315 916 προσεύχεσθαικμεμνημένοος
3346 831 3761 916 πρρξτοῖςζᾶλ-

2175 902 2286 968 λοις
2314 905 2406 957 καὶ
2450 902 2558 974 τῶν
2597 902 2883 966 κινδύνων,
2909 902 3065 966 asoti;
3096 902 3760 974 ὑπομένειν’ὴναγκάζετο

2174 976 2201 1028 ὁ
2263 972 2704 1095 ἀναθρεςὲάμενός
2739 990 2805 1044 με
2860 976 3039 1044 πατήρ
3078 992 3179 1045 μου
3204 972 3231 1028 ὁ
3271 972 3569 1039 ἐπίσκοπος
3605 977 3759 1030 Θεω-

2175 1047 2290 1095 vi;
2327 1056 2432 1095 etc.
2523 1056 2539 1095 ι
2588 1045 2745 1095 nanlo
2783 1055 2899 1095 post
2933 1058 2948 1095 :
2989 1045 3309 1095 Μεανῆσθαι
3355 1045 3411 1095 δὲ
3456 1047 3623 1095 κιλὸν
3662 1050 3758 1095 καὶ

2175 1047 2290 1106 νᾶς,
2327 1056 2432 1097 etc.
2476 1045 2539 1097 Et
2588 1045 2745 1113 paulo
2783 1055 2899 1108 post
2933 1058 2948 1096 :
2989 1045 3309 1114 Μεμνῆσθαι
3355 1045 3411 1098 δὲ
3456 1047 3623 1100 καλὸν
3662 1050 3758 1102 καὶ

2173 1115 2285 1195 ’.ξε-οὖΔ
2313 1114 2545 1195 μεγάλου
2572 1114 2997 1195 ,ριονυσίου,λὸς
3016 1186 3027 1195 _
3061 1115 3187 1185 τῇδε
3238 1119 3466 1195 signatae
3494 1118 3756 1195 ςπεριῖὼν,

2175 1183 2458 1238 Σαϐελλεου
2516 1183 2751 1254 μάλιστα
2805 1183 3144 1253 ὲπιθεμένού,
3202 1186 3296 1239 καὶ
3348 1186 3518 1239 πολλὰ
3562 1183 3757 1244 δὲοῦτον

2172 1254 2485 1328 λυποῦντος,
2530 1254 2672 1306 οὕτω
2703 1254 2794 1328 τον
2829 1254 3003 1328 πάντᾳ
3033 1255 3130 1328 τῆς
3180 1255 3320 1327 ζωῆς
3355 1256 3529 1328 λαὺτοῦί
3563 1259 3757 1328 χρόνον

2292 1324 2522 1397 Χριστὸν
2558 1324 2911 1397 στενούμενος
2956 1324 3239 1397 διετέλξοέε·
3279 1323 3376 1379 καὶ
3416 1327 3534 1397 μετ’
3564 1323 3757 1382 "libebit

2184 1394 2456 1466 ῚΙρακλᾶς
2485 1395 2579 1466 uel.
2608 1397 2938 1466 Δημήτριος,
2979 1408 3111 1466 elc._
3140 1394 3299 1448 Vides
3334 1406 3393 1450 ut
3417 1394 3759 1464 'Metaphra-

2172 1464 2302 1529 stes,
2328 1480 2422 1520 seu
2450 1465 2627 1531 potius
2653 1464 2841 1520 auctor
2862 1481 2926 1517 ex
2947 1480 3050 1532 quo
3068 1464 3456 1531 lletaphrasies
3481 1469 3594 1521 inec
3615 1470 3754 1523 Acta

2173 1535 2485 1603 descripsit,
2534 1534 2814 1589 lleraclain
2864 1550 2927 1589 ac
2975 1536 3302 1588 Demetrium
3335 1536 3619 1603 episcopos
3677 1540 3757 1592 ait

2176 1603 2343 1659 fuisse
2368 1614 2489 1673 post
2530 1604 2870 1673 Dionysium,
2917 1618 3056 1673 quos
3094 1614 3272 1657 tamen
3305 1616 3518 1659 constat
3543 1609 3756 1673 praede-

2172 1689 2418 1729 ccssores
2469 1674 2637 1729 fuisse
2671 1674 2931 1745 Dieiiysii.
2984 1674 3089 1727 Sed
3129 1682 3183 1729 et
3220 1677 3562 1741 geographia:
3607 1679 3751 1731 scri-

2174 1753 2371 1812 ptores.
2428 1745 2642 1812 quoties
2685 1755 2953 1799 terrarum
2987 1745 3150 1814 situm
3192 1755 3248 1798 et
3286 1747 3602 1814 p0puloruin
3646 1763 3752 1802 no-

503 1810 667 1866 Lucae
714 1827 745 1882 a
800 1809 1026 1866 Thetida
1076 1810 1298 1879 Josephi
1361 1811 1814 1882 distinguit,_sed
1851 1812 1932 1882 fin
1965 1810 2069 1882 hoc
2100 1818 2143 1874 Β
2171 1809 2316 1867 initia
2366 1809 2703 1878 describunt,
2755 1816 2946 1867 eodem
2987 1809 3300 1882 loquuntur'
3329 1809 3507 1870 modo.
3550 1816 3752 1871 Dicunt

503 1881 760 1953 dissentit
797 1882 864 1934 ab
903 1883 1087 1953 eodem
1114 1882 1411 1953 Scaligero
1458 1880 1606 1951 quod
1639 1951 1648 1953 μ
1676 1880 1964 1953 Theudani
2002 1881 2068 1953 il-

503 1950 612 2005 lum
640 1951 797 2019 cujus
828 1952 1071 2005 meminit
1112 1950 1308 2015 Lucas,
1351 1950 1509 2018 longe
1542 1951 1900 2020 antiquiorem
1940 1950 2073 2006 facit

502 2036 668 2090 quam
707 2021 971 2089 Scaliger.
1004 2021 1131 2088 Ejus
1154 2022 1296 2074 enim
1338 2022 1619 2074 tumultum
1646 2020 1857 2075 confert
1883 2020 1937 2074 in
1983 2035 2075 2073 ex-

504 2100 673 2161 trema
723 2090 952 2146 llerodis
986 2092 1130 2161 regis
1163 2102 1426 2159 tempora,
1460 2102 1515 2145 et
1552 2098 1675 2161 ante
1717 2092 2073 2161 ipsumgnata-

503 2160 607 2214 lem
639 2160 863 2215 Christi.
899 2158 1199 2213 ldein'ante
1236 2160 1384 2214 illum
1415 2161 1581 2215 sensit
1603 2159 1866 2227 Origenes
1894 2159 1945 2212 in
1974 2158 2069 2215 lib.

504 2241 730 2284 tcontra
778 2230 1007 2285 Celsum.
1051 2230 1116 2284 Et
1155 2230 1280 2284 huic
1322 2230 1559 2298 opinioni
1597 2229 1779 2283 favere
1820 2228 2074 2283 videntur

500 2300 666 2353 verba
695 2301 807 2369 ipsa
838 2300 897 2353 Β.
925 2299 1104 2365 Luca),
1143 2302 1232 2367 qui
1271 2309 1548 2368 postquam
1575 2300 1641 2353 de
1664 2299 1888 2369 'l‘h_euda
1919 2299 2072 2369 locu-

504 2378 590 2422 tus
613 2366 727 2432 est,
757 2372 868 2424 hinc
891 2371 1038 2424 addit
1075 2387 1091 2422 :
1126 2366 1252 2423 Post
1272 2366 1421 2422 hunc
1445 2370 1678 2422 surrexit
1717 2366 1892 2423 ludas
1923 2368 2072 2423 Gali-

504 2438 636 2509 lmus
667 2441 721 2494 in
749 2440 931 2493 diebus
954 2439 1315 2509 professionis.
1350 2440 1453 2492 Sed
1489 2440 1802 2493 facillimum
1836 2450 1923 2493 est
1948 2439 2072 2494 huic

502 2507 791 2575 objectioni
826 2507 1189 2577 respondere;
1236 2525 1332 2564 nec
1366 2509 1597 2577 longius,
1633 2523 1822 2563 verum
1856 2524 1919 2562 ex
1955 2512 2072 2576 ipso

506 2577 649 2648 Luca
686 2576 960 2646 prometur
998 2580 1297 2648 responsio.
1334 2578 1538 2647 Quippe
1575 2576 1747 2648 Lucas
1775 2593 1872 2633 seu
1896 2580 2074 2648 potius

501 2647 762 2702 Gamaliel
791 2651 928 2718 apud
958 2647 1157 2705 Lucam
1181 2649 1382 2703 diserte
1409 2657 1637 2701 testatur
1662 2647 1939 2702 Theudam
1970 2664 2072 2702 nu-

504 2730 601 2787 per
623 2719 932 2780 admodum,
981 2728 1037 2772 et
1078 2719 1162 2773 his
1200 2719 1331 2787 ipsis
1374 2718 1568 2786 quibus
1606 2719 1716 2772 haec
1752 2719 2075 2787 loquebatur

504 2786 693 2841 diebus
732 2790 1025 2841 exstitisse.
1070 2791 1202 2842 Ante
1226 2786 1321 2842 hos
1353 2790 1493 2841 enim
1522 2788 1631 2840 dies
1660 2789 1859 2841 exstitit
1900 2786 2073 2841 Theu-

503 2857 621 2931 tjus,
656 2867 762 2931 etc.
808 2858 919 2931 Πρὸ
951 2858 1058 2929 γὰρ
1091 2858 1294 2911 τούτων
1322 2858 1431 2911 τῶν
1463 2856 1682 2931 ἡμξρῷν
1710 2856 1909 2928 ἀνέστη
1938 2857 2074 2910 Θευ-

503 2924 621 2991 δᾶς.
665 2928 795 2994 Quae
816 2924 978 2982 verba
1003 2924 1114 2981 rem
1138 2945 1307 2997 nuper
1332 2944 1395 2982 ac
1434 2924 1720 2983 novissime
1750 2924 1945 2982 factain
1974 2931 2070 2982 de-

504 3009 827 3066 inonstrant.
861 2998 953 3052 Sic
977 2999 1119 3052 enim
1163 2999 1305 3066 loqui
1339 2999 1516 3052 solent
1548 3005 1657 3050 tam
1694 2997 1867 3052 Graeci
1905 3013 2067 3066 quam

500 3065 677 3120 Latini
724 3069 789 3122 de
838 3083 899 3122 re
938 3070 1111 3122 adhuc
1156 3065 1378 3131 recenti,
1424 3078 1481 3121 ut
1525 3066 1772 3134 plurimis
1810 3065 2071 3135 exemplis

501 3137 716 3207 probari
752 3146 946 3207 potest.
981 3138 1113 3191 Ante
1148 3138 1242 3191 hos
1282 3140 1445 3207 igitur
1476 3140 1609 3207 dies,
1644 3136 1782 3191 idem
1814 3136 1955 3207 valet
2006 3153 2070 3192 ac

499 3206 582 3259 liis
610 3204 810 3273 diebus,
838 3220 897 3261 ut
931 3220 1052 3261 ante
1084 3210 1221 3261 diem
1247 3204 1460 3261 tertium
1493 3204 1853 3260 Kalendarum
1888 3204 2066 3260 Latini

500 3284 555 3347 et
583 3274 754 3331 Graeci
784 3279 1080 3344 dicuntpro
1105 3293 1169 3332 eo
1197 3278 1339 3347 quod
1362 3289 1447 3332 est
1474 3280 1560 3331 die
1586 3292 1646 3331 ιιι
1678 3275 2062 3347 Kalendarum.

499 3346 680 3411 Quare
727 3362 848 3416 cum
877 3350 1096 3416 subjicit
1138 3345 1310 3403 Lucas
1362 3350 1476 3403 hinc
1523 3349 1705 3409 verba,
1750 3346 1879 3399 Post
1929 3345 2066 3400 hunc

500 3417 699 3468 exstitit
723 3415 915 3481 ludas,
936 3415 1018 3471 his
1035 3420 1210 3473 verbis
1232 3419 1361 3472 nihil
1392 3417 1533 3471 aliud
1554 3417 1885 3479 signiﬁcatur
1904 3432 2063 3484 quam

500 3484 724 3539 'l‘heuda
768 3488 1119 3540 vetustiorein
1154 3488 1321 3543 fuisse
1359 3486 1552 3541 Judam
1586 3487 1885 3542 GaliLBunt.
1933 3488 2066 3551 Quae

499 3555 719 3621 quidem
744 3558 1034 3624 expositio,
1059 3558 1180 3611 licet
1204 3559 1375 3626 prima
1403 3557 1580 3611 fronte
1595 3557 1779 3611 durior
1796 3556 2063 3619 videatur,

502 3633 684 3678 tamen
741 3641 960 3694 prorsus
1008 3628 1318 3683 necessaria
1370 3634 1455 3681 est
1501 3641 1567 3679 ac
1600 3627 1905 3689 verissima,
1963 3640 2064 3681 nec

502 3694 763 3766 exemplis
799 3697 1126 3751 destituitur.
1155 3696 1288 3750 Nam
1313 3698 1524 3766 quoties
1555 3697 1621 3749 ab
1649 3695 1856 3759 ultimo,
1886 3703 2066 3763 utpote

501 3765 659 3818 nobis
680 3767 949 3835 propiore,
979 3782 1264 3821 numerare
1299 3765 1655 3831 instituimus,
1691 3776 1816 3819 tunc
1841 3780 1907 3818 ex
1941 3767 2066 3819 ulti-

499 3847 590 3905 mo
620 3837 844 3903 primus,
897 3847 949 3891 et
991 3852 1055 3890 ex
1086 3838 1260 3905 primo
1306 3837 1524 3889 ultimus
1576 3837 1670 3888 llat
1699 3849 1918 3889 necesse
1958 3846 2061 3889 est.

500 3901 672 3975 Quam
715 3906 786 3959 ob
822 3901 1037 3960 Causam
1062 3901 1199 3960 retro
1235 3907 1396 3975 fuisse
1442 3905 1577 3975 dixit
1610 3904 1974 3959 Tertullianus
2008 3906 2061 3960 in

498 3973 854 4042 Apologelico,
879 3992 975 4045 pro
1001 3978 1126 4029 olim
1169 3973 1398 4030 ct‘untea
1424 3973 1623 4039 fuisse;
1648 3986 1702 4028 et
1731 3979 2061 4045 retrosiorein

498 4054 723 4115 usurpat
753 4061 847 4113 pro
870 4044 1186 4115 antiquiore.
1217 4046 1284 4100 Et
1318 4056 1494 4099 tamen
1529 4055 1667 4097 retro
1696 4048 1836 4099 idem
1856 4054 1936 4097 est
1960 4044 2066 4097 La-

502 4111 631 4186 tinis
661 4111 804 4181 quad
853 4111 1006 4182 post;
1044 4117 1151 4169 Sed
1197 4118 1451 4186 quoniam
1503 4116 2063 4186 Casaubonnsinegat

495 4179 715 4239 Graecus
739 4179 973 4253 unquam
1002 4187 1072 4239 ita
1105 4179 1314 4241 locutos
1355 4186 1544 4249 fuisse,
1580 4184 1957 4252 producendus
1978 4179 2064 4237 Est

499 4254 654 4325 testis
678 4257 824 4325 omni
868 4257 1185 4325 exceptione
1235 4256 1424 4323 major.
1456 4257 1503 4309 ls
1528 4266 1612 4308 est
1653 4254 1903 4325 Clemens
1937 4254 2061 4307 Alc-

494 4323 815 4396 ;andrinus,
845 4323 1017 4396 quiin
1052 4327 1148 4380 lib.
1180 4342 1253 4382 VII
1288 4323 1732 4396 Siromatci,snb
1756 4326 1949 4396 linem1
1970 4338 2062 4376 eo-

494 4390 617 4445 dem
650 4390 882 4462 prorsns'
911 4397 1069 4450 niodo
1118 4397 1326 4452 locutus
1350 4406 1431 4450 est
1463 4410 1570 4466 quo
1603 4395 1663 4449 Β.
1696 4393 1889 4450 Lucas.
1914 4391 2065 4466 Post-

495 4477 658 4531 quam
704 4467 845 4517 eniin
873 4465 1183 4521 observavit
1228 4464 1514 4520 haereticos
1549 4466 1662 4519 fere
1691 4479 1882 4518 omnes
1916 4464 2061 4517 circa

2176 1884 2325 1937 enim
2350 1882 2489 1955 perdi
2506 1883 2727 1948 τούτους
2760 1884 3148 1955 εἰσὶνᾲὲκεῖνοι,
3185 1884 3326 1955 quod
3351 1885 3488 1955 idem
3520 1886 3661 1938 valet
3687 1903 3753 1940 ac

2176 1952 2361 2021 supra,
2390 1952 2483 2007 Itos
2514 1955 2606 2007 siti
2664 1967 2787 2007 sunt
2823 1953 2937 2006 isti.
2974 1954 3040 2006 Et
3082 1952 3450 2020 liiec‘quidem
3487 1956 3751 2009 adversus

2170 2024 2482 2091 opinionem
2527 2023 2856 2093 Casaubo_ni,
2883 2024 2974 2093 qui
3014 2023 3289 2093 Theudam
3321 2023 3470 2077 illum
3503 2023 3663 2090 cujus
3694 2027 3746 2079 in

2169 2093 2393 2146 Actibus
2422 2094 2481 2145 lit
2515 2091 3279 2161 mentio,ludii—antiquiorem
3308 2106 3428 2147 esse
3456 2094 3745 2148 existima-

2171 2161 2269 2215 vit.
2302 2161 2408 2216 Sed
2438 2163 2580 2217 dicet
2606 2162 2834 2218 fortasse
2858 2163 3146 2231 quispiam,
3197 2174 3265 2214 ex
3291 2161 3356 2216 iis
3385 2177 3504 2232 qua:
3526 2178 3556 2215 a
3593 2165 3749 2220 nobis

2172 2232 2442 2299 disputata
2472 2242 2623 2295 sunt,
2652 2232 2862 2287 abunde
2886 2233 3313 2299 demonstratum
3338 2232 3533 2295 videri,
3567 2232 3749 2286 Theu-

2170 2300 2298 2355 dam
2346 2316 2458 2355 non
2504 2301 2677 2356 fuisse
2734 2302 3096 2370 antiquiorem
3155 2298 3297 2354 Juda
3354 2299 3583 2355 Galil-.eo
3618 2319 3632 2354 :
3671 2304 3747 2355 ni-

2173 2371 2285 2426 hilo
2315 2380 2495 2426 tamen
2521 2373 2706 2427 minus
2736 2369 3014 2427 Theudam
3080 2369 3228 2424 illum
3279 2370 3431 2435 cujus
3497 2372 3748 2426 meminit

2172 2439 2368 2506 Lucas,
2430 2443 2869 2511 distinguendum
2924 2456 3044 2496 esse
3088 2442 3155 2493 ab
3188 2454 3277 2511 eo,
3309 2438 3532 2511 Theuda
3590 2442 3748 2503 cuius

2176 2512 2418 2565 meminit
2465 2506 2751 2579 Iosephus.
2808 2512 2962 2565 l’rior
3016 2511 3162 2580 enim
3218 2506 3469 2563 Theudas
3515 2512 3584 2580 de
3633 2526 3745 2580 quo

2173 2580 2414 2649 loquitur
2439 2581 2700 2636 Gamaliel
2726 2586 2780 2635 in
2817 2581 3069 2636 oratione
3102 2579 3189 2634 illa
3215 2594 3378 2649 quam
3439 2579 3741 2634 habuit’in

2172 2651 2405 2707 concilio
2433 2651 2763 2713 Judteorum.
2799 2652 2942 2706 circa
2972 2662 3183 2718 tempus
3221 2649 3492 2718 passionis
3537 2650 3741 2704 Christi

2174 2722 2458 2781 tiinuiltnin
2511 2723 2564 2776 in
2610 2721 2789 2775 .lttdaia
2828 2721 3154 2784 concitavit;
3190 2724 3324 2773 alter
3361 2734 3489 2772 vero
3526 2721 3593 2773 de
3640 2735 3748 2789 quo

2173 2791 2413 2859 loquitur
2463 2790 2764 2860 Josephus.
2815 2801 2935 2859 post
2986 2800 3213 2843 mortem
3274 2790 3525 2858 Agrippa.
3580 2795 3745 2856 regis,

2173 2860 2320 2916 Fado
2360 2860 2599 2915 Judaeum
2651 2862 3063 2915 administrante
3123 2860 3441 2914 seditionem
3506 2862 3750 2913 comnio-

2172 2932 2271 2993 vit,
2303 2938 2501 3000 quarto
2544 2931 2760 2985 circiter
2790 2946 2944 3000 anno
2988 2930 3330 3000 principatus
3372 2928 3590 2984 Claudii
3646 2927 3749 2983 Au-

2173 2999 2343 3071 gusti.
2397 3000 2535 3054 Cum
2584 3017 2712 3071 ergo
2772 2999 3037 3055 Gamaliel
3095 2999 3590 3071 orationemillain
3644 3000 3745 3053 ha-

2174 3070 2352 3125 buerit
2395 3072 2553 3139 paulo
2583 3082 2705 3141 post
2750 3070 3198 3126 resurrectionem
3232 3070 3457 3134 Christi,
3518 3079 3576 3123 et
3622 3079 3749 3125 ante

2175 3142 2490 3211 i_nartyriuin
2538 3140 2950 3210 B..Stcpliani,
3019 3141 3426 3211 id,_est_cirea
3502 3147 3749 3211 extrema

2176 3208 2376 3265 Tiberii
2445 3219 2708 3279 tempora,
2759 3208 2825 3265 de
2886 3218 3034 3264 motu
3088 3208 3181 3264 illo
3232 3208 3471 3263 Theudae
3518 3209 3610 3276 qui
3656 3224 3746 3262 re-

2172 3290 2372 3349 gnante
2424 3280 2649 3334 Claudio
2705 3280 2886 3336 facins
2929 3289 3034 3342 est,
3089 3290 3215 3334 tunc
3279 3279 3501 3332 omnino
3567 3279 3716 3347 loqui

2173 3367 2279 3404 non
2329 3350 2521 3419 potuit.
2568 3349 2705 3405 lluic
2748 3351 3035 3419 objectioiii
3081 3350 3238 3419 aliter
3287 3362 3585 3401 occurrere
3632 3363 3747 3403 non

2171 3415 2480 3488 possumus.
2518 3421 2658 3490 Wnisi
2702 3415 2993 3490 Josephuin
3042 3415 3428 3490 hallucinatum
3468 3431 3592 3490 esse
3653 3420 3747 3490 di-

2172 3492 2486 3558 canins,qui
2514 3489 2752 3543 Theuda:
2781 3488 3064 3543 tumultum
3088 3488 3297 3543 tardius
3314 3502 3476 3555 quam
3510 3488 3748 3541 debebat

2172 3562 2437 3613 retulerit.
2468 3561 2609 3615 Duos
2639 3562 2784 3614 enim
2809 3558 3063 3613 Theudas
3084 3559 3269 3615 fuisse.
3296 3558 3385 3625 qui
3416 3570 3475 3609 se
3509 3561 3752 3625 prophe-

2174 3637 2254 3683 tas
2275 3646 2394 3684 esse
2421 3632 2654 3694 mentiti,
2682 3631 2818 3684 alter
2839 3638 2958 3695 post
2982 3628 3211 3682 alterum
3250 3626 3462 3680 Iudaeos
3493 3628 3561 3680 ad
3594 3642 3749 3695 Spem

2171 3713 2354 3752 rerum
2408 3715 2669 3756 novarum
2724 3700 3147 3761 concitaverint,
3210 3711 3485 3767 nunquam
3533 3699 3749 3767 adduci

2172 3783 2388 3833 possum
2436 3781 2493 3823 iit
2537 3770 2778 3824 credam.
2808 3768 3170 3823 Conferantur
3221 3763 3379 3819 Luca:
3425 3779 3491 3818 ac
3522 3763 3748 3834 Josephi

2171 3839 2310 3905 inca,
2345 3840 2397 3892 in
2424 3841 2622 3909 quibus
2654 3850 2881 3909 uterque
2913 3838 3139 3909 illorum
3168 3838 3232 3890 de
3280 3835 3501 3909 'l‘lieuda
3534 3836 3752 3890 locuins

2169 3920 2280 3972 est;
2305 3918 2358 3962 et
2381 3906 2545 3963 inium
2577 3906 2936 3976 eamdemque
2957 3906 3232 3976 Thendam
3260 3907 3329 3957 ab
3356 3906 3461 3958 illis
3485 3920 3611 3976 esse
3641 3922 3753 3959 uie-

2171 3990 2439 4033 inoratiiin
2472 3975 2911 4033 manifestissime
2957 3975 3444 4045 deprehendenius.
3495 3975 3661 4028 Certe
3692 3978 3749 4029 in

2170 4051 2452 4117 utriusque
2478 4050 2810 4109 narratione,
2839 4058 3032 4100 cuncta
3061 4047 3126 4098 ad
3151 4046 3409 4098 amussim
3448 4045 3520 4097 ita
3547 4059 3752 4117 convc-

2170 4116 2432 4179 niunt,’ut
2451 4118 2718 4187 .losephus
2746 4117 2950 4171 Lucam
2988 4117 3374 4183 interpretatus
3402 4129 3527 4168 esse
3553 4116 3741 4169 videa-

2172 4200 2276 4241 tur.
2327 4187 2500 4243 Unum
2545 4190 2837 4242 discrimen
2872 4196 2957 4240 est
2985 4188 3037 4238 in
3079 4197 3339 4252 tempore,
3368 4187 3515 4252 quod
3565 4194 3751 4238 tamen

2172 4259 2304 4311 tanti
2352 4260 2607 4312 momenti
2664 4274 2769 4311 non
2814 4267 2918 4319 est,
2972 4267 3030 4309 ut
3063 4251 3268 4307 idcirco
3320 4251 3455 4307 duos
3487 4251 3751 4308 Theudas

2168 4329 2503 4382 comminisci
2549 4327 2862 4382 debeamus.
2896 4325 3029 4378 Nam
3069 4325 3501 4394 quotiescunque
3559 4326 3751 4394 hujus-

2168 4398 2313 4452 inodi
2351 4398 2683 4451 narrationis
2709 4396 3068 4465 discrepantia
3091 4392 3231 4462 apud
3263 4406 3475 4447 \eteres
3507 4392 3751 4462 scripto-

2172 4482 2259 4521 res
2294 4468 2633 4533 occurrit,‘si
2664 4468 2732 4521 ob
2765 4468 2905 4519 hanc
2923 4479 3137 4518 causam
3176 4465 3362 4516 statim
3405 4465 3628 4531 negotia
3681 4479 3749 4517 ai:

498 4528 735 4601 tempora
774 4534 901 4602 imp.
934 4535 1159 4606 Adriani
1191 4539 1455 4604 erupisse,
1489 4543 1543 4588 et
1567 4549 1736 4602 usque
1766 4534 1834 4587 ad
1860 4534 2062 4606 prii_i_ci-
2094 4528 2138 4581 ι)
2168 4552 2425 4606 personas
2439 4528 2770 4606 distinguere
2788 4550 3007 4606 necesse
3023 4535 3429 4606 est,cavenduni
3450 4528 3747 4606 nobiserit,

492 4612 677 4673 patum
705 4601 957 4658 Antonini
985 4605 1060 4657 l’ii
1089 4601 1419 4673 pervenisse,
1452 4615 1521 4673 ut
1551 4601 1838 4658 Bas’ilidem
1860 4615 1917 4657 et
1950 4601 2059 4656 Va-

494 4669 774 4744 lentinum,
806 4675 921 4728 [nec
950 4669 1258 4744 subjungit:
1298 4673 1441 4727 Nunt
1471 4672 1713 4727 Marcion
1731 4674 1920 4744 iisdem
1946 4673 2064 4743 qui-

493 4741 607 4812 dem
644 4744 953 4809 temporibus
983 4741 1107 4797 visit
1143 4741 1325 4812 quibus
1353 4744 1614 4796 Basilides
1638 4753 1686 4795 et
1730 4741 2059 4799 Valentinus.

509 4805 692 4862 Verum
724 4805 972 4881 tanquam
1023 4805 1199 4867 senior
1232 4831 1350 4866 cum
1391 4815 1499 4881 illis
1547 4815 1718 4865 adhuc
1754 4814 2059 4880 junioribus

493 4887 566 4929 est
592 4880 844 4953 versutus.
884 4884 1049 4953 Addit
1083 4886 1297 4942 deinde.
1332 4880 1448 4952 μεθ’
1470 4883 1527 4935 ὃν
1557 4882 1737 4953 Σίμων
1760 4883 1846 4933 ἐπ’
1880 4882 2058 4949 ὀλίγον

492 4946 855 5026 κηρύσσοντος
884 4952 976 5005 τοῦ
1012 4953 1216 5026 Πέτρου
1257 4946 1583 5026 ὐπῆκοοσεν.
1604 4946 1756 5026 __'l’ost
1785 4946 2058 5026 quemSi-

490 5033 614 5070 mon
651 5022 1022 5091 praedicantem
1060 5022 1273 5077 Petrum
1316 5022 1515 5075 audivit
1559 5023 1892 5091 aliquandiu.
1924 5024 2057 5087 Quis

491 5101 598 5140 non
655 5090 801 5144 videt
846 5095 898 5144 iii
938 5092 1037 5147 hoc
1084 5095 1376 5148 Clementis
1412 5093 1529 5146 loco
1575 5102 1689 5159 post
1739 5093 1878 5144 hunc
1914 5094 2054 5145 idem

488 5159 685 5231 Valere,
718 5170 879 5226 atque
917 5174 1035 5215 aute
1060 5169 1197 5217 hunc
1222 5164 1247 5217 .9
1268 5163 1452 5230 Neque
1475 5163 1620 5216 enim
1654 5163 1839 5231 Simon
1872 5160 2056 5231 Magus

490 5229 757 5301 posterior
787 5231 885 5283 l‘uit
934 5231 1244 5301 Marcione;
1296 5229 1403 5287 imo
1429 5233 1516 5286 diu
1564 5240 1689 5284 ante
1722 5229 2053 5285 Marcionem

490 5298 649 5363 vixit,
703 5309 760 5353 ut.
811 5303 955 5355 inter
1000 5318 1188 5357 omnes
1230 5298 1469 5356 constat.
1504 5301 1610 5353 Sed
1653 5301 1902 5353 nimirum
1930 5300 2055 5355 Cle-

492 5379 667 5441 tuens,
701 5385 823 5423 cum
864 5388 893 5423 a
943 5373 1417 5441 propinquioribus
1457 5369 1742 5437 incipiens,
1773 5371 2054 5425 haeretico-

492 5446 611 5513 rum
642 5440 873 5513 indicem
915 5440 1377 5511 texeret,’priinos
1424 5441 1725 5513 numeravit
1756 5440 1846 5507 qui
1897 5450 2054 5493 erant

492 5504 685 5572 ultimi,
714 5519 768 5562 et
788 5504 1385 5576 postreiuuino'ninium
1412 5510 1591 5579 posuit
1627 5504 1926 5575 Simonem,
1957 5513 2051 5578 qui

494 5585 682 5649 revera
718 5590 834 5632 erat
884 5582 1120 5634 omnium
1153 5597 1378 5649 prunus.
1409 5582 1608 5633 Eodem
1638 5592 1851 5648 quoque
1895 5583 2052 5634 modo

491 5639 704 5721 locutus
748 5659 832 5701 est
878 5652 1112 5721 Symeon
1144 5639 1537 5721 liletaplirastes
1566 5651 1618 5701 in
1656 5639 1823 5721 Ἀοῦς»
1860 5665 2047 5721 inanii-

491 5714 711 5791 scriptis
762 5714 1033 5791 passionis
1072 5720 1221 5775 Petri
1255 5714 1895 5791 Alexandriniepiscopi.
1939 5720 2051 5772 Illic

488 5784 633 5837 enim
661 5784 850 5841 Petrus
876 5787 931 5841 iu
972 5804 1197 5844 carcere
1221 5793 1431 5859 positus
1451 5788 1713 5843 Achillem
1742 5784 2051 5844 etAlexan—

2165 4603 2231 4659 ne
2264 4622 2330 4661 ex
2354 4623 2461 4660 uno
2488 4603 2787 4674 eodemque
2816 4605 3035 4658 homine
3068 4605 3202 4656 duos
3234 4603 3546 4656 inconsulte
3576 4604 3751 4657 facia-

2163 4691 2302 4730 mus.
2328 4677 2542 4742 Quanto
2566 4678 2740 4729 satius
2770 4684 2874 4735 est,
2904 4675 2992 4727 ubi
3023 4674 3157 4727 duos
3186 4674 3482 4739 scriptores
3512 4674 3657 4742 inter
3687 4689 3750 4726 se

2160 4741 2449 4801 dissentire
2474 4746 2787 4804 viderimus,
2813 4744 3040 4796 alterum
3068 4743 3277 4795 illorum
3305 4743 3416 4795 l‘alli
3445 4741 3745 4796 allirinare.

2161 4816 2314 4881 Quod
2340 4831 2464 4869 cum
2496 4817 2563 4869 de
2598 4817 2771 4868 sacris
2817 4815 3013 4866 litteris
3053 4813 3207 4866 nel‘as
3235 4813 3308 4865 sit
3331 4814 3541 4876 dicere,
3572 4814 3624 4866 in
3649 4811 3749 4867 Jo-

2159 4888 2386 4954 sephuin
2429 4886 2588 4953 culpa
2632 4885 2813 4939 omnis
2847 4885 3176 4954 conterenda
3227 4892 3329 4934 est.
3373 4883 3493 4954 Alia
3530 4896 3752 4954 quoque

2159 4952 2485 5010 conciliandi
2524 4952 2665 5008 ratio
2704 4953 3003 5022 excogitari
3047 4960 3247 5020 potest,
3295 4954 3339 5005 si
3385 4952 3641 5004 dicamus
3687 4952 3748 5003 Β.

2157 5024 2359 5078 Lucani
2386 5028 2438 5077 in
2462 5040 2526 5078 eo
2557 5026 2673 5077 loco
2701 5014 3147 5092 κατῗπρόληῖψιν
3175 5022 3412 5073 locutum
3437 5036 3584 5074 esse.
3616 5014 3772 5086 Quae'

2157 5096 2377 5162 quidem
2439 5094 2608 5163 llgnra
2660 5091 3231 5163 occiirrit’interdiiin
3270 5093 3431 5163 ,apud
3489 5091 3750 5159 antiquos

2157 5158 2747 5234 Scriptoresfexeinpli
2769 5177 2932 5216 causa
2964 5163 3105 5229 apud
3136 5158 3418 5229 Virgilium
3436 5158 3746 5214 cunidieit:

2442 5262 2728 5323 portusque
2760 5253 2963 5322 require
3015 5249 3244 5305 Velinos.

2154 5370 2316 5440 Atqui
2341 5385 2461 5424 cum
2500 5368 2951 5440 hiecdicereutiir
2982 5367 3191 5431 jEneae,
3238 5366 3481 5440 nonihim
3526 5365 3749 5440 condita

2153 5435 2272 5494 era't
2300 5440 2467 5494 Velia.
2500 5439 2592 5493 Sic
2619 5454 2748 5509 ergo
2776 5438 2833 5491 Β.
2852 5437 3032 5509 laneas
3056 5439 3340 5491 tumultum
3365 5435 3610 5509 Theudae
3634 5447 3749 5489 toto

2154 5512 2420 5584 decennio
2462 5507 3145 5584 anticipavit,.Gainalielis
3183 5508 3424 5562 orationi
3466 5507 3751 5584 narratio:

2155 5594 2277 5633 nem
2302 5580 2447 5631 illam
2473 5580 2628 5647 quasi
2649 5594 2714 5633 ex
2747 5576 2842 5632 sua
2863 5592 3095 5647 persona
3124 5578 3485 5647 interserens,
3507 5592 3575 5631 eo
3597 5576 3745 5645 quod

2153 5651 2400 5717 prinscnti
2423 5645 2744 5717 argumento
2756 5645 3038 5715 apti'ssiine
3064 5649 3420 5713 congruebat.
3447 5645 3615 5700 Certe
3637 5649 3748 5717 huc

2152 5714 2335 5771 sebins
2367 5714 2551 5773 noster
2590 5718 2765 5773 locum
2798 5714 2861 5770 Β.
2900 5717 3061 5771 Luca:
3110 5720 3185 5773 ita
3230 5719 3631 5785 interpretatus
3658 5714 3748 5769 vi-

2153 5790 2334 5855 detur,
2355 5797 2412 5841 ut
2433 5803 2499 5842 ex
2523 5790 2625 5842 hoc
2649 5789 2828 5858 capite
2849 5799 3097 5856 apparet.
