3894 6484
588 378 689 430 1Ῑῖ»

1295 372 1560 428 EUSEBll
1601 369 2084 426 CESARIENSlS
2122 368 2275 424 OPP.
2318 367 2504 425 PARS
2545 366 2585 421 I.
2627 398 2695 408 —
2732 367 3129 425 IilSTORlCA.

3747 377 3852 429 176

585 510 652 549 eo
702 495 1033 557 elaboratus,
1058 508 1253 547 omnes
1287 491 1690 547 ecclesiasticas
1740 493 1952 559 regulas
1977 507 2098 561 quze

2262 487 2712 558 πεφυλαγμένους
2764 489 2864 560 τῆς
2929 487 3261 560 Ἐκκλησίας
3306 489 3548 561 περιέχει
3599 493 3855 557 κανόνας.

584 587 739 642 nobis
765 589 1061 641 etiamnum
1090 594 1389 647 servantur,
1422 583 1530 656 55
1570 584 1860 639 manifeste
1888 586 2150 650 continet.

585 677 653 732 Et
712 692 835 732 cum
877 677 1317 746 philosOpItorum
1371 687 1791 746 ascetarumquc
1840 687 2150 732 nostrorum

581 772 749 824 vitam
781 768 1054 833 describit,
1088 769 1222 822 satis
1250 782 1520 838 superque
1549 769 1752 823 indicat
1773 784 1831 823 se
1855 785 1960 823 non
1993 769 2152 822 modo

579 865 803 924 vidisse.
836 864 930 919 sed
969 863 1131 918 etiam
1183 863 1534 915 vehementer
1568 861 1803 932 probare
1851 872 1907 916 ct
1960 861 2146 916 mirari

577 955 905 1026 apostolicos
935 956 1079 1007 viros
1108 953 1199 1022 qui
1228 966 1292 1007 ex
1336 952 1577 1007 llebrazis
1599 994 1616 1018 ,
1651 963 1710 1007 ιιι
1736 953 1994 1008 credibile
2025 961 2108 1007 est
2132 993 2147 1014 ,

571 1047 828 1110 oriundi,
855 1045 924 1100 ob
957 1060 1077 1100 eam
1109 1061 1327 1100 causam
1352 1044 1606 1100 Iudaicos
1641 1045 1777 1099 ritus
1806 1055 1968 1114 atque
1995 1044 2151 1098 insti-

579 1146 689 1192 tttta
728 1148 853 1191 tunc
886 1138 1147 1206 temporis
1180 1152 1371 1207 magna
1399 1152 1464 1191 ex
1500 1147 1653 1204 parte
1678 1138 1990 1191 servabant.
2031 1136 2150 1190 Pri-

575 1244 721 1283 mum
754 1230 920 1299 igitur
952 1230 1003 1282 in
1049 1244 1115 1283 eo
1156 1230 1294 1284 libro
1327 1243 1484 1298 quem
1518 1227 1592 1282 Dc
1616 1230 1720 1283 vita
1744 1226 2146 1294 contemplatira

572 1337 667 1374 seu
703 1321 776 1374 De
804 1321 1124 1391 supplicibus
1158 1322 1476 1389 inscripsit,
1509 1330 1789 1390 postquam
1821 1320 1952 1374 nihil
1989 1337 2018 1375 a
2056 1337 2145 1375 ve-

573 1414 737 1466 ritate
765 1413 1001 1467 alienum
1039 1414 1334 1468 narrationi
1385 1429 1547 1482 quam
1595 1413 1914 1468 instituisset
1949 1414 2013 1467 de
2046 1428 2144 1468 suo

571 1517 631 1555 se
662 1513 995 1558 attexturum
1027 1520 1148 1560 esse
1173 1506 1448 1574 professus
1465 1513 1565 1570 est,
1587 1505 1733 1560 viros
1758 1505 1973 1576 quidem
1997 1506 2143 1574 ipsos

570 1595 978 1665 Thcrapeutas,
1026 1597 1258 1651 feminas
1305 1611 1434 1652 vero
1470 1597 1630 1651 simul
1676 1611 1800 1651 cum
1848 1597 1980 1665 ipsis
2017 1609 2141 1649 ver-

569 1700 756 1743 santes
786 1689 1210 1758 Therapeutrias
1259 1692 1334 1744 ait
1371 1691 1650 1762 appellari,
1714 1709 2042 1766 causamque
2069 1697 2144 1752 is-

573 1783 678 1834 tius
710 1781 1087 1848 appellationis
1116 1780 1408 1852 subjungit,
1443 1799 1535 1838 seu
1571 1785 1712 1852 quod
1743 1794 1997 1854 tanquam
2031 1804 2141 1842 me-

2271 581 2430 634 Ἀλλὰ
2449 582 2542 634 καὶ
2566 581 2656 634 τὸν
2696 581 2809 650 βίον
2845 581 2952 633 τῶν
2977 582 3110 652 παρ’
3161 583 3292 650 ἡμῖν
3339 581 3595 652 ἀσκητῶν
3635 583 3752 652 (57)
3782 601 3859 645 ως

2261 673 2339 725 ἔνι
2367 673 2599 744 μάλιστα
2628 671 3001 742 ἀκριϐέστατα
3031 665 3282 741 ἱστορῶν,
3301 671 3493 739 γένοιτ’
3515 671 3581 725 ἂν
3602 673 3855 743 ἔκδηλος,

2253 765 2352 817 οὐκ
2378 764 2530 827 εἰδὼς
2565 764 2746 834 μόνον,
2775 763 2911 817 ἀλλὰ
2953 765 3044 818 καὶ
3067 762 3466 832 ἀποδεχόμενος
3497 803 3510 825 ,
3542 763 3855 827 ἐκθειάζων

2251 876 2310 911 τε
2325 858 2418 910 καὶ
2439 857 2716 927 σεμνύνων
2739 859 2865 918 τοὺς
2883 859 3000 909 κατ’
3024 856 3190 910 αὐτὸν
3211 856 3604 920 ἀποστολικοὺς
3626 856 3855 927 ἄνδρας.

2253 951 2311 1017 ἐξ
2327 950 2590 1021 Ἑϐραίων
2611 949 2686 1012 ὡς
2712 948 2855 1002 ἔοικε
2878 950 3194 1017 γεγονότας,
3213 948 3381 1020 ταύτῃ
3401 966 3458 1000 τε
3477 947 3856 1002 ’ῐουδαῖκώτε-

2253 1059 2346 1114 ρον
2373 1039 2480 1093 τῶν
2515 1038 2762 1092 παλαιῶν
2787 1039 2865 1091 ἔτι
2889 1038 2956 1090 τὰ
2979 1037 3211 1091 πλεῖστα
3239 1037 3632 1108 διατηροῦντας
3683 1037 3852 1091 ioc-3v.

2251 1132 2476 1202 Πρῶτον
2504 1133 2568 1200 γέ
2593 1149 2674 1184 τοι
2701 1131 2764 1184 τὸ
2788 1131 2951 1203 μηδὲν
2975 1130 3118 1202 πέρα
3141 1130 3240 1199 τῆς
3265 1129 3520 1201 ἀληθείας
3549 1129 3770 1182 οἴκοθέν
3792 1147 3852 1184 τε

2249 1226 2343 1278 καὶ
2375 1226 2433 1290 ἐξ
2483 1222 2674 1276 ἑαυτοῦ
2708 1222 3062 1295 προσθήσειν,
3104 1225 3163 1275 ὲν
3204 1217 3285 1286 οἷς
3343 1224 3650 1294 ἱστορήσειν
3684 1222 3853 1293 ἔμελ-

2248 1317 2338 1370 λεν
2361 1316 2471 1385 (58)
2507 1315 3035 1386 ἀπισχυρισάμενος,
3059 1317 3117 1367 ἐν
3155 1307 3200 1382 ᾧ
3228 1314 3506 1386 ἐπέγραψε
3524 1313 3673 1384 λόγῳ
3702 1314 3850 1379 Περὶ

2240 1409 2382 1475 ,ϐίου
2410 1407 2771 1472 θεωίητικοῦ
2803 1405 2912 1476 (59)
2935 1408 2967 1476 ἢ
2991 1404 3221 1466 ἱκετῶν,
3247 1407 3593 1479 Θεραπευτὰς
3636 1405 3847 1468 αὐτοὺς

2246 1500 2339 1552 καὶ
2375 1499 2473 1562 τὰς
2503 1503 2598 1553 σὺν
2638 1497 2823 1560 αὐτοῖς
2853 1500 3117 1564 γυναῖκας
3161 1497 3593 1570 Θεραπευτρίδας
3621 1498 3847 1550 ἀποκα-

2245 1591 2451 1644 λείσῦαί
2482 1607 2635 1661 φησι,
2662 1593 2762 1652 τὰς
2796 1589 2974 1651 αἰτίας
3017 1589 3260 1643 ἐπειπὼν
3286 1592 3384 1661 τῆς
3410 1589 3628 1644 τοιᾶσδε
3665 1607 3847 1660 προσ-

2247 1684 2474 1755 ρήσεως,
2528 1681 2645 1752 ἦτοι
2692 1679 2843 1750 παρὰ
2894 1679 2954 1732 τὸ
2996 1679 3094 1741 τὰς
3133 1680 3308 1750 ψυχὰς
3349 1680 3459 1734 τῶν
3493 1681 3846 1752 προσιόντων

2244 1775 2446 1836 αὐτοῖς.
2475 1770 2583 1824 τῶν
2617 1769 2725 1823 ἀπὸ
2751 1768 2950 1831 κακίας
2983 1768 3191 1831 παθῶν,
3238 1768 3438 1840 ἰατρῶν
3470 1769 3630 1839 δίκην
3657 1767 3847 1822 ἁπαλ-

567 1873 674 1926 dici
707 1874 967 1942 quidam,
1001 1874 1211 1928 animos
1249 1890 1437 1929 eorum
1477 1876 1570 1945 qtti
1602 1876 1668 1931 ad
1707 1877 1853 1946 ipsos
1885 1893 2127 1935 accesse-

2241 1867 2532 1927 λάττοντας
2572 1863 2820 1916 ἀκεῖσθαι
2859 1864 2954 1915 καὶ
2997 1861 3341 1933 Θεραπεύειν,
3382 1861 3549 1931 ἢτῆς
3594 1861 3729 1932 περὶ
3777 1861 3847 1913 τὸ

567 1977 737 2031 rant,
787 1966 995 2021 vitiosis
1049 1965 1334 2023 aﬂ'ectibus
1385 1967 1640 2025 liberatos
1691 1981 1992 2035 curarent,
2046 1987 2139 2028 seu

566 2057 711 2123 quod
745 2057 848 2124 ipsi
867 2057 1109 2111 divinum
1129 2055 1331 2112 Numen
1363 2070 1512 2114 caste
1539 2075 1603 2113 ac
1633 2060 1848 2116 sincere
1876 2060 2138 2117 colerent.

569 2153 738 2206 Porro
791 2159 969 2203 utrum
1018 2151 1172 2207 Philo
1224 2154 1337 2223 ipse
1386 2154 1527 2208 hanc
1564 2153 1672 2208 illis
1719 2154 2138 2224 appellationem

568 2247 826 2302 indiderit
851 2287 867 2312 ,
895 2256 1238 2302 commentus
1269 2247 1592 2301 vocabulum
1637 2247 1779 2316 quod
1820 2263 2004 2302 eorum
2042 2248 2140 2302 ho-

566 2339 773 2393 minum
800 2339 1425 2408 moribusinstitutisque
1452 2351 1814 2410 congrueret;
1853 2355 1920 2394 an
1952 2356 2136 2395 revera

638 2478 749 2550 (57')
783 2478 903 2532 Τῶν
924 2478 1061 2547 παρ’
1089 2479 1234 2548 ἡμῖν
1267 2477 1569 2546 ἀσκητῶν.
1597 2477 1876 2534 Mnsculus
1901 2488 1956 2534 et
1978 2480 2136 2534 Chri-

565 2551 961 2619 stophorsonus
989 2551 1274 2602 monachos
1301 2551 1385 2602 his
1414 2551 1594 2604 verbis
1619 2551 1914 2619 signiticari
1942 2551 2135 2606 existi-

570 2628 825 2679 marunt;
871 2636 899 2672 a
925 2620 1121 2687 quibus
1172 2634 1499 2690 magnopere
1539 2620 1822 2674 dissentio.
1865 2620 2134 2691 Ἀσκητάς

564 2691 709 2743 enim
737 2691 934 2758 priscis
957 2691 1063 2743 illis
1089 2691 1421 2758 temporibus
1463 2691 1728 2743 vocabant
1757 2705 1851 2745 eos
1876 2693 1966 2760 qui
1995 2693 2135 2746 inter

563 2761 906 2815 Christianos
929 2761 1176 2814 strictius
1197 2761 1465 2828 quoddam
1499 2775 1563 2814 ac
1599 2760 1788 2814 durius
1816 2763 1936 2814 vita:
1963 2777 2134 2829 genus

566 2833 984 2900 proﬁtebantur.
1012 2831 1182 2895 Quam
1225 2846 1416 2884 vocem
1450 2847 1481 2883 a
1525 2829 1860 2899 philosophis
1902 2833 2131 2887 mutuati

561 2911 736 2965 erant,
761 2902 852 2970 qui
880 2902 1325 2956 exercitationem
1351 2903 1568 2954 virtutis
1604 2911 1764 2970 atque
1794 2903 2133 2957 abstinentia:

560 2973 792 3042 ἄσκησιν
821 2972 1108 3025 vocabant.
1152 2970 1246 3024 Est
1291 2971 1431 3037 apud
1487 2971 1781 3042 Arrianmn
1834 2972 1887 3025 in
1940 2972 2032 3026 lib.
2068 2989 2130 3027 ιιι

563 3039 1027 3103 Dissertationum,
1055 3052 1218 3110 caput
1261 3041 1403 3109 Περὶ
1459 3039 1800 3109 ἀσκήσεως.
1849 3042 1944 3097 Sic
1987 3044 2129 3112 apud

559 3115 964 3168 Artemidorum
993 3114 1045 3165 in
1083 3111 1174 3165 lib.
1205 3127 1279 3179 tv,
1307 3127 1421 3181 cap.
1455 3113 1549 3176 55,
1576 3113 1884 3182 Alexander
1909 3111 2128 3182 quidatn

561 3183 1221 3269 ρριιιοῄεοριιιιεῄᾉνσκητής
1267 3193 1513 3269 vpcatur.
1561 3181 1645 3269 Et.
1675 3182 1829 3269 Philo
1854 3185 1904 3269 in
1928 3181 2073 3236 illud
2110 3201 2126 3239 :
2156 3213 2198 3269 ο

564 3252 839 3326 Excitatus
863 3263 938 3308 est
968 3252 1114 3321 Nec,
1137 3252 1256 3324 pag.
1281 3254 1411 3315 280,
1441 3253 1688 3326 ἀσκητήν
1719 3254 1934 3322 pietatis
1969 3269 2129 3326 exer-

561 3325 704 3379 citiis
729 3326 971 3378 deditum
1001 3338 1178 3380 vocat.
1217 3323 1384 3378 liecte
1417 3323 1582 3394 igitur
1606 3323 1836 3379 ltutinns
1861 3327 1974 3378 hate
2017 3323 2128 3379 Eu-

560 3395 692 3449 sebii
731 3395 921 3459 verba,
951 3404 1058 3448 lam
1090 3398 1154 3447 de
1179 3395 1394 3448 clericis
1426 3411 1585 3461 quam
1627 3395 1694 3449 de
1727 3397 2008 3449 monachis
2044 3396 2124 3448 in-

563 3475 893 3532 terpretatus
917 3477 999 3518 est
1037 3481 1050 3516 :
1085 3463 1190 3518 Sed
1229 3475 1275 3516 ct
1320 3465 1692 3517 abstinentiam
1751 3469 1904 3528 vitas,
1944 3481 2126 3518 eorum

557 3535 844 3596 duntaxat,
867 3538 952 3602 qui
971 3551 1104 3585 nunc
1122 3535 1172 3586 in
1204 3533 1432 3587 ccclesiis
1455 3537 1529 3586 cel
1557 3535 1884 3588 monasteriis
1909 3536 2126 3603 degunt,

559 3606 804 3657 describit
829 3604 898 3654 ad
927 3602 1204 3670 tiquitlum.
1248 3604 1371 3656 lltcc
1407 3605 1449 3656 si
1483 3602 2127 3658 animadvertissetSca-

560 3675 719 3742 liger,
746 3691 850 3727 non
890 3682 995 3725 tam
1027 3672 1188 3725 facile
1208 3675 1648 3740 reprehendisset
1672 3674 1988 3730 Eusebium.
2023 3674 2127 3728 Ne-

558 3762 665 3813 qtte
695 3746 838 3798 enim
896 3743 1160 3797 Eusebius
1207 3743 1501 3796 monachos
1544 3761 1572 3796 a
1617 3743 1796 3813 Marco
1841 3745 2125 3801 institutos

557 3811 680 3869 esse
707 3815 839 3869 dicit
861 3814 1220 3879 Alexandriae,
1238 3815 1328 3867 sed
1355 3825 1586 3867 ascctas.
1613 3811 1675 3865 lii
1693 3825 1873 3868 autem
1898 3818 2122 3868 multum

557 3885 760 3940 distant
787 3902 815 3938 a
865 3885 1166 3945 monachis,
1205 3893 1259 3936 ut
1317 3897 1488 3952 genus
1535 3884 1701 3936 distat
1745 3899 1774 3934 a
1809 3885 2009 3950 specie.
2060 3886 2125 3938 Et

559 3968 753 4008 ascctae
777 3957 994 4023 quidem
1026 3955 1077 4006 itt
1110 3954 1346 4006 Ecclesia
1394 3953 1608 4005 luerunt
1648 3968 1897 4023 semper;
1943 3971 2125 4008 mona-

557 4025 780 4077 chorum
812 4040 936 4078 vero
960 4039 1154 4078 nomen
1181 4035 1232 4076 et
1262 4023 1565 4075 institutum
1591 4026 1765 4078 serius
1785 4024 1969 4092 C(Bpil.
2000 4025 2124 4078 Seio

557 4093 878 4148 Cassianum
909 4095 960 4148 in
996 4095 1092 4148 lib.
1124 4107 1162 4146 ιι
1204 4093 1624 4153 Institutionunt,
1665 4095 1842 4162 capite
1868 4096 1924 4156 5,
1955 4093 2124 4148 Sozo-

557 4180 774 4218 menum
801 4175 856 4219 et
897 4165 1048 4226 alios,
1083 4166 1225 4217 hunc
1271 4164 1485 4216 Eusebii
1520 4164 1691 4216 locum
1729 4167 1795 4218 de
1836 4165 2122 4220 monachis

555 4237 850 4304 accepisse.
886 4236 1080 4288 Verum
1111 4234 1163 4286 hi
1193 4235 1258 4288 ab
1289 4233 1504 4287 Eusebii
1535 4245 1732 4298 mente,
1762 4249 1879 4288 tneo
1904 4236 2120 4303 quidem

547 4305 776 4372 judicio.
815 4308 937 4376 long
964 4308 1317 4376 aberrarunt.

626 4377 736 4448 (58)
774 4369 933 4447 Vulg:
956 4373 1330 4448 προσθήσειν
1353 4369 1825 4448 οἷςνλισεορήσειν
1844 4375 2118 4448 ἔμελλεν.

553 4446 628 4502 Ita
649 4444 863 4515 quidem
879 4444 944 4502 ex
961 4448 1146 4500 codice
1160 4444 1327 4516 Regio
1342 4445 1508 4499 edidit
1523 4444 1661 4516 iiut).
1683 4445 2122 4516 Stephanusﬂe-

553 4513 678 4572 rum
703 4519 754 4571 in
782 4519 954 4572 tribus
981 4519 1180 4570 nostris
1212 4513 1487 4570 codicibus
1520 4513 1680 4580 Mam,
1713 4515 1846 4570 Med.
1875 4525 1930 4568 et
1977 4515 2112 4570 Fnk.

2232 1958 2385 2011 θεῖον
2407 1955 2652 2024 καθαρᾶς
2685 1953 2778 2006 καὶ
2808 1951 3135 2023 εἰλικρινοῦς
3163 1951 3458 2022 Θεραπείας
3494 1969 3552 2004 τε
3585 1953 3682 2004 κα)⁸
3702 1951 3848 2023 091;-

2246 2047 2431 2110 σκείας
2459 2047 2640 2098 ἕνεκα.
2683 2046 2792 2097 Εἶτ’
2812 2040 2904 2097 οὖν
2933 2042 2992 2108 ἐξ
3020 2042 3214 2096 ἑαυτοῦ
3242 2043 3446 2113 ταύτην
3477 2043 3665 2106 αὐτοῖς
3709 2045 3843 2097 ἐπ’.-

2249 2139 2490 2193 τὲΘειται
2535 2139 2632 2209 τὴν
2672 2138 3065 2209 προσηγορίαν,
3107 2137 3324 2200 οἰκείως
3379 2138 3698 2209 ἐπιγράψας
3761 2140 3846 2209 τῷ

2239 2233 2422 2304 τρόπις)
2449 2231 2557 2284 τῶν
2589 2231 2795 2301 ἀνδρῶν
2823 2229 3079 2300 τοῦνομα,
3106 2231 3215 2282 εἴτε
3246 2231 3338 2284 καὶ
3357 2229 3526 2294 ὅντως
3556 2230 3706 2284 τοῦτ’
3742 2232 3848 2284 αὖ·

2238 2327 2362 2388 τοὺς
2397 2323 2625 2377 ἐκάλουν
2677 2321 3058 2395 καταρχὰςόῐ
3110 2322 3350 2394 πρῶτοι,
3404 2323 3676 2394 μηδαμῶς
3737 2324 3846 2394 τῆς

2237 2483 2478 2548 trag-illos
2517 2491 2679 2551 negat
2721 2481 3062 2536 Christianos
3111 2498 3347 2550 unquam
3415 2481 3604 2537 fuisse.
3657 2483 3845 2551 quue

2237 2555 2400 2618 paulo
2445 2563 2564 2622 post
2615 2553 2862 2622 pluribus
2907 2554 3244 2620 argumentis
3291 2553 3836 2609 demonstrabimus.

2238 2627 2343 2677 Sed
2374 2627 2512 2690 quod
2539 2623 2678 2676 idem
2729 2622 2972 2694 Scaliger
2999 2623 3310 2694 dicit,ri|los
3362 2623 3608 2677 Philonis
3659 2623 3840 2694 Θερα-

2238 2695 2438 2758 πευτάς
2473 2695 2706 2748 Essenos
2734 2693 2922 2754 l'uisse,
2951 2694 3003 2744 id
3046 2693 3173 2746 mihi
3202 2694 3529 2762 persuadere
3556 2709 3666 2747 non
3703 2693 3840 2764 pios-

2235 2781 2375 2818 snm.
2416 2765 2546 2817 Nam
2575 2766 2808 2832 primum
2861 2764 3077 2832 quidem
3127 2763 3284 2818 l’bilo
3327 2765 3381 2818 in
3441 2772 3554 2818 toto
3604 2763 3715 2817 illo’
3765 2767 3837 2819 lic

2236 2837 2333 2889 bro
2359 2833 2432 2887 De
2463 2836 2566 2888 vita
2599 2834 3032 2900 contemplativa,
3081 2849 3347 2901 nusquam
3404 2833 3526 2887 illos
3581 2834 3835 2891 Essenos

2234 2903 2638 2978 nominat._lmo
2688 2906 2869 2957 statim
2907 2906 2959 2978 in
2996 2905 3128 2978 ipso
3181 2904 3304 2957 libri
3357 2905 3617 2978 exordio,
3652 2903 3835 2978 θερα-

2233 2975 2439 3037 πευτάς
2471 2974 2544 3026 ait
2570 2984 2908 3040 nuncupatos
2936 2973 3121 3037 fuisse,
3167 2984 3220 3028 et
3275 2975 3534 3030 mulieres
3567 2973 3834 3042 ejusdem

2231 3045 2463 3116 instituti
2505 3043 2971 3116 Gepansuzpib‘ag._
2997 3042 3201 3116 Deinde
3257 3043 3445 3116 Essctti
3491 3047 3727 3114 quidem
3777 3049 3832 3101 in

2231 3115 2415 3170 Judaea
2453 3126 2660 3169 tantum
2688 3114 2842 3168 erant
2863 3130 2924 3167 ac
2949 3114 3257 3180 Palaestina,
3285 3124 3345 3167 nt
3377 3115 3583 3169 diserte
3627 3119 3837 3172 scribit

2234 3187 2410 3253 Philo,
2449 3196 2559 3239 tum
2592 3185 2644 3237 in
2705 3185 2842 3238 libro
2874 3184 3026 3248 Quod
3067 3185 3237 3237 omni:
3282 3185 3476 3251 probus
3527 3188 3596 3239 sit
3647 3187 3833 3252 liber;

2235 3266 2343 3310 tum
2377 3258 2428 3310 in
2456 3254 2711 3324 Apologia
2759 3272 2851 3319 pro
2889 3255 3114 3317 Judwis,
3140 3270 3302 3323 quam
3357 3255 3490 3309 citat
3546 3256 3832 3312 Eusebius

2232 3331 2284 3380 in
2313 3326 2448 3381 libro
2479 3341 2572 3379 vttt
2605 3326 2678 3378 De
2708 3326 3116 3394 prwparatione.
3145 3326 3504 3392 Therapeuta:
3554 3343 3692 3381 vero
3729 3345 3829 3394 per

2229 3412 2441 3452 omnem
2475 3395 2738 3449 Graeciam
2786 3410 2851 3448 ac
2890 3393 3201 3448 Barbariatn
3254 3394 3432 3447 dill'usi
3481 3408 3665 3450 erant.
3713 3393 3828 3453 Sed

2229 3468 2505 3537 praecipue
2531 3465 2582 3518 in
2612 3464 3021 3537 JEgyptocirca
3071 3464 3362 3519 Mareotem
3396 3467 3703 3537 degebant,
3767 3481 3828 3523 nt

2230 3535 2500 3599 aitPhilo,
2529 3535 3001 3606 quiMareoticam
3054 3548 3240 3588 eorum
3275 3535 3506 3604 patriam
3544 3547 3602 3589 et
3652 3542 3825 3606 quasi

2230 3607 2572 3676 metropolim
2621 3605 2790 3658 fuisse
2843 3613 3109 3669 testatur,
3167 3620 3277 3676 quo
3321 3605 3826 3676 prte_5tantissitnus

2227 3673 2456 3746 quisque
2483 3675 2944 3744 Therapeutarmn
2969 3675 3378 3744 commigrabat.
3419 3673 3675 3745 Denique
3722 3679 3823 3734 Jo-

2228 3745 2450 3815 sepbus,
2505 3746 2955 3816 diiigentissimns
2994 3745 3208 3816 alioqui
3263 3746 3523 3816 scriptor,
3569 3762 3702 3801 cum
3754 3751 3824 3805 de

2229 3816 2549 3870 Essenorttm
2584 3815 2732 3870 secta
2759 3816 2966 3868 duobus
2993 3815 3045 3866 in
3077 3815 3212 3868 locis
3239 3830 3300 3868 ex
3339 3815 3591 3882 professo
3632 3820 3823 3874 disse-

2225 3889 2418 3947 ruerit,
2449 3898 2628 3940 tamen
2652 3887 2716 3939 de
2747 3885 2850 3938 illis
2865 3883 3213 3955 θεωρητικοῖς
3233 3885 3451 3940 Essenis
3479 3902 3547 3940 ne
3578 3891 3820 3944 verbum

2225 3958 2444 4023 quidem
2482 3958 2641 4010 dixit.
2665 3955 2816 4008 Mitto
2840 3969 2984 4022 quou
3019 3955 3374 4022 'l‘berapeutis
3401 3957 3506 4009 illis
3537 3959 3720 4012 multa
3743 3970 3826 4013 at-

2228 4026 2616 4096 trihnitPhilo,
2649 4024 3236 4096 qnmradessenorutn
3277 4037 3426 4096 secta
3483 4027 3650 4096 longe
3721 4034 3823 4084 ab-

2226 4095 2469 4150 horrent.
2497 4095 2810 4164 Cujusmodi
2850 4094 2979 4148 illttd
3012 4105 3094 4148 est
3145 4097 3286 4164 quod
3341 4094 3406 4149 de
3471 4094 3819 4156 mulieribus

2224 4165 2608 4234 therapeuticis
2639 4167 2768 4218 dicit
2795 4205 2810 4228 ,
2863 4174 3192 4219 cumtamen
3218 4165 3368 4220 Philo
3401 4167 3610 4222 diserte
3645 4179 3823 4224 teste-

2226 4244 2311 4288 tur
2340 4235 2576 4290 Essenos
2614 4235 2930 4288 muliebrem
2971 4251 3157 4289 sexum
3191 4237 3459 4289 aversari.
3505 4235 3629 4291 Jam
3678 4241 3818 4294 illud

2221 4308 2361 4373 quod
2389 4307 2466 4358 ait
2509 4305 2684 4370 Philo,
2750 4304 3119 4373 Therapeutas
3174 4307 3558 4374 patrimonium
3637 4303 3814 4363 suum

2221 4376 2538 4444 propinquis
2579 4385 2631 4430 et
2665 4375 2854 4429 amicis
2915 4385 3108 4442 sponte
3159 4376 3490 4444 relinquere,
3552 4392 3624 4430 an
3701 4397 3817 4435 non

2225 4446 2508 4516 manifeste
2541 4455 2742 4516 pugnat
2776 4461 2898 4498 cum
2925 4460 2990 4498 eo
3025 4446 3168 4516 quod
3210 4445 3485 4514 Josephus
3539 4448 3818 4510 allirmat.

2224 4513 2454 4571 Essenos
2478 4513 2687 4571 scilicet
2722 4516 2852 4568 nihil
2890 4514 3202 4584 propinquis
3252 4517 3362 4569 suis
3417 4518 3652 4583 donare,
3717 4525 3819 4575 sed

553 4590 714 4642 aliter
741 4589 998 4644 scribitur
1039 4588 1124 4655 hic
1166 4589 1334 4651 locus,
1363 4586 1572 4639 οἴκοθέν
1591 4603 1650 4637 τε
1688 4588 1782 4638 καὶ
1812 4585 1872 4648 eg
1919 4587 2110 4639 ἑαυτοῦ

2232 4591 2400 4638 omnia
2433 4588 2482 4638 in
2532 4600 2818 4640 commune
2844 4581 3121 4639 conferre:
3178 4585 3390 4639 Feiellit
3448 4581 3816 4655 Scalig'erum

551 4660 899 4732 προσθήσειν,
926 4661 982 4711 ὲν
1008 4653 1090 4732 ¹οἷς
1137 4658 1441 4732 ἱστορήσειν
1491 4656 1735 4732 ἔμελλεν-
1759 4657 2117 4732 ἀπισχυρισά-

556 4729 898 4799 μενος.’ριι;υ
929 4730 1144 4797 quidem
1179 4729 1343 4780 lectio
1374 4729 1570 4799 rectior
1609 4729 1736 4780 tnibi
1771 4729 2007 4799 videtur.

624 4801 733 4870 (59)
763 4799 902 4867 Περὶ
924 4795 1068 4863 βίου
1097 4795 1483 4870 θεωρητικοῦἐ
1505 4797 1704 4870 Exstat
1735 4797 2000 4864 hodieque
2028 4797 2115 4852 hic

555 4866 792 4922 Philonis
824 4866 956 4923 ltUer
987 4871 1037 4922 in
1065 4883 1174 4935 quo
1203 4869 1422 4921 disserit
1455 4866 1610 4922 Philo
1639 4872 1704 4922 de
1734 4870 1838 4921 vita
1861 4883 2116 4935 quorum-

554 4943 676 4992 datn
714 4938 1171 5008 philosophomtn,
1233 4939 1348 5005 qui,
1397 4938 1598 4991 relictis
1638 4939 1951 4991 civitatibus
1983 4976 1997 5000 ,
2057 4937 2111 4991 in

550 5025 681 5077 agro
708 5021 760 5062 et
787 5010 1072 5062 solitudine
1105 5013 1380 5077 degentes,
1420 5008 1750 5062 orationibus
1785 5019 1840 5062 et
1869 5017 2114 5077 contem-

551 5076 1076 5149 plationivacabant.
1136 5076 1273 5148 quos
1335 5077 1673 5149 0epan_a_uca't;
1721 5081 1893 5149 dictos
1949 5076 2114 5130 fuisse

549 5145 644 5214 ait,
681 5150 1016 5222 ettnulicres
1045 5145 1461 5222 θεραπευτρίας.
1494 5145 1608 5222 ilus
1643 5148 1906 5222 Eusebius
1930 5159 2114 5222 noster

551 5222 663 5274 vult
688 5220 856 5274 fuisse
882 5217 1236 5289 Christianos,
1262 5217 1351 5289 qui
1393 5234 1458 5270 ex
1491 5217 1730 5273 ltebrwis
1763 5218 2008 5289 conversi
2044 5219 2112 5289 ab

547 5291 881 5360 evangelista
923 5287 1127 5352 Mat-co,
1181 5287 1507 5360 strictiorcm
1562 5290 1844 5360 quamdam
1897 5287 2110 5360 vivendi

548 5357 886 5431 disciplinam
925 5359 1424 5428 l’uerantamplcxi.
1453 5361 1523 5431 A_t
1561 5359 1876 5431 Scaligerin
1907 5357 2017 5431 lib._
2057 5372 2109 5411 vt

552 5431 624 5483 De
671 5427 1032 5484 emendatione
1093 5427 1380 5495 tetnpo’rum
1413 5470 1427 5495 ,
1476 5427 1727 5483 Essenos
1771 5428 1889 5482 illos
1947 5427 2112 5481 luisse

549 5503 828 5554 contendit
859 5519 872 5554 :
904 5511 954 5555 et
980 5501 1266 5553 Eusebium
1313 5501 1555 5569 graviter
1583 5500 1958 5569 reprehendit,
2015 5498 2109 5564 qui

546 5570 884 5624 Christianos
961 5572 1079 5626 illos
1122 5568 1328 5623 fuisse
1363 5570 1732 5623 allirmaverit.
1790 5568 1920 5621 Duo
1965 5583 2108 5622 emm

545 5654 743 5706 genera
778 5641 1103 5696 Essenorutn
1135 5641 1299 5692 fuisse
1329 5640 1523 5694 scribit
1557 5639 1832 5709 Sealiger;
1885 5648 1938 5692 et
1976 5637 2111 5709 alios

544 5711 759 5782 quidem
795 5712 960 5782 fuisse
987 5711 1341 5782 πρακτικούς,
1369 5714 1434 5764 de
1465 5709 1661 5782 quibus
1691 5708 1739 5762 in
1770 5710 1950 5782 priore
1975 5708 2110 5782 libro

543 5781 763 5833 disserit
789 5780 975 5844 Philo;
1008 5777 1138 5832 alios
1172 5777 1560 5848 θεωρητικούς.
1589 5779 1701 5848 Ego
1730 5794 1858 5833 vero
1912 5779 1964 5830 in
2009 5779 2110 5831 hoc

543 5851 756 5918 quidem
787 5849 1015 5903 libenter
1042 5847 1308 5903 assentior
1334 5847 1805 5920 Scaligero,’quod
1838 5847 2107 5918 θεραπευ-

2221 4654 2463 4710 l’hilonis
2490 4657 2658 4718 locus,
2689 4658 2779 4724 qui
2809 4656 3003 4707 librum
3035 4669 3190 4707 suum
3222 4655 3295 4708 De
3323 4658 3426 4708 rita
3465 4654 3818 4725 contempla-

2218 4725 2320 4777 tivo
2356 4728 2434 4779 sic
2459 4728 2740 4797 exorditur
2771 4745 2782 4778 :
2829 4725 3093 4797 Ἑσσαίων
3120 4726 3246 4797 πέρι
3279 4725 3584 4797 διαλεχθεὶς
3629 4729 3688 4780 οἳ
3721 4732 3820 4784 τὸν

2218 4797 2519 4864 πρακτικὸν
2554 4795 2833 4866 ἐζήλωσαν
2879 4796 2973 4848 καὶ
3008 4795 3330 4865 διεπόνὴσαν
3362 4795 3500 4866 βίον,
3552 4799 3612 4850 ὲν
3661 4801 3821 4854 ᾶπα-

2218 4882 2324 4938 σιντ
2351 4867 2384 4938 ἦ
2412 4868 2474 4938 τὸ
2517 4866 2644 4934 γοῦν
2670 4866 3094 4938 εὐφορητρτερον
3131 4868 3306 4938 εἰπεῖν
3330 4937 3335 4938 ν
3357 4870 3471 4931 τοῖς
3519 4866 3822 4934 πλείστοις

2219 4935 2410 5010 μέρεσι
2445 4937 2832 5010 διενεγκόντες,
2858 4935 3058 5010 fab-tim
3089 4937 3507 5010 uoluntaptjtbv
3527 5007 3535 5010 Α
3556 4938 3818 5010 Θεωρίαν

2215 5005 2616 5077 ἀσπασαμένων
2642 5005 2798 5068 λέξω.
2834 5007 3051 5060 Scilicet
3083 5005 3326 5076 Scaliger
3350 5007 3644 5070 Ἐσσαίων.
3675 5005 3824 5066 Sub-

2215 5080 2388 5130 audiri
2417 5078 2769 5132 existimavit.
2824 5078 2928 5130 Sed
2974 5078 3107 5131 nihil
3143 5091 3366 5132 necesse
3408 5089 3512 5132 est.
3570 5080 3673 5142 At,
3728 5083 3820 5135 in-

2215 5148 2388 5217 quies,
2413 5149 2630 5217 quinam
2667 5146 2830 5215 igitur
2860 5145 3082 5200 l'uerunt
3125 5147 3475 5216 Therapeutzn
3501 5148 3524 5200 ?
3553 5146 3824 5206 Judaicaa

2214 5215 2441 5284 quidem
2471 5218 2747 5288 religionis
2783 5216 3019 5288 cultores
3045 5217 3164 5273 illos
3194 5217 3362 5272 fuisse
3389 5232 3498 5272 non
3530 5217 3817 5288 dilliteor,

2216 5289 2450 5340 maxime
2485 5285 2613 5359 cum
2630 5285 2786 5340 Philo
2815 5287 2948 5341 nihil
2989 5298 3185 5359 prazter
3209 5287 3381 5359 legem
3438 5285 3824 5359 achprOpheL

2217 5364 2318 5419 tas,
2359 5372 2453 5412 eos
2496 5357 2771 5410 lectitasse
2837 5359 2998 5414 dicat.
3059 5358 3167 5413 Sed
3220 5357 3453 5411 Essenos
3509 5357 3636 5412 illos
3671 5357 3823 5418 'non

2214 5425 2404 5498 fuisse,
2441 5442 2503 5481 ex
2537 5427 2604 5479 iis
2633 5427 2886 5498 quaedixi
2913 5428 3068 5492 satis,
3099 5439 3156 5498 ut
3179 5428 3394 5496 opinor,
3419 5428 3608 5498 liquet.
3653 5430 3823 5486 Idem

2214 5497 2499 5566 nobiscum
2532 5495 2967 5566 sentit_l’botius
2996 5499 3048 5550 in
3099 5495 3430 5551 Bibliotheca
3471 5495 3591 5566 cap.
3641 5501 3766 5556 103
3806 5516 3824 5558 :

2225 5565 2676 5640 ’Aveyvdacfir‘o‘av‘
2699 5564 2756 5618 δὲ
2808 5566 3120 5640 ‘ttIN_ﬁap&
3174 5567 3444 5640 Ἰουδαίοις
3495 5564 3832 5640 φιλοσοφης-

2214 5615 2419 5690 σάντων
2445 5615 2626 5709 τῆν’τε
2655 5635 2797 5709 Θεωρ
2837 5637 2995 5706 τικὴν
3029 5615 3123 5691 κΓαὶ
3146 5637 3244 5708 τὴν
3289 5615 3601 5710 πρακτικὴν
3650 5615 3828 5710 (ptio:

2214 5706 2403 5760 caelati
2436 5708 2535 5760 ϐίοι
2561 5725 2571 5736 ·
2593 5702 2668 5760 ὧν
2697 5708 2745 5759 οι
2782 5655 2880 5760 Ulli
2943 5709 3212 5760 Ἐσσηνοὶ.
3263 5709 3314 5760 οἱ
3353 5709 3410 5760 δὲ
3440 5709 3828 5760 Gabar-caueat

2213 5706 2403 5788 σοφίαν
2434 5702 2535 5778 βίοι
2561 5725 2571 5736 ·
2593 5702 2668 5764 ὧν
2697 5708 2745 5759 οι
2768 5702 2880 5780 ’μὲν
2943 5702 3213 5780 Ἐσσηνοὶ,
3263 5709 3314 5760 oi
3336 5702 3410 5762 ’δὲ
3440 5702 3828 5780 Θερᾶπέυταὶ

2212 5776 2516 5828 ἐκαλουντο.

2241 5793 2516 5832 καλουντο.
