3894 6532
162 420 248 476 ίΠ
1201 418 1551 475 HISTORIA:
1589 418 1737 476 ECCI

1843 419 2163 477 ilASTICJE
2203 419 2335 477 LIB.
2374 418 2440 473 ll.

3319 416 3420 469 178

160 532 485 607 Χριστιανῶν
522 552 619 590 πω
648 537 1016 611 προσρήσεως
1042 536 1147 591 ἀνὰ
1174 537 1351 593 πάντα
1370 538 1533 593 τόπον
1560 539 1737 593 ἐπιπε-

1853 540 1922 595 ab
1957 538 2113 594 initio
2148 540 2218 593 ita
2260 537 2435 593 vocati
2474 536 2582 591 sint
2610 576 2624 601 ,
2661 550 2782 592 cum
2829 533 3266 592 Christianorum
3323 547 3422 586 no-

159 627 497 700 φημισμένης
532 628 691 701 (60),
750 635 866 689 οὑτι
902 648 987 684 πω
1027 630 1386 685 διατείνεσθαι
1425 632 1744 700 ἀναγκαῖον.

159 722 329 791 Ὅμως
362 717 535 776 δὀῦν
581 725 651 777 ὲν
698 723 944 796 πρώτοις
990 722 1087 795 τὴν
1137 722 1397 792 ἀπόταξιν
1428 724 1610 790 αὐτοῖς
1648 725 1746 796 τῆς

157 811 318 875 οὐσίας
362 817 688 886 μαρτυρεῖ,
734 817 963 886 φάσκων
1013 816 1351 888 ἀρχομένους
1398 817 1744 888 φιλοσοφεῖν,

156 900 444 965 ἐξίστασθαι
468 906 598 968 τοῖς
618 906 970 978 προσήκουσι
988 905 1094 959 τῶν
1126 905 1507 977 ὑπαρχόντων,
1558 905 1746 961 ἔπειτα

155 991 332 1057 πάσαις
358 993 850 1066 ἀποταξαμένους
887 999 1004 1060 ταῖς
1034 995 1128 1049 τοῦ
1169 996 1285 1066 βίου
1311 993 1609 1067 φροντίσιν,
1640 995 1747 1062 ἔξω

153 1084 320 1154 τειχῶν
350 1086 775 1158 προελθόντας,
823 1090 881 1142 ὲν
926 1089 1239 1162 μοναγρίοις
1277 1090 1369 1144 καὶ
1400 1090 1596 1160 κήποις
1646 1089 1747 1153 τὰς

150 1174 408 1247 διατριϐὰς
444 1178 775 1245 ποιεῖσθαι,
798 1177 898 1242 τὰς
925 1181 988 1232 ὲκ
1009 1177 1116 1231 τῶν
1147 1178 1416 1250 ἀνομοίων
1440 1179 1743 1251 ἐπιμιξίας,

151 1266 466 1331 ἀλυσιτελεῖς
488 1269 599 1323 καὶ
633 1269 809 1341 βλαϐε
819 1269 917 1340 ράς
944 1266 1003 1324 εὖ
1039 1270 1247 1335 εἰδότας
1263 1271 1397 1325 ’τῶν
1421 1272 1540 1327 κατ’
1568 1274 1747 1326 ἐκεῖνο

150 1359 316 1430 καιροῦ
350 1359 504 1413 τοῦθ’
531 1360 620 1425 ὡς
655 1364 815 1428 εἰκὸς
843 1362 1226 1418 ἐπιτελούντων
1260 1362 1481 1434 ἐκθύμῳ
1509 1364 1602 1417 καὶ
1630 1362 1747 1436 θερ-

150 1452 329 1522 petitu
360 1452 585 1517 πίστει,
640 1454 763 1509 τῶν
789 1456 882 1510 τὸν
910 1455 1241 1529 προφητικὸν
1282 1455 1476 1527 ζηλοῦν
1514 1455 1745 1511 ἀσκούν-

147 1559 233 1595 των
253 1541 383 1613 βίον.
436 1543 783 1617 Τοιγαροῦν
838 1545 941 1601 κάν
982 1550 1102 1611 ταῖς
1140 1546 1598 1618 ὁμολογουμέναις
1637 1548 1746 1602 τῶν

146 1635 431 1688 ἀποστόλων
464 1636 778 1708 Πράξεσιν
802 1638 1113 1710 ἐμφέρεται,
1143 1640 1225 1693 ὃτι
1251 1638 1314 1710 δὴ
1340 1641 1539 1704 πάντες
1559 1641 1608 1693 oi
1635 1640 1746 1693 τῶν

146 1726 435 1779 ἀποστόλων
463 1725 801 1800 γνώριμοι,
841 1728 907 1782 τὰ
947 1729 1197 1801 κτήματα
1226 1729 1321 1784 καὶ
1358 1728 1456 1794 τὰς
1484 1729 1746 1802 ὑπάρξεις

144 1819 668 1891 διαπιπράσκοντες,
701 1821 961 1894 ὲμέριζον
988 1820 1160 1875 ἅπασι
1191 1820 1312 1875 καθ’
1329 1821 1356 1876 ὃ
1372 1821 1437 1876 ἄν
1457 1840 1542 1887 τις
1557 1821 1745 1895 χρείαν

145 1906 284 1979 εἶχεν,
328 1910 407 1973 ὡς
457 1913 618 1983 μηδὲ
712 1906 855 1965 εἷναί
887 1928 1006 1965 τινα
1040 1911 1191 1984 ἐνδεῆ
1218 1913 1348 1984 παρ’
1374 1913 1556 1977 αὑτοῖς
1578 1926 1589 1937 ⁸
1629 1913 1743 1966 ὅσοι

143 1998 249 2071 γοῦν
275 2001 560 2073 κτήτορες
587 2002 828 2074 χωρίων
852 2002 885 2075 ἦ
916 2002 1099 2057 οἰκιῶν
1130 2003 1398 2074 ὑπῆρχον,
1436 2002 1511 2068 ὡς
1536 2006 1565 2057 ό
1586 2003 1744 2073 λόγος

144 2094 273 2162 φησὶ,
297 2093 639 2158 πωλοῦντες
667 2092 872 2166 ἔφερον
900 2094 999 2160 τὰς
1031 2094 1196 2166 τιμὰς
1216 2095 1326 2150 τῶν
1358 2096 1742 2168 πιπρασκομέ-

144 2202 249 2249 νων,
298 2184 570 2239 ὲτίθεσάν
603 2203 681 2247 τε,
711 2186 868 2258 παρά
908 2188 1032 2251 τοὺς
1070 2187 1237 2252 πόδας
1264 2186 1374 2240 τῶν
1406 2187 1740 2253 ἀποστόλων,

144 2273 257 2328 ὣστε
277 2276 634 2331 διαδίδοσθαι
660 2277 883 2350 ἑκάστῳ
901 2278 1021 2333 καθ’
1045 2281 1073 2333 ὃ
1099 2297 1152 2332 τι
1177 2280 1241 2334 ἂν
1256 2297 1338 2344 τις
1359 2280 1548 2352 χρείαν
1576 2276 1741 2351 εἶχεν.

146 2366 212 2419 Τὰ
237 2367 628 2440 παραπλήσια
669 2369 732 2421 δὲ
761 2368 970 2434 τούτοις
1016 2372 1373 2445 μαρτυρήσας
1408 2375 1522 2437 τοῖς
1549 2372 1742 2443 δηλου-

147 2457 304 2527 μένοις
342 2461 372 2513 ό
418 2459 650 2524 Φίλων,
699 2459 991 2526 συλλαϐαῖς
1036 2463 1229 2526 αὑταῖς
1266 2463 1518 2539 ἐπιφέρει
1570 2464 1742 2533 λέγων

142 2546 287 2602 ταῦτα
308 2550 439 2621 περὶ
457 2549 669 2604 αὑτῶν
694 2549 870 2605 οὕτω*
885 2570 902 2602 ι
922 2552 1193 2624 Πολλαχοῦ
1220 2555 1318 2625 μὲν
1337 2550 1429 2608 οῦν
1446 2556 1546 2627 τῆς
1565 2558 1741 2610 οἰκου-

146 2637 288 2708 μένης
325 2641 450 2693 ἐστὶ
492 2641 562 2694 τὸ
615 2642 807 2710 γένος.
840 2643 987 2697 Ἔδει
1015 2645 1124 2718 γὰρ
1153 2645 1362 2715 ἀγαθοῦ
1392 2648 1598 2702 τελείου
1639 2667 1739 2720 με-

143 2733 333 2801 τασχεῖν
352 2730 451 2786 καὶ
479 2733 600 2803 τὴν
630 2732 865 2788 Ἐλλάδα
895 2737 988 2790 καὶ
1005 2737 1103 2806 τὴν
1126 2737 1425 2811 βάρϐαρον.
1449 2740 1740 2806 Πλεονάζει

139 2820 174 2874 δ’
202 2824 254 2875 ὲν
313 2823 605 2895 Αἰγύπτῳ
684 2826 813 2880 καθ’
858 2826 1087 2882 ἕκαστον
1138 2829 1248 2882 τῶν
1297 2831 1739 2903 ἐπικαλουμένων

139 2913 311 2985 νομῶν,
345 2917 448 2971 καὶ
484 2916 756 2988 μάλιστα
795 2920 924 2991 περὶ
959 2919 1059 2991 τὴν
1095 2921 1521 2995 Ἀλεξάνδρειαν.
1573 2927 1635 2979 Οἱ
1681 2924 1739 2979 δὲ

48 3001 53 3009 ’
140 3004 457 3074 πανταχόθεν
488 3005 757 3077 ἄριστοι,
801 3006 1055 3080 καθάπερ
1083 3011 1163 3075 εἰς
1197 3011 1434 3082 πατρίδα
1471 3010 1738 3082 θεραπευ-

140 3096 243 3162 silv,
269 3098 543 3152 ἀποικίαν
585 3097 913 3153 στέλλονται
951 3099 1060 3171 (61)
1081 3102 1218 3173 πρός
1249 3103 1521 3175 τιχωρίον
1545 3105 1737 3176 ἐπιτη-

139 3186 399 3253 δειότατον,
424 3192 584 3265 ὅπερ
613 3192 773 3245 ἐστὶν
808 3191 947 3264 ὑπὲρ
973 3192 1169 3263 λίμνης
1211 3194 1430 3266 Μαρίας
1483 3193 1734 3266 κείμενον

140 3279 211 3333 ἐπὶ
231 3283 511 3353 γεωλόφου
532 3284 982 3356 χθαμαλωτέρω
1014 3286 1222 3356 σφόδρα
1245 3285 1534 3358 εὐκαίρως,
1557 3286 1735 3357 ἀσφα-

139 3369 261 3436 λείας
283 3391 342 3427 τε
365 3374 550 3429 ’ἑνεκα
594 3377 702 3429 καὶ
746 3376 909 3447 ἀέρος
951 3376 1271 3447 εὐκρασίας.
1302 3395 1321 3429 ι
1345 3373 1459 3430 Εἶθ’
1485 3377 1610 3450 ἑξῆς
1634 3377 1733 3441 τάς

139 3464 350 3536 οἰκήσεις
390 3468 596 3522 αὑτῶν
650 3467 844 3521 ὁποῖαί
876 3484 1020 3532 τινες
1051 3464 1192 3540 ἦσαν
1223 3468 1552 3543 διαγράψας,
1606 3471 1734 3543 περὶ

139 3558 226 3612 τῶν
240 3562 379 3615 κατὰ
394 3561 479 3634 χὼ
488 3579 609 3635 ραν
630 3560 946 3632 ἐκκλησιῶν
960 3560 1133 3614 ταῦτά
1153 3579 1336 3633 φησιν·
1362 3581 1380 3613 ι
1418 3562 1506 3615 Ἐν
1528 3562 1737 3636 ἑκάστῃ

140 3648 355 3723 δὲοῑκίᾳ,
384 3652 550 3707 ἔστιν
591 3652 818 3723 οἴκημα
855 3653 996 3725 ἱερὸν
1023 3652 1051 3706 ὃ
1085 3653 1328 3707 καλεῖται
1358 3657 1606 3725 σεμνεῖον
1640 3653 1735 3708 xui.

143 3746 508 3817 μοναστήριον,
561 3747 632 3799 ὲν
672 3737 723 3813 ᾧ
762 3745 1100 3817 μονούμενοι,
1131 3743 1203 3798 τά
1231 3745 1327 3798 τοῦ
1367 3745 1565 3817 σεμνοῦ
1616 3745 1731 3817 βίου

145 3838 388 3907 μυστήρια
409 3836 756 3899 τελοῦνται,
788 3837 951 3907 μηδὲν
984 3838 1408 3910 εἰσκομίζοντες,
1439 3839 1514 3911 μὴ
1549 3839 1729 3903 ποτὸν,

146 3924 205 3996 μὴ
235 3928 419 3988 σιτίον.
463 3930 629 4001 μήτε
660 3945 721 3981 τι
750 3927 859 3981 τῶν
881 3928 1053 3983 ἄλλων
1095 3930 1194 3984 ὅσα
1218 3930 1356 4003 πρὸς
1375 3929 1474 3995 τὰς
1508 3931 1604 3984 τοῦ
1630 3930 1733 3984 σώ-

144 4034 284 4086 ματος
309 4022 509 4093 χρείας
537 4022 859 4090 ἀναγκαῖα,
878 4021 1011 4075 ἀλλὰ
1034 4023 1232 4094 νόμους
1248 4024 1340 4077 καὶ
1364 4022 1517 4093 λόγια
1543 4023 1733 4077 θεσπι-

144 4109 309 4166 σθέντα
353 4112 448 4167 διὰ
506 4112 837 4184 προφητῶν
883 4114 976 4167 καὶ
1029 4113 1253 4186 ὕμνους,
1303 4114 1399 4169 καὶ
1454 4114 1619 4170 τᾶλλα
1650 4109 1733 4178 οἷς

140 4202 386 4277 ἐπιστήμη
405 4206 513 4259 καὶ
545 4203 824 4259 εὐσέϐεια
851 4206 1200 4273 συναύξονται
1228 4208 1322 4261 καὶ
1345 4207 1728 4263 τελειοῦνται.»

146 4294 233 4348 Καὶ
277 4296 395 4369 μεθ’
430 4297 628 4369 ἕτερά
677 4312 849 4367 φησι’
895 4317 914 4349 ι
947 4297 1020 4351 Τὸ
1059 4298 1116 4351 δὲ
1160 4298 1225 4365 ἐξ
1267 4299 1490 4354 ἑωθινοῦ
1541 4300 1734 4373 μέχρις

142 4385 350 4459 ἑσπέρας
405 4389 725 4460 διάστημα
779 4387 996 4459 σύμπαν
1055 4389 1237 4455 αὑτοῖς
1290 4393 1436 4445 ἐστιν
1479 4392 1733 4464 ἄσκησις.

152 4475 601 4551 ἐντυγχάνοντες
638 4478 755 4551 γὰρ
794 4483 905 4546 τοῖς
948 4484 1113 4554 ἱεροῖς
1158 4484 1469 4555 γράμμασι,
1522 4483 1733 4555 φιλοσο-

1848 648 1974 689 men
2021 632 2258 687 nondum
2293 632 2494 700 ubique
2527 628 2779 685 diffusum
2827 644 2891 683 ac
2926 627 3300 699 pervulgatum
3327 641 3420 680 es-

1848 733 1966 788 set,
1996 723 2134 778 nihil
2162 737 2296 793 opus
2326 731 2413 779 est
2458 721 2816 792 pertinaciter
2857 718 3209 773 contendere.
3240 715 3417 772 Caete-

1848 828 1968 869 rum
2009 825 2138 869 ante
2180 814 2365 868 omnia
2400 812 2620 882 quidem
2654 809 2936 866 facultates
2963 824 3090 863 suas
3125 806 3246 864 illos
3277 804 3416 871 abji-

1847 921 1973 962 cere
2006 914 2258 961 testatur.
2305 905 2397 960 Ait
2435 906 2577 959 enim
2625 902 2784 959 simul
2817 912 2979 972 atque
3017 899 3082 955 ad
3114 902 3218 956 hoc
3249 898 3424 971 philo-

1847 999 2112 1071 sophandi
2146 1012 2317 1069 genus
2348 1012 2410 1053 se
2454 996 2786 1053 contulerint
2812 1036 2828 1062 ,
2860 994 3111 1051 omnibus
3137 1008 3230 1050 eos
3260 988 3420 1046 bonis

1848 1092 1917 1147 ad
1946 1091 2281 1161 propinquos
2307 1103 2435 1144 suos
2465 1087 2802 1144 transmissis
2826 1087 2970 1142 ultro
3002 1087 3213 1141 cedere.
3254 1083 3424 1138 Dein-

1846 1184 1913 1239 de
1936 1183 2145 1251 abiecta
2172 1180 2319 1237 omni
2352 1195 2535 1237 rerum
2565 1180 2921 1236 humanarum
2948 1193 3106 1246 cura,
3135 1187 3290 1232 extra
3320 1192 3417 1233 ur-

1847 1274 1968 1331 bem
2008 1288 2347 1344 progressos,
2379 1272 2433 1326 in
2460 1271 2634 1327 hortis
2661 1271 2959 1342 agellisque
2983 1270 3154 1326 deviis
3177 1271 3373 1342 degere
3399 1289 3416 1327 :

1847 1366 2049 1438 quippe
2078 1366 2170 1436 qui
2206 1364 2516 1435 intelligant
2550 1361 2831 1418 dissimilis
2853 1361 3111 1432 propositi
3141 1361 3418 1415 hominum

1847 1459 2202 1513 contubernia
2239 1464 2295 1511 et
2323 1455 2650 1510 commercia
2688 1454 2982 1525 plurimum
3013 1453 3208 1507 obesse
3236 1451 3416 1523 philo-

1848 1550 2079 1621 sophire.
2107 1548 2259 1615 Quod
2291 1548 2511 1619 quidem
2548 1546 2695 1601 illius
2718 1544 2981 1615 temporis
3002 1542 3295 1599 Christiani
3327 1559 3419 1613 ge-

1850 1651 2049 1691 neroso
2078 1636 2315 1706 quodam
2350 1650 2416 1690 ac
2447 1635 2630 1689 divino
2678 1632 2798 1688 lidei
2829 1633 3023 1686 ardore
3065 1634 3307 1687 succensi
3339 1635 3422 1688 in-

1846 1729 2094 1784 stituisse
2138 1727 2271 1783 mihi
2302 1726 2580 1793 videntur,
2629 1741 2751 1780 cum
2791 1724 3159 1797 propheticum
3204 1725 3425 1780 vivendi.

1847 1820 2112 1874 rationem
2164 1819 2410 1873 aemulari
2463 1817 2765 1873 studerent.
2816 1816 3026 1871 Etenim
3088 1818 3141 1871 in
3195 1817 3423 1872 Actibus

1779 1887 1818 1941 Β
1846 1910 2221 1983 apostolorum
2246 1950 2263 1976 ,
2301 1910 2393 1980 qui
2440 1909 2574 1963 nihil
2610 1901 2809 1978 praéter
2837 1909 3107 1964 sinceram
3138 1908 3421 1962 veritatem

1846 2005 2127 2059 continent
2158 2043 2172 2069 ,
2208 2003 2472 2073 scriptum
2524 1999 2777 2065 habetur,
2811 2015 3000 2055 omnes
3050 2000 3420 2071 apostolorum

1845 2095 2146 2165 discipulos
2195 2094 2416 2165 przediis
2469 2102 2524 2148 et
2578 2090 2933 2147 facultatibus
2980 2090 3094 2146 suis
3142 2090 3445 2156 venditis,

1845 2186 2076 2257 pretium
2113 2184 2376 2240 fratribus
2426 2192 2589 2255 prout
2627 2184 2888 2254 cujusque
2930 2183 3229 2239 necessitas
3263 2181 3423 2256 ﬂagi-

1846 2277 2029 2344 tabat,
2056 2277 2312 2332 divisisse
2339 2317 2354 2340 ,
2402 2277 2539 2331 adeo
2572 2284 2632 2327 ut
2675 2275 2818 2329 inter
2848 2276 2999 2346 ipsos
3030 2290 3187 2328 nemo
3216 2289 3421 2344 egenus

1842 2369 2150 2425 exsisteret.
2199 2368 2476 2440 Quotquot
2496 2369 2640 2423 enim
2670 2382 3011 2439 possessores
3035 2381 3285 2435 agrorum
3329 2377 3423 2420 aut

1843 2462 2336 2528 domorum'erant,
2366 2472 2425 2517 ut
2458 2463 2533 2517 ait
2570 2461 2766 2526 Lucas,
2794 2459 3093 2515 vendentcs
3121 2458 3420 2514 allerebant

1842 2553 2014 2624 pretia
2049 2568 2241 2608 eorum
2288 2568 2408 2623 quae
2448 2553 2844 2618 vendebantur,
2875 2562 2929 2608 et
2975 2552 3257 2621 ponebant
3293 2561 3422 2606 ante

1842 2646 2007 2716 pedes
2069 2645 2461 2716 apostolorum.
2534 2645 2891 2701 Dividebatur
2946 2654 3126 2698 autem
3190 2644 3433 2715 singulis

1842 2748 2006 2809 prout
2030 2739 2227 2809 cuique
2253 2754 2388 2810 opus
2411 2746 2551 2794 erat.
2584 2737 2679 2791 llis
2703 2736 2859 2807 plane
2888 2737 3085 2792 similia
3113 2737 3178 2791 de
3211 2735 3420 2790 Thera-

1840 2830 2018 2900 peutis
2044 2841 2332 2901 postquam
2365 2828 2520 2885 Philo
2557 2827 2663 2899 55
2689 2837 2917 2884 testatus
2942 2837 3044 2892 est,
3076 2838 3188 2882 tum
3221 2827 3323 2882 ista
3348 2827 3425 2880 ad

1838 2922 2062 2976 verbum
2093 2920 2449 2991 subjungitn
2487 2920 2546 2976 Id
2595 2936 2768 2989 genus
2817 2922 3097 2976 hominum
3152 2921 3205 2975 iu
3249 2919 3420 2972 variis

1840 3010 1994 3067 orbis
2037 3011 2351 3083 regionibus
2380 3024 2629 3080 sparsum
2680 3011 2974 3080 reperitur.
3021 3010 3243 3066 Graecos
3267 3010 3429 3063 enim.

1839 3112 1890 3158 et
1925 3102 2193 3159 barbaros
2230 3101 2365 3155 tanti
2395 3101 2522 3156 boni
2548 3101 2841 3171 participes
2870 3101 2985 3155 ﬁeri
3022 3103 3269 3155 decebat.
3298 3103 3434 3157 Flo-
3478 3114 3483 3119 ·

1839 3202 1921 3249 ret
1950 3205 2130 3249 tamen
2172 3193 2448 3262 praecipue
2491 3194 2545 3246 in
2576 3191 2851 3262 Egypto,
2892 3209 2987 3263 per
3030 3195 3271 3264 singulas
3298 3195 3423 3267 ejus

1840 3283 2188 3354 praefecturas
2226 3281 2795 3347 dill‘usum,'maxime
2842 3297 2970 3337 vero
2996 3279 3139 3338 circa
3179 3282 3418 3339 Alexan-

1838 3376 2036 3432 driam.
2066 3375 2335 3431 Caeterum
2374 3388 2439 3428 ex
2481 3370 2737 3427 omnibus
2759 3386 2920 3427 terra:
2950 3373 3194 3436 partibus
3223 3374 3415 3445 optimi

1836 3470 2036 3540 quique
2063 3469 2117 3524 in
2172 3467 2345 3522 locum
2398 3465 2688 3537 quemdam
2731 3464 3423 3535 opportunissimum,’qui

1835 3572 1918 3618 est
1947 3571 2100 3617 trans
2124 3560 2351 3616 Mariam
2380 3561 2628 3632 paludem
2656 3561 2710 3614 in
2738 3558 2875 3613 colle
2905 3550 3127 3613 terreno
3152 3558 3285 3614 satis
3319 3559 3419 3612 hu-

1836 3654 1949 3709 mili
1986 3654 2145 3720 situs,
2179 3663 2233 3709 et
2259 3663 2371 3709 tum
2402 3665 2627 3724 propter
2650 3653 3030 3716 securitatem,
3065 3662 3177 3706 tum
3201 3652 3271 3708 ob
3293 3652 3421 3707 coeli

1842 3747 2162 3816 temperiem
2209 3746 2685 3801 commodissimus
2712 3786 2737 3813 ,,
2768 3754 3024 3813 tanquam
3077 3741 3133 3796 in
3184 3742 3417 3812 patriqu

1839 3839 2308 3912 Therapeutarum
2336 3840 2592 3908 migrant.
2638 3856 2658 3890 ι
2709 3837 2847 3892 lline
2890 3845 3177 3906 postquam
3228 3832 3419 3902 cujus-

1837 3934 1981 3989 modi
2035 3943 2225 3988 essent
2273 3932 2492 3988 illorqu
2526 3931 2803 3988 domicilia
2839 3930 3131 4000 descripsit
3158 3968 3174 3995 ,
3224 3928 3292 3983 de
3324 3941 3418 3982 ec-

1834 4024 2018 4080 clesiis
2058 4032 2198 4095 ‘quas
2226 4026 2395 4080 variis
2444 4025 2498 4080 in
2549 4025 2687 4080 locis
2726 4032 3035 4078 exstructas
3066 4021 3309 4088 habent,
3344 4019 3417 4073 ita

1836 4116 1966 4171 dicit
2001 4132 2017 4171 :
2058 4136 2077 4167 ι
2114 4116 2172 4172 ln
2199 4117 2432 4189 singulis
2462 4127 2644 4171 autem
2697 4116 2986 4171 domiciliis
3031 4126 3114 4170 est
3147 4114 3418 4182 quoddam

1834 4207 2090 4262 sacellum
2115 4209 2258 4278 quod
2279 4223 2560 4265 semneutn
2599 4219 2654 4264 et
2682 4208 3066 4264 monasterium
3096 4205 3418 4275 appellatur.
3452 4240 3461 4247 .

1836 4297 1894 4355 lu
1916 4314 2025 4370 quo
2054 4300 2177 4366 soli,
2216 4302 2445 4356 remotis
2476 4300 2722 4367 arbitris,
2746 4298 3038 4354 sanctioris
3068 4299 3192 4351 vitae
3217 4307 3420 4368 myste-

1837 4391 1916 4445 ria
1952 4399 2237 4462 peragunt.
2269 4390 2379 4446 Nec
2411 4391 2593 4445 cibum
2637 4403 2920 4461 potumve,
2954 4405 3053 4445 nec
3084 4403 3271 4444 eorum
3297 4405 3419 4459 quae

1837 4482 1903 4537 ad
1933 4485 2179 4554 corporis
2224 4498 2410 4538 curam
2455 4482 2732 4551 pertinent
2778 4480 3084 4551 quidquam
3136 4493 3202 4533 eo
3231 4493 3417 4534 secum

142 4569 274 4635 ςοῦσι
316 4574 418 4644 τὴν
472 4574 738 4644 πάτριον
784 4572 1098 4643 φιλοσοφίαν
1129 4574 1239 4645 (69.)
1269 4574 1730 4649 ’ἀλληγοροῦντες,

1843 4573 2079 4629 inferunt
2107 4596 2120 4632 :
2145 4576 2239 4630 sed
2266 4574 2436 4644 legem
2472 4575 2742 4630 duntaxat
2769 4583 2823 4628 et
2852 4573 3244 4643 prophetarum
3288 4586 3418 4625 ora-

142 4658 298 4735 ἐπειδὴ
312 4665 582 4736 σύμϐολα
601 4663 677 4717 τὰ
702 4662 802 4733 τῆς
823 4664 990 4734 ῥητῆς
1021 4665 1320 4737 ἑρμηνείας
1343 4665 1652 4739 νομίζουσιν
1677 4669 1737 4720 ἀς

143 4755 609 4827 τοκεκρυμμένης
643 4751 881 4822 φύσεως,
895 4754 949 4808 ὲν
967 4754 1241 4819 ὑπονοίαις
1257 4756 1415 4828 δηλου
1423 4757 1588 4828 μένης
1611 4756 1742 4829 (65).

197 4869 298 4939 (60)
330 4873 977 4943 Ἐπιπεερημισμένης.
1004 4873 1058 4927 ln
1097 4876 1275 4929 tribus
1306 4877 1509 4930 nostris
1539 4876 1741 4931 codici-

147 4937 425 5084 ἰῗὲμὺἐξικη
460 4937 721 4999 medic
760 4937 1199 5015 Fulsfscriptum
1258 4945 1436 5002 inveni
1490 4948 1741 5020 ὲμπεφη-

209 5081 215 5084 Α
286 5031 414 5084 νης-
684 5083 717 5084 ,,

149 5024 414 5078 μισμενης.

201 5031 457 5155 ἰτιῇΞῖ
486 5083 768 5155 πατρίδα
790 5085 1070 5140 ἀποικίαν
1100 5085 1481 5141 στέλλονται.
1507 5086 1607 5143 Hie
1632 5088 1737 5142 im-

149 5156 343 5228 proprie
367 5158 638 5228 loquitur
663 5154 841 5228 Philn.
868 5155 996 5209 Nam
1025 5156 1202 5211 coloni
1227 5157 1516 5228 ex_patria,
1547 5160 1729 5228 potius

148 5235 284 5289 quam
313 5226 369 5280 iu
406 5225 669 5297 patriam
706 5227 938 5296 migrare
966 5228 1237 5297 dicuntur.
1268 5225 1334 5280 Et
1385 5225 1564 5284 tamen
1596 5229 1731 5296 ligu-

144 5305 195 5370 τξ
219 5306 292 5348 est
309 5295 426 5370 non
459 5295 1199 5370 inelegansdtmtxiavHei;
1234 5297 1487 5370 πατρίδα,
1518 5298 1730 5370 στέλλε-

150 5360 267 5417 σθαι.
309 5365 450 5440 Nam
479 5360 1202 5440 Therapentzequi,relicta
1235 5360 1430 5435 patria,
1477 5369 1530 5422 in
1558 5368 1730 5440 Egy-

146 5441 271 5511 ptum
298 5437 366 5490 ad
396 5451 618 5511 pagum
659 5435 1007 5511 Mareoticum
1045 5439 1500 5511 commigrabant,
1535 5435 1728 5495 merito

148 5503 795 5562 dicuntur—in'coloniam
834 5509 993 5562 mitti.
1037 5504 1154 5561 Jam
1207 5503 1338 5564 vero
1384 5524 1505 5562 cum
1561 5511 1724 5565 iidem

148 5568 493 5651 Iber-apeuta:
523 5577 716 5651 locutu
750 5575 891 5651 illum
924 5593 1022 5646 pro
1052 5577 1223 5647 patria
1254 5578 1561 5651 habuerint,
1582 5592 1731 5635 recte

152 5643 382 5700 dicuntur
422 5649 479 5701 in
514 5646 770 5716 patriam
803 5643 1081 5716 migrasse,
1104 5664 1227 5703 cum
1258 5648 1388 5704 illuc
1408 5651 1730 5719 proticisce-

155 5724 337 5769 rentur.

208 5782 926 5864 (62)_?dgaqgaoﬁgzﬂrhﬁr
953 5786 1200 5864 gzdrptmf
1232 5790 1619 5864 φιλοσοφίαν.
1650 5790 1730 5864 Ita

152 5864 200 5901 ex
236 5858 419 5912 codice
449 5858 633 5926 [legio
665 5855 841 5909 edidit
870 5856 1003 5914 Rob.
1053 5855 1380 5930 Stephanus.
1444 5855 1642 5917 Verum
1675 5863 1726 5915 in

1849 4667 1971 4722 eula
2018 4667 2362 4738 hymnosque
2406 4677 2462 4724 et
2506 4668 2612 4723 alia
2652 4667 2996 4737 hujusmodi,
3021 4665 3218 4735 quibus
3244 4664 3419 4733 pietas

1852 4758 2014 4815 simul
2050 4774 2115 4813 ac
2156 4756 2394 4814 scientia
2441 4770 2709 4832 augentur
2754 4769 2810 4815 et
2864 4745 3335 4813 consummantur:
3392 4777 3412 4811 ι

1849 4878 2039 4934 codice
2073 4877 2212 4933 Max.
2238 4892 2303 4931 ac
2338 4877 2480 4932 Med.
2506 4880 2766 4946 scriptum
2808 4875 2988 4930 inveni
3028 4874 3140 4947 τὴν
3188 4865 3419 4947 πάτριον

1847 4947 2198 5020 φιλοσοφοῦσι
2226 4948 2439 5020 σοφίαν.
2475 4950 2528 5020 lu
2565 4943 2749 5020 codice
2796 4956 2985 5020 a_utem_
3027 4943 3167 5020 thk.
3195 4943 3420 5020 “legitur

1844 5014 1944 5093 τὴν
1969 5014 2195 5093 πάτριον
2219 5014 2567 5093 φιλοσοφοῦσι
2588 5016 2924 5093 φιλοσοφίαντ
2951 5014 3104 5093 Quod
3126 5014 3264 5093 inihi
3298 5014 3422 5093 ηυξ·
3518 5076 3525 5085 ί

1843 5085 1965 5146 dem
2006 5085 2209 5144 rectius
2232 5085 2469 5144 Videtur.
2506 5085 2769 5143 Sicinnim
2792 5085 2962 5140 ‘Philo
2995 5086 3141 5152 loqui
3184 5085 3324 5137 solet
3353 5085 3420 5138 de

1843 5159 2065 5221 Judmis.
2117 5169 2172 5212 ut
2204 5159 2255 5212 in
2288 5160 2380 5213 lib.
2415 5175 2472 5213 tn
2501 5160 2575 5212 De
2608 5159 2711 5211 vita
2746 5156 2913 5211 Musis
2940 5197 2955 5222 ,
2993 5156 3163 5209 εἰσέτι
3197 5153 3292 5208 νῦν
3325 5171 3417 5221 φι-

1836 5229 2127 5301 λοσοφοῦσι
2151 5233 2273 5295 ταῖς
2301 5230 2558 5301 εόδόμαις
2599 5228 2841 5301 Ἰουδαῖοι
2870 5226 3231 5301 τήνξπάτριον
3270 5223 3424 5301 φιλο-ι

1837 5243 2127 5301 Λοσοφουσι
2151 5243 2273 5295 ταις
2301 5243 2558 5300 εοοομαις
2603 5243 2841 5282 ἰουοαιοι
2870 5243 2970 5298 τήν
3004 5243 3231 5348 πατριον
3270 5243 3424 5293 φιλο-ι

1838 5318 1900 5354 σο
1946 5302 2068 5355 ίαν·
2110 5310 2163 5355 et
2200 5302 2251 5353 in
2294 5300 2575 5369 Legatione
2598 5301 2665 5351 ad
2691 5297 3008 5362 ﬂammma).
3079 5295 3114 5348 ά
3148 5311 3271 5347 ιστα
3298 5295 3425 5357 ταῖς

1835 5319 2111 5443 ὲὸδρόμαις,
2146 5371 2236 5424 ὅτε
2262 5370 2498 5442 δημοσίᾳ
2531 5370 2632 5440 τὴν
2678 5369 2905 5440 πάτριον
2934 5314 3279 5421 παιὲιεύονται
3325 5382 3418 5435 φι-

2095 5413 2111 5437 ,
2146 5388 2236 5424 oss
2262 5388 2498 5437 οημοσιᾳ
2531 5388 2632 5437 την
2678 5388 2905 5437 πατριον
2934 5388 3279 5421 παιοευονται
3325 5388 3418 5435 φι-

1835 5442 2109 5497 λοσοφίαν.
2962 5494 2965 5497 .

1911 5460 2209 5582 ἷὲἓῖαἷὼις.
2232 5511 2302 5564 ἐν
2320 5510 2633 5582 ὑπονοίαις
2642 5494 3340 5582 δηλούμενᾴηιιιμιηιίιρηθ
3363 5516 3420 5560 οι

1840 5584 1893 5637 in
1917 5576 2106 5638 codice
2132 5576 2295 5641 Ποῖ..
2319 5580 2457 5633 Med.
2480 5589 2536 5635 et
2562 5580 2695 5637 Fuk.
2724 5589 2779 5649 et
2813 5577 2980 5649 bavilg.
3009 5577 3203 5649 legitur
3224 5576 3420 5649 δηλου-

1843 5653 2010 5724 μένης
2036 5656 2271 5724 rectius.
2288 5651 2459 5705 Porro
2485 5651 2614 5719 quid
2644 5648 2913 5724 signiticet
2947 5647 3205 5724 ὑπονοίας
3261 5647 3420 5724 voca-

1841 5717 2023 5775 imlu'tn
2053 5761 2069 5786 ,
2119 5722 2307 5790 paucis
2361 5717 2545 5790 notum
2600 5717 2724 5774 esse
2756 5717 3016 5772 arbitror.
3066 5720 3422 5790 Antiquiorcs

1838 5792 2012 5847 ϐπ·ωοί
2053 5787 2311 5855 ὑπονοίας
2339 5789 2630 5854 vocabant,
2663 5804 2800 5859 quas
2858 5787 3231 5859 recentiores'
3251 5787 3422 5855 ἀλλη-

1841 5862 2032 5930 γορίας
2062 5864 2274 5926 dixere,
2307 5876 2429 5916 cum
2466 5858 2693 5921 scilicet
2730 5858 2876 5915 aliud
2905 5859 3124 5922 dicitur.
3154 5859 3301 5914 aliud
3351 5860 3424 5913 iu-
