3894 6476
518 413 620 470 179
1211 399 1480 459 EUSEBII
1516 396 2000 455 CAESAIllENSlS
2035 395 2189 453 OPP.
2228 394 2413 451 PARS
2448 392 2491 452 ῐ.
2532 425 2600 439 --
2637 392 3033 451 HISTORICA.
3651 387 3752 443 l80

497 523 691 579 Paucis
716 523 913 578 deinde
946 521 1278 593 interpositis
1310 520 1425 575 haec
1460 518 1774 589 subjungit:
1812 537 1831 569 ‹
1869 517 2064 573 Τοιιιηι

2186 517 2330 571 Ἐστι
2355 515 2399 570 δ’
2423 490 2605 580 aliter;
2636 516 2730 570 καὶ
2754 513 3160 586 συγγράμματα
3189 508 3446 566 παλαιῶν.
3459 507 3688 579 ἀνδρῶν,
3702 509 3755 563 οι

497 631 630 671 vero
658 657 673 680 ,
702 616 877 686 inquit
903 655 920 678 .
953 615 1057 669 diei
1090 613 1318 683 spatium
1358 612 1502 680 quod
1553 612 1623 665 ab
1673 620 1793 665 ortu
1843 612 1973 665 solis
2003 610 2070 665 ad

2186 610 2270 681 τῆς
2300 608 2564 682 αἱρέσεως
2588 605 2767 662 αὐτῶν
2786 605 3091 679 ἀρχηγέται
3120 603 3233 677 (64)
3261 603 3562 675 γενόμενοι,
3586 600 3758 655 πολλὰ

499 722 786 777 vesperam
836 706 1156 776 interjacet,
1207 703 1259 756 in
1319 700 1671 757 meditatione
1712 702 2073 770 philosophia:

2186 703 2414 773 μνημεῖα
2440 701 2540 773 τῆς
2566 702 2625 754 ὲν
2658 701 2769 763 τοῖς
2792 697 3281 771 ἁλληγορουμένοις
3299 695 3443 760 ἰδέας
3467 693 3754 758 ἀπέλιπον,

503 800 811 858 traducunt.
853 800 1019 853 Sacra
1054 796 1194 849 enim
1231 793 1507 850 volumina
1554 794 1869 850 lectitantes
1897 794 2076 866 philo-

501 890 799 958 sophantur
823 903 972 943 more
995 885 1195 956 patrio.
1234 897 1502 957 prmcepta
1533 886 1817 955 sapientiae
1842 902 1873 941 a
1905 888 2075 955 majo-

501 981 652 1035 ribus
698 978 892 1033 tradita
944 975 1233 1046 allegorice
1262 975 1601 1046 explicando.
1637 974 1843 1045 Quippe
1884 977 2109 1058 existi-.

502 1081 655 1124 mant
678 1071 839 1125 verba
872 1070 986 1139 ipsa
1018 1068 1153 1123 nihil
1194 1068 1344 1121 aliud
1373 1083 1492 1123 esse
1521 1082 1684 1138 quam
1716 1067 1983 1138 imagines
2022 1078 2078 1123 et

501 1161 654 1231 signa
687 1176 871 1215 rerum
904 1158 1213 1214 abditarum
1245 1198 1260 1222 ,
1293 1172 1415 1229 qua:
1443 1173 1540 1226 per
1577 1156 1865 1226 allegorias
1891 1157 2073 1214 decla-

500 1253 685 1308 randae
725 1254 854 1308 sint.
890 1251 1033 1308 Sunt
1074 1252 1241 1306 etiam
1276 1250 1420 1320 apud
1450 1265 1543 1304 eos
1574 1252 1949 1306 commentarii
1982 1267 2075 1307 ve-

497 1354 673 1398 terum
697 1344 1081 1415 quorumdam,
1112 1343 1203 1413 qui
1238 1352 1402 1397 ευριπ
1438 1342 1580 1399 illius
1612 1352 1881 1405 auctores,
1909 1358 2074 1414 quam

500 1436 730 1504 plurima
767 1435 847 1490 eis
878 1444 1234 1490 monumenta
1265 1434 1529 1490 doctrina:
1576 1435 1719 1491 illius
1747 1450 1869 1506 quae
1911 1435 1964 1489 in
1999 1434 2077 1488 al-

499 1528 721 1600 legoriis
746 1529 921 1599 posita
950 1538 1055 1592 est.
1088 1528 1443 1597 reliquerunt.
1472 1528 1680 1596 Quibus
1701 1528 1789 1584 isti
1819 1540 2076 1599 tanquam

498 1621 908 1691 exemplaribus
941 1629 1155 1676 utentes
1180 1662 1196 1685 ,
1227 1635 1433 1675 morem
1469 1622 1612 1676 hunc
1660 1620 2076 1689 institutumque

501 1711 810 1767 imitantur.
848 1729 867 1762 ι
918 1709 1041 1763 llaec
1071 1718 1222 1763 certe
1270 1709 1339 1763 ab
1363 1724 1428 1764 eo
1459 1710 1681 1764 homine
1712 1710 1966 1765 videntur
1995 1712 2077 1765 di-

500 1815 612 1870 cta,
651 1804 743 1871 qui
780 1812 995 1857 nostros
1018 1817 1208 1857 sacras
1253 1801 1463 1856 litteras
1488 1813 1825 1872 exponentes
1856 1803 2078 1857 audive—

501 1896 590 1947 rit.
624 1895 773 1961 Quos
824 1903 1003 1947 autem
1039 1896 1113 1947 ait
1143 1908 1308 1962 penes
1331 1892 1451 1947 illos
1479 1893 1645 1948 fuisse
1678 1904 1916 1948 veterum
1946 1909 2079 1964 qno-

500 1987 750 2041 rnmdam
807 1987 1262 2050 commentarios,
1316 1986 1612 2040 verisimile
1661 1997 1744 2040 est
1792 1988 1906 2055 ipsa
1958 1999 2079 2040 esse

502 2081 794 2152 Evangelia
830 2089 884 2134 et
929 2068 1296 2148 apostolorum
1341 2080 1540 2149 scripta
1570 2120 1586 2143 ,
1617 2090 1671 2133 et
1713 2079 2081 2148 expositiones

501 2172 767 2243 quasdam
797 2182 1037 2226 veterum
1072 2174 1461 2242 prophetarum
1496 2189 1510 2225 :
1548 2170 1849 2241 cuiusmodi
1895 2170 2080 2238 plures

504 2276 615 2318 tum
648 2265 701 2318 in
729 2264 851 2319 aliis
876 2263 1024 2319 Pauli
1053 2265 1332 2336 Epistolis,
1368 2275 1479 2319 tum
1514 2265 1566 2318 in
1594 2264 1683 2318 illa
1716 2280 1838 2335 qua:
1866 2265 1932 2318 ad
1971 2265 2079 2324 He-

502 2355 680 2409 braeos
724 2355 926 2425 scripta
960 2365 1042 2410 est
1074 2396 1089 2419 .
1142 2357 1513 2411 continentur.
1546 2355 1901 2412 Postmodum
1952 2371 2081 2412 vero

501 2445 571 2499 de
622 2444 777 2498 novis
809 2442 1031 2516 psalmis
1070 2446 1161 2515 qui
1204 2444 1273 2499 ab
1321 2446 1510 2501 iisdem
1557 2457 1977 2516 componuntur,
2007 2447 2080 2501 ita

500 2535 694 2590 scribit
720 2534 877 2592 Philo
912 2551 929 2591 :
967 2556 986 2589 ι
1031 2538 1141 2602 Ita,
1177 2538 1393 2608 inquit,
1424 2555 1529 2593 non
1568 2540 1741 2592 solum
1793 2538 1903 2610 56
1952 2555 2083 2594 con-

504 2628 843 2697 templationi
881 2639 1117 2694 vacant,
1156 2633 1252 2685 sed
1280 2632 1444 2684 etiam
1495 2633 1708 2686 cantica
1744 2631 2083 2703 hymnosque

502 2722 571 2776 ad
596 2722 689 2777 Dei
740 2721 953 2777 laudem
981 2733 1318 2794 componunt
1347 2725 1499 2779 omni
1536 2734 1837 2780 metrorum
1870 2740 1933 2781 ac
1966 2741 2084 2781 mo—

504 2814 840 2870 dulationum
894 2830 1115 2887 genere.
1171 2816 1318 2883 Quos
1367 2818 1585 2885 quidem
1637 2819 1978 2889 gravioribus
2024 2827 2085 2873 ut

505 2922 601 2974 par
628 2917 729 2972 est,
772 2909 1013 2963 numeris
1071 2909 1441 2964 conscribunt.
1476 2927 1494 2960 ι
1536 2908 1697 2963 Multa
1733 2924 1949 2980 quoque
1975 2909 2082 2964 alia

502 3001 571 3053 de
620 3001 807 3056 iisdem
862 3001 915 3054 in
969 3015 1035 3055 eo
1088 3017 1246 3072 quem
1310 3002 1422 3057 dixi
1485 3001 1623 3058 libro
1666 3012 2081 3059 commemorat.

503 3090 611 3146 Sed
643 3092 760 3147 haec
790 3094 1024 3149 maxime
1053 3093 1333 3165 seligeuda
1358 3104 1412 3150 et
1442 3097 1782 3166 excerpenda
1826 3111 1950 3152 esse
1980 3097 2083 3151 du-

2110 1865 2152 1920 Β

2178 789 2254 852 οἷς
2286 794 2541 866 καθάπερ
2573 795 2713 848 τισὶν
2746 791 3076 866 ἀρχετύποις
3109 789 3418 862 χρώμενοι,
3463 786 3757 860 μιμοῦνται

2180 887 2274 955 τῆς
2308 886 2679 959 προαιρέσεως
2697 885 2788 939 τὸν
2820 885 3040 957 τρόπον.
3078 904 3097 935 ι
3117 882 3302 937 Ταῦτα
3329 883 3428 954 μὲν
3457 877 3553 936 οὖν
3581 880 3759 935 ἔοικεν

2176 980 2429 1052 εἰρῆσθαι
2462 980 2540 1052 τῷ
2566 980 2742 1054 ἀνδρὶ.
2767 978 2868 1043 τὰς
2898 978 3050 1051 ἱερὰς
3072 977 3449 1049 ἐξηγουμένων
3475 978 3759 1049 ὲπακροα-

2178 1071 2397 1142 σαμένῳ
2425 1070 2664 1142 Γραφάς.
2691 1071 2845 1142 Τάχα
2869 1070 2914 1124 δ’
2940 1071 3089 1135 εἰκὸς
3111 1070 3146 1125 ἀ
3172 1087 3335 1142 φησιν
3357 1069 3602 1140 ἀρχαίων
3626 1069 3759 1140 παρ’

2177 1162 2359 1226 αὐτοῖς
2392 1158 2532 1217 εἶναι
2561 1164 2993 1237 συγγράμματα,
3020 1164 3089 1218 τά
3120 1180 3179 1217 τε
3201 1162 3508 1232 Εὐαγγέλια
3537 1162 3637 1216 καὶ
3657 1160 3761 1225 τὰς

2175 1254 2284 1307 τῶν
2334 1254 2645 1310 ἀποστόλων
2692 1254 2910 1328 γραφὰς
2947 1253 3315 1328 [τυγχάνειν],
3368 1255 3656 1326 διηγήσεις
3698 1270 3761 1307 τε

2175 1346 2329 1411 τινὰς
2348 1346 2490 1400 κατά
2510 1346 2572 1400 τὸ
2603 1346 2749 1411 εἰκὸς
2774 1344 2882 1401 τῶν
2915 1347 3081 1401 πάλαι
3106 1345 3402 1420 προφητῶν
3434 1347 3764 1419 ἑρμηνευτι-

2178 1438 2297 1503 κάς,
2323 1437 2515 1503 ὁποίας
2542 1439 2577 1509 ἦ
2606 1456 2664 1492 τε
2688 1439 2825 1511 πρὸς
2866 1437 3176 1511 Ἐϐραίους,
3210 1439 3307 1493 καὶ
3346 1437 3503 1493 ἀλλαι
3540 1436 3767 1502 πλείους

2176 1527 2272 1582 τοῦ
2303 1527 2514 1582 Παύλου
2550 1529 2895 1600 περιέχουσιν
2921 1528 3222 1594 ἐπιστολαὶ,
3249 1527 3423 1583 ταῦτα
3443 1523 3607 1582 εἶναι.
3625 1520 3767 1581 Elea

2180 1621 2348 1676 πάλιν
2373 1620 2501 1691 ἑξῆς
2525 1620 2656 1693 περὶ
2686 1619 2781 1674 τοῦ
2805 1620 2959 1686 νέους
2990 1620 3175 1685 αὐτοῖς
3220 1619 3488 1675 ποιεῖσθαι
3510 1618 3766 1692 ψαλμοὺς
3830 1604 3840 1613 ’

2179 1712 2351 1776 οὕτως
2377 1712 2580 1786 γράφει
2600 1730 2613 1744 ⁸
2649 1732 2669 1764 ι
2699 1712 2850 1767 Ὦστ’
2872 1712 2933 1767 οὐ
2967 1712 3234 1784 θεωροῦσι
3279 1713 3459 1785 μόνον,
3495 1713 3636 1769 ἀλλά
3667 1715 3765 1769 καὶ

2182 1803 2423 1857 ποιοῦσιν
2453 1804 2673 1875 ᾄσματα
2707 1804 2800 1857 καὶ
2834 1801 3037 1875 ὕμνους
3077 1805 3157 1869 εἰς
3195 1802 3286 1858 τὸν
3314 1803 3468 1863 Θεὸν.
3506 1804 3597 1858 διά
3627 1822 3767 1858 παν-

2180 1897 2338 1950 τοίων
2410 1896 2623 1967 μέτρων
2692 1894 2786 1948 καὶ
2865 1893 3041 1970 μελῶν
3105 1894 3332 1967 ῥυθμοῖς
3414 1894 3771 1966 σεμνοτέροις

2181 1988 2493 2055 ἀναγκαίως
2538 1988 2919 2058 χαράσσοντες.
2965 2006 2984 2039 ι
3022 1987 3198 2042 Πολλά
3235 1988 3334 2059 μὲν
3370 1982 3464 2041 οὖν
3494 1988 3592 2042 καὶ
3634 1987 3771 2043 ἀλλα

2181 2082 2309 2154 περὶ
2331 2074 2406 2134 ὧν
2430 2083 2459 2135 6
2483 2080 2659 2149 λόγος.
2695 2081 2755 2134 έν
2783 2080 2965 2152 ταύτῷ
2993 2080 3266 2147 διέξεισιν,
3310 2081 3493 2135 ἐκεῖνα
3518 2079 3565 2133 δ’
3594 2082 3769 2150 ἀναγ-

2182 2176 2333 2227 καῖον
2366 2173 2538 2245 ἐφάνη
2582 2172 2693 2226 δεῖν
2740 2171 3135 2239 ἀναλέξασθαι,
3187 2171 3251 2225 δι’
3272 2164 3348 2225 ὧν
3375 2171 3446 2224 τά
3479 2186 3770 2242 χαρακτη-

2186 2263 2398 2337 ριστικά
2431 2263 2533 2333 τῆς
2580 2263 3037 2335 έκκλησιαστικῆς
3064 2263 3290 2334 ἀγωγῆς
3326 2261 3668 2316 ὑποτίθεται.
3700 2263 3770 2316 El

2180 2356 2237 2410 δέ
2268 2375 2344 2428 τῳ
2387 2357 2462 2428 μὴ
2498 2356 2645 2409 δοκεῖ
2683 2356 2752 2409 τά
2784 2357 3047 2427 εξρημένα
3084 2356 3191 2410 ῐδια
3224 2352 3363 2409 εἶναι
3401 2355 3503 2427 τῆς
3531 2356 3678 2411 κατά
3704 2356 3771 2409 τὸ

2182 2447 2515 2517 Εὐαγγέλιον
2542 2447 2837 2510 πολιτείας,
2867 2446 3126 2500 δύνασθαι
3157 2446 3213 2499 δὲ
3261 2447 3354 2500 καὶ
3384 2444 3570 2509 ἄλλοις
3610 2446 3771 2517 παρὰ

2180 2542 2307 2604 τοὺς
2339 2539 2737 2611 δεδηλωμένους
2763 2540 3077 2611 ἁρμόττειν,
3108 2537 3377 2592 πειθέσθω
3409 2537 3516 2591 κᾶν
3535 2537 3646 2592 ἀπὸ
3659 2538 3774 2592 τῶν

2184 2633 2309 2705 ἑξῆς
2337 2630 2503 2686 αὐτοῦ
2534 2631 2747 2703 φωνῶν,
2783 2634 2840 2686 ἐν
2866 2626 2953 2696 αἷς
2977 2632 3390 2703 ἀναμφήριστον
3412 2632 3461 2684 εί
3489 2631 3774 2701 εὐγνωμο-

2183 2726 2323 2797 νοίη,
2364 2725 2651 2795 κομίσεται
2692 2724 2790 2795 τὴν
2830 2725 2958 2795 περὶ
2987 2722 3139 2776 τοῦδε
3186 2721 3512 2794 μαρτυρίαν.
3559 2720 3775 2792 Γράφει

2184 2819 2295 2891 γὰρ
2321 2813 2442 2872 ὦδεο
2473 2836 2491 2868 ι
2531 2816 2887 2888 Ἐγκράτειαν
2917 2814 2960 2868 δ’
2990 2813 3179 2885 ὥσπερ
3202 2814 3323 2868 τινά
3355 2813 3610 2885 θεμέλιον
3633 2829 3773 2885 προ-

2186 2908 2646 2979 καταϐαλλόμενοι
2683 2910 2748 2978 τῇ
2788 2906 2957 2977 ψυχῇ.
2987 2905 3087 2969 τὰς
3119 2904 3284 2968 ἄλλας
3319 2903 3775 2975 ὲποικοδομοῦσιν

2184 3001 2404 3072 ἀρετάς.
2435 2998 2613 3052 Σιτίον
2651 2998 2812 3069 γὰρῆ
2842 2996 3004 3051 ποτὸν
3045 2995 3220 3059 οὐδεὶς
3257 2995 3323 3049 ἂν
3373 2994 3556 3048 αὐτῶν
3599 3010 3771 3067 προσ-

2186 3092 2472 3161 ενέγκαιτο
2508 3089 2614 3163 πρὸ
2640 3089 2788 3161 ἡλίου
2809 3089 3031 3151 δύσεως,
3073 3088 3195 3140 ἐπεὶ
3226 3087 3287 3140 τὸ
3319 3086 3418 3157 μὲν
3457 3085 3774 3155 φιλοσοφεῖν

502 3185 581 3246 xi.
620 3184 819 3253 quibus
860 3185 1247 3243 ecclesiasticre
1281 3187 1581 3259 disciplina:
1629 3187 1801 3243 forma
1833 3189 2081 3259 quaedam

2188 3184 2366 3257 φωτὸς
2394 3183 2543 3248 ἄξιον
2574 3182 2854 3255 κρίνουσιν
2882 3178 3041 3244 εἶναι,
3081 3179 3305 3243 σκότους
3330 3178 3386 3232 δὲ
3411 3176 3511 3242 τάς
3535 3176 3633 3231 τοῦ
3670 3177 3775 3231 σώ-

501 3290 556 3330 ιιι
586 3279 762 3347 imago
789 3277 1062 3347 descripta
1096 3290 1200 3335 est.
1231 3280 1385 3347 Quod
1418 3280 1464 3335 si
1497 3281 1621 3349 quis
1648 3296 1712 3335 ea
1745 3296 1869 3351 qua:
1894 3298 1922 3334 a
1953 3281 2081 3337 Phi-

502 3370 625 3422 lone
656 3371 798 3425 dicta
840 3380 967 3425 sunt
992 3412 1008 3434 ,
1043 3371 1366 3442 evangelicae
1390 3371 1693 3442 disciplinae
1734 3387 2080 3444 nequaquam

504 3461 724 3526 ριοιπίιι
755 3475 898 3525 esse,
926 3461 1022 3516 sed
1053 3460 1174 3516 aliis
1203 3463 1366 3516 etiam
1414 3474 1613 3531 praeter
1643 3463 1765 3519 illos
1793 3479 1933 3534 quos
1968 3463 2081 3518 dixi

504 3564 818 3620 competere
865 3569 1024 3622 posse
1072 3556 1395 3618 existimat,
1438 3556 1486 3610 is
1520 3564 1672 3609 certe
1726 3557 2082 3624 sequentibus

506 3644 749 3698 Philonis
774 3646 960 3699 verbis
981 3644 1141 3699 [idem
1164 3646 1442 3712 adhibeat,
1467 3646 1519 3700 in
1541 3648 1760 3716 quibus,
1787 3649 2081 3705 dummodo

507 3752 694 3805 aequus
736 3752 918 3790 rerum
960 3738 1261 3792 aestimator
1287 3738 1402 3805 sit,
1431 3740 1801 3794 certissimum
1829 3750 1884 3795 et
1923 3752 2081 3797 extra

506 3843 721 3883 onmem
758 3828 1190 3883 controversiam
1246 3830 1476 3899 positum
1513 3830 1659 3885 illius
1708 3831 1785 3884 rei
1839 3834 2082 3891 testimo-

509 3922 659 3973 nium
700 3921 952 3990 reperiet.
986 3918 1079 3975 Sic
1106 3930 1287 3975 autem
1317 3921 1506 3977 scribit
1538 3940 1554 3976 :
1593 3942 1613 3975 ι
1645 3921 1969 3993 Postquam,
1993 3927 2083 3980 in-

508 4033 790 4104 telligitur.
822 4033 987 4089 Docet
1015 4034 1067 4088 id
1097 4032 1423 4090 Plutarchus
1458 4038 1509 4090 in
1542 4037 1680 4093 libro
1705 4038 1983 4104 Quomodo
2011 4044 2085 4096 lc-

508 4103 797 4194 {Icilii-1.31.":
830 4114 998 4194 pgege
1033 4121 1052 4159 :
1081 4106 1248 4194 ⁹Ἔχει
1276 4103 1755 4194 δξςάναθεώριησιν
1812 4110 2086 4194 ὠφέλιμον

632 4172 1221 4249 τῶνᾼδια-ϐεὸλημένων
1245 4176 1500 4249 μάλιστα
1546 4172 1777 4249 μῦθωνθν
1825 4172 1921 4245 οὓς
1966 4172 2089 4247 ταῖς

509 4243 695 4322 πάλαι.
712 4243 815 4322 μὲν
841 4243 1138 4314 ὑπονοίαις,
1174 4243 1526 4322 ἀλληγορίαις
1642 4248 1737 4322 νῇν
1769 4243 2089 4322 λεγομέναις

507 4312 996 4397 παραϐιριζᾴμενοι,
1031 4312 1140 4397 etc.
1174 4312 1440 4397 lta‘cer'te
1473 4320 1613 4397 apud
1660 4312 1946 4397 Platonem
1995 4312 2088 4376 sn;

511 4385 931 4457 llilllll'ﬁﬁéVOta
963 4388 1014 4440 in
1038 4387 1133 4443 lib.
1169 4403 1207 4443 ιι
1241 4387 1317 4442 De
1358 4385 1644 4457 republica,
1678 4392 1780 4446 sub
1806 4391 2004 4457 linem;
2033 4403 2089 4446 et

508 4456 649 4524 apud
679 4455 958 4509 Philonem
993 4456 1153 4514 infra.

581 4526 695 4620 ἔδῇ
713 4525 1745 4620 ,Σιίῖῖέἐξιμξιῖξίιξέίξιῶῖέγεῗρξὲῖε
1779 4528 2093 4620 εξῖῆςρζ-
2125 4564 2171 4620 n

502 4596 733 4668 θέσεως
786 4596 988 4652 αὐτῶν
1031 4596 1373 4667 ἀρχηγέται.
1429 4598 1546 4653 1am
1589 4596 1750 4668 supra
1786 4596 2092 4664 docuimus.

509 4666 758 4739 Philonis
791 4670 831 4722 Τ
839 4666 1169 4739 herapentas
1193 4666 1438 4723 diversos
1490 4669 1560 4721 ab
1612 4666 1836 4739 Essenis
1888 4670 2080 4725 fuisse.

510 4736 703 4790 Restat
735 4752 876 4792 nunc
906 4736 1310 4807 inprobamus.
1337 4752 1433 4793 eos
1465 4754 1569 4793 non
1608 4738 1775 4793 fuisse
1818 4740 2088 4794 Christia-

514 4817 636 4867 nos.
670 4808 848 4879 utsibi
875 4808 1103 4879 aliisque
1155 4810 1424 4877 persuasit
1471 4809 1760 4863 Eusebius.
1804 4808 2085 4865 Undenam

509 4891 645 4949 vero
682 4877 732 4949 id
762 4877 1247 4949 probare—certius
1294 4894 1603 4948 possumus,
1656 4895 1817 4949 quam
1864 4896 1930 4935 ex
1987 4881 2089 4934 hoc

509 4946 755 5020 Philonis
791 4947 1098 5020 locoquem
1127 4965 1238 5019 pra:
1270 4946 1518 5004 inanibus
1542 4946 1820 5004 habe—mus.
1847 4951 1940 5004 Ait
1980 4950 2087 5020 igi-

510 5030 604 5071 tur
638 5016 813 5084 Philo,
845 5016 1097 5075 habuisse
1127 5016 1525 5089 'Therapeutas
1577 5020 1783 5087 scripta
1842 5016 2085 5076 veterum

508 5089 872 5161 quorumdam
901 5103 1012 5161 sua:
1044 5105 1206 5147 sectae
1242 5102 1530 5145 auctorum
1554 5131 1572 5156 ,
1598 5091 1690 5158 qui
1730 5091 1902 5161 legem
1956 5090 2088 5145 alle-

506 5159 690 5227 gorice
716 5160 1114 5227 exposuissent.
1141 5162 1423 5229 Quomodo
1482 5163 1597 5217 haec
1647 5162 1713 5215 de
1759 5159 2086 5217 Christianis

506 5230 681 5295 accipi
715 5240 973 5297 possunt.
1009 5230 1098 5296 qui
1137 5242 1245 5285 tum
1307 5232 1502 5287 novelli
1553 5239 1713 5287 erant
1756 5242 1814 5284 et
1858 5232 2088 5286 nudius-

511 5302 704 5353 tertius
733 5301 879 5353 nati?
900 5299 1158 5367 Quaenam
1185 5318 1314 5369 rogo
1363 5314 1489 5357 sunt
1541 5302 1741 5370 scripta
1779 5302 1868 5357 illa
1896 5319 1913 5368 ;
1964 5303 2088 5370 qui-

511 5384 638 5422 nam
671 5370 867 5423 vetusti
894 5379 1145 5425 auctores
1173 5382 1226 5425 et
1247 5372 1524 5442 principes
1558 5373 1701 5427 illius
1736 5382 1896 5427 secta:
1919 5373 1943 5426 τ
1968 5370 2083 5427 Non

510 5448 661 5492 certe
682 5442 1068 5506 prOphetarum
1096 5442 1238 5496 libri.
1277 5442 1388 5498 Hos
1418 5445 1564 5499 enim
1616 5442 1817 5497 diserte
1847 5445 1915 5497 ab
1976 5443 2084 5496 illis

510 5520 730 5579 separat
764 5509 938 5564 Philo.
973 5510 1340 5579 Respondebit
1373 5514 1638 5568 Eusebius
1674 5527 1798 5567 esse
1851 5514 2080 5567 forsitan

511 5577 799 5653 Evangelia
826 5591 882 5634 et
905 5577 1172 5653 Epistolas
1193 5587 1560 5653 apostolorum
1576 5600 1592 5647 ;
1611 5583 1704 5637 sed
1733 5584 1845 5638 ba'c
1861 5583 2083 5637 vixdum

512 5649 731 5720 scripta
748 5661 905 5704 erant
930 5650 1176 5708 Philonis
1204 5649 1403 5708 aetate:
1447 5657 1643 5708 nedum
1682 5666 1739 5704 ιιι
1764 5653 1994 5720 apostoli
2030 5660 2087 5707 et

509 5718 857 5778 evangelista:
890 5736 989 5787 pro
1020 5725 1249 5777 vetustis
1275 5726 1586 5780 auctoribus
1637 5718 1825 5778 haberi
1887 5724 2083 5777 etiam-

511 5799 626 5839 tum
655 5800 896 5849 possent.
923 5794 1219 5863 praesertim
1255 5810 1285 5846 a
1312 5794 1557 5855 Philone.
1604 5795 1695 5863 qni
1726 5803 1783 5847 et
1825 5792 2083 5863 apostoli—

516 5870 706 5911 cormn
731 5868 1032 5925 temporum
1066 5862 1165 5916 fuit
1197 5866 1439 5926 manalis.
1473 5874 1527 5918 et
1576 5862 1697 5920 cum
1728 5862 1889 5919 Petro
1918 5862 2078 5917 latiti-

2188 3295 2355 3352 ματος
2380 3277 2640 3345 ἀνάγκας,
2673 3274 2795 3329 ὅθεν
2822 3273 2898 3345 τῷ
2922 3274 3020 3344 μὲν
3067 3272 3298 3344 ἡμέραν,
3326 3273 3446 3334 ταῖς
3478 3270 3536 3324 δὲ
3575 3270 3775 3335 νυκτὸς

2186 3369 2360 3445 βραχύ
2389 3386 2441 3422 τι
2480 3370 2642 3440 μέρος
2667 3367 2990 3437 ἀπένειμαν.
3042 3366 3212 3418 Ἔνιοι
3241 3364 3298 3418 δὲ
3336 3363 3431 3417 καὶ
3463 3362 3554 3416 διὰ
3603 3361 3775 3435 τριῶν

2181 3464 2404 3536 ἡμερῶν
2431 3461 2940 3533 ὑπομιμνήσκονται
2970 3457 3198 3530 τροφῆς,
3216 3450 3297 3519 οἷς
3327 3455 3528 3509 πλείων
3551 3458 3582 3510 ὀ
3609 3454 3774 3520 πόθος

2181 3557 2491 3628 ἐπιστήμης
2520 3552 2825 3625 ἐνίδρυται,
2872 3552 3014 3614 τινὲς
3045 3549 3089 3603 δ’
3117 3548 3288 3611 οὕτως
3321 3550 3773 3622 ὲνευφραίνονται

2188 3646 2285 3700 καὶ
2308 3646 2585 3719 τρυφῶσιν
2621 3645 2725 3699 ὑπὸ
2771 3644 2962 3714 σοφίας
3003 3640 3322 3712 ἑστιώμενοι
3357 3642 3633 3705 πλουσίως
3679 3643 3774 3694 καὶ

2190 3738 2438 3808 ἀφθόνως
2464 3739 2530 3793 τὰ
2544 3738 2789 3811 δόγματα
2818 3734 3181 3809 χορηγούσης,
3198 3735 3275 3798 ὡς
3301 3734 3396 3789 καὶ
3424 3734 3564 3806 πρὸς
3589 3733 3777 3788 διπλαο

2192 3833 2346 3887 σίονα
2381 3832 2571 3905 χρόνον
2599 3832 2845 3903 ἀντέχειν
2882 3830 2976 3883 καὶ
3022 3827 3182 3899 μόγις
3202 3827 3268 3880 δι’
3298 3827 3357 3894 ἒξ
3389 3828 3617 3900 ἡμερῶν
3639 3827 3773 3880 ἀπο-

2189 3927 2446 3999 γεύεσθαι
2469 3927 2673 3999 τροφῆς
2693 3923 2998 3994 ἀναγκαίας
3023 3920 3323 3983 ἐθισθέντες
3340 3919 3469 3990 (65).
3501 3939 3521 3971 ι
3555 3920 3777 3983 Ταύτας

2190 4044 2401 4098 liariter
2424 4042 2607 4096 Roma:
2636 4049 2887 4095 versatus
2917 4046 3023 4100 est.
3050 4035 3094 4091 si
3122 4034 3667 4095 Eusebiocredimns.
3690 4035 3772 4088 An

2192 4130 2296 4167 non
2333 4129 2397 4167 ex
2429 4114 2511 4165 his
2536 4123 2723 4180 aperte
2767 4109 3060 4180 colligitur,
3096 4106 3376 4180 Philonem
3408 4120 3476 4158 eo
3531 4107 3585 4157 in
3636 4106 3775 4158 liliro

2190 4187 2257 4237 de
2283 4176 2609 4237 Christianis
2641 4196 2751 4253 non
2776 4179 2966 4253 loqui?
3009 4180 3146 4234 Sunt
3193 4187 3250 4231 et
3288 4176 3390 4228 alia
3445 4189 3771 4253 argutiieuia

2190 4268 2253 4323 ex
2285 4254 2483 4323 quibus
2509 4253 2648 4323 idem
2675 4244 2894 4320 probari
2921 4256 3220 4323 potest,_t_t_t
3271 4260 3392 4298 cum
3434 4246 3576 4323 dicii
3616 4244 3775 4323 Philo

2191 4315 2557 4391 The'rapentas
2622 4315 2703 4374 bis
2731 4315 2956 4391 tantum
2992 4317 3242 4391 quotidie
3293 4330 3488 4391 preces
3550 4315 3771 4391 fecisse2

2191 4386 2404 4445 oriente
2427 4391 2637 4446 scilicet
2664 4389 2778 4445 sole
2810 4400 2862 4444 et
2884 4386 3197 4444 occidente:
3224 4386 3375 4454 quasi
3411 4401 3541 4440 vero
3607 4387 3773 4450 primi
3821 4426 3833 4441 .

2198 4462 2491 4515 Christiani
2524 4477 2628 4514 non
2667 4459 2848 4521 tertia.
2877 4470 3025 4513 sexta
3082 4467 3137 4512 et
3193 4470 3333 4509 nona
3389 4455 3545 4519 hora,
3597 4464 3654 4508 ut
3720 4457 3772 4507 in

2201 4532 2424 4585 Actibus
2447 4532 2666 4600 legitur,
2716 4541 2767 4583 et
2798 4528 3150 4600 singulisnon
3191 4524 3295 4580 diei
3349 4526 3526 4600 modo.
3559 4528 3658 4600 s_ed
3721 4536 3777 4579 et

2200 4603 2376 4656 noctis
2406 4592 2552 4655 horis
2580 4592 2745 4656 Deum
2777 4592 3074 4653 oraverint.
3106 4596 3235 4650 Item
3261 4598 3405 4664 quod
3440 4598 3516 4649 ait
3558 4592 3775 4650 Thera-

2190 4683 2377 4739 pentas
2397 4672 2625 4743 hymnos
2655 4679 2709 4723 et
2739 4668 2950 4743 cantica
2980 4667 3135 4743 vario_
3153 4675 3449 4719 metrorum
3478 4681 3681 4735 genere
3719 4666 3772 4743 in

2190 4737 2454 4795 honorem
2484 4740 2575 4793 Dei
2604 4738 2999 4803 composuisse,
3038 4737 3236 4791 cadere
3286 4751 3392 4789 non
3466 4746 3652 4803 p0tcst
3716 4737 3771 4788 in

2190 4812 2476 4876 primaevos
2536 4809 2657 4864 illos
2705 4806 3063 4863 Christianos.
3133 4806 3323 4861 Serius
3381 4809 3529 4876 enim
3601 4822 3775 4861 novos

2191 4874 2421 4950 hymnos
2471 4890 2766 4935 contexere
2824 4885 3130 4950 caperent,
3178 4884 3314 4950 post
3363 4874 3772 4950 Antoninorum

2189 4947 2393 5006 scilicet
2422 4959 2687 5020 tempora,
2734 4963 2855 5002 cum
2905 4947 3019 5020 viri
3044 4948 3188 5000 docti
3240 4960 3360 4999 sese
3393 4947 3459 4999 ad
3490 4958 3771 5020 ⁸ιιοδιιξςιιιι

2189 5022 2507 5090 religionem
2535 5014 2953 5090 applicuissent.
2995 5014 3117 5090 lam
3181 5030 3309 5070 vero
3362 5016 3505 5084 quod
3576 5017 3774 5090 scribit

2188 5087 2365 5154 Philo,
2424 5087 2795 5160 Therapeutas
2842 5088 3308 5160 per_universuni
3351 5100 3531 5160 prope
3569 5087 3766 5140 orbem

2189 5163 2411 5216 dimisus
2440 5155 2626 5225 fuisse;
2659 5158 2753 5213 sed
2784 5157 3123 5226 potissimum
3154 5158 3207 5211 in
3242 5155 3477 5226 Egypto
3508 5157 3775 5225 frequen-

2189 5241 2271 5286 tes
2300 5233 2465 5286 fuisse
2487 5273 2503 5295 .
2535 5241 2591 5285 ct
2622 5230 2968 5284 Mareoticam
3009 5228 3389 5297 praefecturam
3440 5226 3610 5297 fuisse
3661 5226 3774 5297 illis

2189 5304 2365 5356 instar
2396 5300 2608 5372 patriae,
2650 5301 2908 5372 inquam
2920 5295 3366 5372 praestantissimi
3401 5296 3607 5372 quique
3645 5295 3775 5348 illo-

2187 5388 2305 5425 rum
2334 5368 2540 5427 relictis
2575 5370 2769 5439 patriis
2796 5369 3039 5439 sedibus
3069 5369 3307 5436 migrare
3356 5368 3505 5439 soliti
3552 5375 3770 5439 essent,

2187 5444 2460 5509 quomodo
2482 5441 2551 5495 de
2577 5437 2908 5496 Christianis
2936 5437 3041 5492 dici
3070 5446 3267 5507 potest.
3298 5437 3390 5505 qui
3418 5447 3474 5490 et
3496 5438 3772 5503 paucissi-

2187 5513 2259 5565 mi
2285 5522 2411 5567 tnnc
2437 5522 2617 5574 erant,
2649 5523 2747 5564 nec
2779 5510 3008 5579 patriam
3050 5511 3150 5563 sibi
3185 5509 3348 5579 ullam
3390 5522 3514 5561 esse
3569 5517 3775 5576 praeter

2185 5584 2461 5637 caelestem
2486 5577 2793 5635 Jerusalem
2815 5577 3228 5633 existimabant?

2258 5651 2368 5719 (65)
2410 5650 2802 5716 Ἐθισθέντες.
2837 5649 2943 5702 Aut
2976 5648 3087 5702 haec
3132 5664 3230 5701 vox
3265 5645 3488 5719 delenda
3529 5653 3775 5719 est._ant

2185 5714 2491 5786 adjicienda
2521 5734 2671 5785 sunt,
2700 5714 2819 5787 qua:
2848 5728 3146 5787 sequuntur
3171 5720 3223 5771 in
3264 5715 3491 5787 Philone
3522 5714 3771 5787 sane»

2184 5784 2275 5854 τεξ
2294 5791 2484 5864 ᾦσπερ
2517 5792 2648 5862 φασὶ
2699 5784 2759 5844 τὸ
2809 5784 2939 5842 τω
2967 5787 3225 5857 τεττίγων
3273 5784 3428 5853 γένος
3478 5786 3601 5856 ἀέρι
3648 5786 3772 5857 τρέ.

2187 5862 2403 5920 essent.
