3894 6496
530 385 631 440 £85
1222 387 1492 445 EUSEBII
1528 387 2003 445 CESARIENSIS
2039 382 2188 444 OPP.
2228 384 2407 444 PARS
2443 385 2487 441 l.
2528 413 2596 425 --
2630 377 3017 437 HISTORICA.
3663 377 3771 433 184

527 506 633 560 tius
658 505 832 560 adhuc
858 505 1098 576 loquitur
1121 506 1206 562 his
1234 507 1452 561 verbis:
1505 524 1532 558 ς
1567 506 1940 577 Expositioues
1990 524 2071 562 au-

2186 521 2246 558 τε
2269 502 2525 573 λέγεσθαι
2543 500 2801 564 εἰωθότας
2828 498 2965 572 πρὸς
2989 495 3148 570 ἡμῶν
3176 494 3379 567 ὕμνους
3397 492 3652 567 ἱστορῶν,
3675 491 3774 549 καὶ

453 594 469 614 ‘
525 605 654 662 tem,
679 598 872 667 inquit,
901 612 1175 652 sacrorum
1206 598 1536 653 voluminum
1565 601 1632 654 ab
1667 602 1734 655 iis
1783 600 1919 654 tiunt
1952 600 2071 670 ligu-

2186 598 2261 662 ὡς
2285 597 2402 661 ἑνὸς
2441 596 2579 667 μετά
2604 592 2809 665 ῥυθμοῦ
2828 590 3071 661 κοσμίως
3087 587 3579 659 ὲπιψάλλοντος,,οϊ
3594 584 3775 639 λοιποὶ

524 698 638 741 rate
669 703 765 756 per
796 688 1096 759 allegorias.
1124 687 1438 744 Unive’rsam
1456 690 1599 745 enim
1642 692 1813 762 legem
1854 691 2071 747 similem

2185 685 2306 740 καθ’
2327 684 2555 756 ἡσυχίαν
2579 680 2938 754 ἀκροώμενοι,
2959 678 3068 735 τῶν
3082 678 3275 750 ’ὓμνων
3296 679 3366 733 τά
3382 676 3777 763 άκροτελευτυια

522 792 641 833 esse
672 779 985 834 existimant
1013 780 1277 835 animali':
1308 766 1364 836 et
1393 781 1554 836 verba
1576 783 1792 853 quidem
1823 785 1935 853 ipsa
1968 799 2071 838 cor-

2186 778 2588 849 συνεξηχοῦσιν,
2613 774 2761 837 ὅπως
2785 789 2844 825 τε
2873 772 3013 831 κατά
3029 771 3128 835 τὰς
3159 769 3536 843 δεδηλωμένας
3561 770 3777 841 ἡμέρας

522 871 668 940 poris
692 871 863 925 instar
890 885 1051 936 esse;
1082 870 1355 926 occultum
1400 882 1578 928 autem
1618 888 1836 930 sensum
1861 874 1951 942 qui
1985 875 2065 929 sul

2185 872 2285 925 ἐπὶ
2309 868 2570 923 στιϐάδων
2582 864 2994 938 χαμευνοῦντες,
3024 863 3169 917 οἴνου
3200 863 3297 933 μὲν
3322 861 3674 935 τοπαράπαν.
3700 859 3779 923 ὡς

517 961 696 1015 verbis
714 961 857 1024 latet,
886 962 1076 1015 animae
1107 963 1342 1031 speciem
1359 966 1644 1033 quamdam
1675 965 1896 1021 habere.
1917 964 2071 1030 Quen

2186 962 2369 1024 αὐτοῖς
2426 959 2666 1030 ῥήμασιν
2697 955 3026 1026 ἀνέγραψεν,
3078 954 3181 1007 οὐκ
3228 952 3617 1022 ἀπογεύονται,
3658 953 3778 1007 ἀλλ’

518 1052 731 1120 quidem
751 1066 964 1105 sensum
982 1052 1097 1107 haec
1110 1066 1257 1107 secta
1276 1055 1511 1109 scrutari
1530 1065 1584 1110 et
1600 1056 1951 1127 contemplari
1976 1057 2071 1126 pri.

2186 1052 2307 1105 οὐδὲ
2340 1050 2449 1103 τῶν
2474 1049 2712 1120 ἐναίμων
2730 1047 2895 1112 τινὸς,
2924 1046 3066 1118 ὕδωρ
3087 1044 3145 1098 δὲ
3177 1044 3337 1116 μόνον
3363 1045 3550 1109 αὐτοῖς
3574 1045 3696 1102 ἐστι
3715 1044 3780 1098 τὸ

517 1143 679 1195 mitus
702 1141 953 1204 instituit,
996 1142 1050 1195 in
1082 1143 1261 1197 verbis
1287 1144 1418 1213 ipsis
1450 1146 1598 1199 velut
1627 1146 1679 1199 in
1709 1145 1929 1214 speculo
1949 1159 2071 1215 quo-

2188 1142 2371 1207 ποτὸν,
2396 1143 2489 1197 καὶ
2515 1140 2845 1214 προσόψημα
2880 1141 2995 1211 μετ’
3021 1138 3188 1209 ἄρτου
3210 1136 3335 1202 ἅλες
3369 1137 3463 1191 καὶ
3492 1135 3777 1190 ὕσσωπον.

514 1235 679 1299 dum,
727 1232 1102 1288 admirabilem
1174 1235 1570 1290 sententiarum
1626 1234 2071 1303 pulchritudinem

2184 1232 2330 1302 Πρὸς
2347 1233 2555 1297 τούτοις
2586 1232 2784 1305 γράφει
2807 1231 2897 1284 τὸν
2921 1231 3019 1300 τῆς
3040 1228 3376 1301 προστασίας
3404 1229 3611 1301 τρόπον
3637 1226 3779 1299 (69),

2182 1334 2292 1384 τῶν
2328 1325 2426 1386 τὰς
2461 1321 2917 1396 ὲκκλησιαστικὰς
2968 1318 3308 1391 λειτουργίας
3353 1317 3783 1389 ἐγκεχειρισμέ-

2184 1434 2314 1479 νων,
2367 1414 2643 1478 διακονίας
2688 1431 2747 1468 τε
2791 1412 2887 1467 καὶ
2918 1412 3017 1475 τὰς
3046 1411 3142 1466 ἐπὶ
3168 1412 3335 1465 πᾶσιν
3377 1410 3645 1464 ἀνωτάτω
3676 1410 3782 1481 τῆς

2191 1508 2494 1577 ἐπισκοπῆς
2537 1505 2849 1578 προεδρίας.
2886 1502 3104 1557 Τούτων
3143 1502 3188 1555 δ’
3217 1503 3325 1574 ὅτῳ
3379 1502 3544 1566 πόθος
3596 1500 3782 1557 ἔνεστι

2188 1596 2289 1665 τῆς
2310 1595 2571 1667 ἀκριϐοῦς
2595 1595 2955 1658 ἐπιστάσεως,
2973 1593 3134 1666 μάθοι
3148 1592 3213 1647 ἂν
3238 1593 3303 1646 ὲκ
3324 1592 3423 1662 τῆς
3436 1590 3782 1663 δηλωθείσης

510 1687 729 1742 minicae
759 1687 1055 1755 passionis,
1082 1702 1189 1756 quo
1231 1697 1475 1757 tempore
1500 1687 1724 1759 jejuniis
1754 1696 1918 1756 atque
1949 1687 2071 1759 vigi-

2190 1686 2284 1741 τοῦ
2318 1686 2509 1759 ἀνδρὸς
2535 1686 2797 1758 ἱστορίας.
2834 1687 2960 1741 Ὅτι
2984 1685 3043 1739 δὲ
3074 1687 3200 1749 τοὺς
3229 1683 3481 1757 πρώτους
3516 1686 3778 1757 κήρυκας

508 1777 619 1843 liis,
651 1787 707 1834 et
757 1794 1034 1834 sacrorum
1078 1778 1340 1835 librorum
1377 1780 1601 1835 lectioni
1661 1779 1960 1849 impensius
1990 1795 2071 1835 va-

2191 1778 2292 1849 τῆς
2314 1778 2452 1832 κατὰ
2485 1780 2546 1833 τὺ
2571 1778 2905 1848 Εὐαγγέλιον
2933 1777 3310 1842 διδασκαλίας,
3349 1779 3419 1833 τά
3445 1795 3506 1832 τε
3535 1777 3782 1850 ἀρχῆθεν

507 1883 635 1925 care
663 1876 1071 1925 consuevimus.
1115 1889 1135 1925 ι
1175 1873 1305 1938 Qum
1338 1872 1519 1926 omnia
1553 1871 1635 1926 vir
1664 1870 1756 1927 ille
1783 1871 1943 1927 toties
1972 1872 2071 1939 jau

2191 1870 2330 1941 πρὸς
2354 1870 2464 1925 τῶν
2492 1872 2805 1928 ἀποστόλων
2838 1871 2932 1945 ἔθη
2967 1870 3376 1944 παραδεδομένα
3391 1870 3728 1926 καταλαϐὼν
3751 1871 3782 1925 ό

506 1960 837 2025 nominatus,
870 1961 1063 2015 eodem
1120 1960 1279 2031 plane
1332 1961 1491 2017 modo
1512 1975 1624 2031 quo
1654 1977 1685 2016 a
1743 1959 1902 2016 nobis
1950 1960 2071 2016 solis

2185 1961 2364 2017 Φίλων
2385 1962 2537 2017 ταῦτ’
2562 1963 2792 2037 ἔγραφε,
2825 1963 2985 2019 παντί
3016 1981 3096 2035 τῳ
3120 1962 3299 2034 δῆλον.

503 2054 772 2124 hodieque
788 2055 1172 2120 observantur,
1195 2063 1453 2111 accurate
1475 2064 1683 2121 n0tata,
1714 2056 1933 2127 scriptis
1963 2055 2078 2111 suis
2113 2057 2363 2123 tradidit,
2393 2068 2554 2128 atque
2579 2058 2631 2112 in
2666 2059 2857 2129 primis
2905 2057 3187 2128 pervigilia
3249 2070 3458 2128 magnae
3512 2055 3780 2113 solemni-

503 2148 652 2215 tatis,
684 2149 911 2220 piasque
941 2150 994 2204 in
1026 2150 1216 2206 iisdem
1268 2151 1721 2217 exercitationes,
1774 2160 1830 2206 et
1878 2151 2108 2221 hymnos
2157 2153 2316 2222 quia
2374 2153 2530 2209 nobis
2580 2153 2798 2209 recitari
2857 2152 3053 2217 solent,
3114 2159 3526 2209 commemorat.
3570 2151 3642 2206 Et
3666 2165 3781 2221 quo

499 2252 683 2313 pacto,
738 2257 861 2297 cum
893 2258 1030 2299 unus
1067 2244 1331 2315 quispiam
1383 2245 1657 2301 modulate
1691 2259 1757 2322 ac
1804 2245 2060 2301 decenter
2097 2246 2360 2317 psalmum
2390 2262 2590 2304 canere
2623 2262 2851 2304 exorsus
2904 2246 3090 2313 fuerit,
3148 2247 3329 2303 caeteri
3381 2261 3505 2302 cum
3557 2246 3780 2303 silentio

498 2337 892 2403 auscultantes,
930 2349 1202 2395 extremas
1248 2340 1511 2396 duntaxat
1544 2342 1869 2413 hymnorum
1904 2352 2090 2411 partes
2137 2342 2299 2398 simul
2327 2343 2642 2398 coucinant.
2672 2340 2850 2413 thue
2884 2357 2982 2414 per
3006 2341 3129 2398 illos
3152 2342 3268 2397 dies
3322 2340 3475 2395 humi
3541 2345 3595 2395 in
3633 2350 3780 2395 stra-

499 2434 696 2489 mentis
728 2437 1074 2502 recubantes,
1117 2452 1148 2492 a
1196 2437 1318 2493 vino
1340 2438 1690 2508 quidem,_ut
1735 2439 1855 2509 qius
1894 2440 2075 2498 verbis
2106 2450 2248 2507 utar,
2275 2441 2486 2512 penitus
2518 2439 2859 2506 abstineant,
2912 2453 3087 2509 neque
3139 2451 3333 2495 carnes
3392 2435 3533 2491 ullas
3606 2435 3781 2507 degu-

499 2541 690 2585 stent:
726 2531 840 2586 sola
867 2541 1047 2588 autem
1078 2547 1219 2603 aqua
1267 2535 1335 2589 ad
1380 2545 1566 2605 potum
1604 2545 1850 2604 utantur,
1899 2550 2078 2607 neque
2109 2537 2176 2592 ad
2200 2552 2393 2609 panem
2420 2536 2564 2591 aliud
2626 2534 2921 2607 quidquam
2977 2532 3272 2588 adhibeant
3313 2539 3518 2602 preter
3558 2529 3645 2586 sal
3686 2538 3776 2583 at.

498 2635 607 2689 que
630 2620 945 2694 hyssopum.
968 2626 1049 2680 Ad
1080 2626 1195 2680 haec
1228 2626 1430 2696 gradus
1474 2636 1662 2697 atque,
1693 2628 1960 2683 ordinem‘
1985 2629 2395 2699 praesidentium
2470 2627 2753 2693 describit,
2813 2641 3001 2683 eorum
3062 2623 3320 2685 videlicet
3376 2622 3472 2693 qui
3520 2620 3783 2678 ecclesia-

497 2718 634 2770 stica
671 2719 1118 2774 obeuntmunera
1144 2739 1160 2786 :_
1196 2731 1306 2775 tum
1340 2722 1649 2777 ministeria
1705 2724 2408 2795 diaronorum:postremo
2451 2724 2793 2793 episcopatus
2837 2721 3041 2791 apicem
3093 2718 3348 2777 omnibus
3392 2716 3773 2777 antistantem.

499 2813 692 2881 Quasi
720 2818 844 2886 quis
869 2818 1176 2874 accuratius
1201 2832 1363 2874 nosse
1384 2818 1682 2887 desiderat,
1708 2834 1777 2875 ex
1805 2821 1922 2891 ipso
1981 2820 2229 2877 Philonis
2291 2820 2431 2875 libro
2465 2819 2677 2875 discere
2723 2818 2945 2889 poterit.
2974 2815 3241 2872 Caeterum
3294 2812 3426 2884 quin
3480 2813 3611 2870 dum
3666 2809 3774 2865 ista

497 2912 765 2965 scriberet
798 2910 975 2977 Philo,
1029 2913 1234 2982 primos
1286 2913 1408 2969 illos
1460 2915 1789 2986 evangelicae
1837 2916 2100 2973 doctrina:
2160 2916 2567 2987 pratlicatores,
2599 2922 2654 2970 et
2704 2916 2774 2970 ab
2811 2911 3080 2982 apostolis
3110 2912 3347 2984 primum
3396 2908 3656 2968 traditam
3688 2908 3775 2964 di-

497 3006 778 3076 sciplinam
808 3006 863 3062 in
901 3017 1082 3063 mente
1130 3008 1404 3074 habuerit,
1434 3011 1637 3065 nemini
1668 3011 1890 3071 dubium
1918 3027 2042 3069 esse
2080 3012 2337 3067 arbitror.

511 1336 794 1381 contuens.
829 1325 968 1391 Quid
1022 1336 1284 1395 praeterea
1327 1327 1413 1381 hic
1440 1328 1632 1382 attinet
1657 1339 2084 1383 commemorare

509 1426 685 1470 coetus
716 1425 771 1471 et
805 1417 1049 1470 virorum
1076 1432 1140 1471 ac
1183 1416 1469 1473 mulierum
1498 1430 1741 1471 seorsum
1774 1415 2083 1485 degentium

510 1506 685 1561 studia
709 1516 875 1576 atque
919 1506 1365 1570 exercitationes,
1416 1522 1541 1576 qua:
1566 1507 1706 1576 apud
1744 1520 1844 1560 nos
1893 1507 2082 1562 etiame

510 1614 638 1653 num
666 1598 719 1652 in
751 1614 848 1653 usu
880 1607 1024 1663 sunt,
1061 1599 1331 1668 praecipue
1377 1598 1522 1654 circa
1568 1599 1711 1652 diem
1754 1597 1949 1652 festum
1982 1598 2085 1654 Do-

987 3104 1097 3177 53
1115 3102 1347 3160 CAPUT
1388 3103 1577 3163 xvut.

2701 3101 3099 3169 ΚΕΦᾼΛΑΙΟΝ
3124 3100 3234 3155 ῐΗ’.

711 3193 817 3260 Qui
851 3193 1090 3249 Philonis
1129 3196 1253 3249 libri
1285 3198 1356 3257 ad
1391 3212 1485 3252 nos
1523 3199 1871 3268 pervenerint.

2222 3200 2379 3255 Ὅσα
2431 3197 2537 3251 τοῦ
2563 3195 2891 3268 κφίλωνοςη
2914 3190 3208 3268 εις-.-ήιέᾶς
3254 3189 3544 3268 περιῆξβε
3585 3205 3741 3265 συγ-

2464 3267 2775 3338 γράμματα
2803 3265 2950 3335 (Νίο.
2981 3261 3055 3318 Η.
3091 3261 3159 3316 Ε.
3188 3277 3250 3326 ιι,
3278 3261 3367 3326 17,
3402 3262 3514 3331 l8).

570 3371 668 3430 Hic
690 3388 852 3442 porro
879 3374 961 3428 vir
992 3376 1045 3429 in
1090 3375 1320 3431 dicendo
1364 3378 1642 3447 copiosus,
1697 3379 1750 3434 in
1786 3380 2079 3435 sententiis

498 3464 760 3533 locuples,
805 3465 858 3518 in
890 3466 1085 3522 divinae
1108 3466 1410 3537 Scriptura:
1442 3470 1798 3541 intelligentia
1829 3473 2082 3528 sublimis

507 3566 671 3625 atque
712 3556 1000 3625 excelsus,
1056 3561 1262 3613 variam
1307 3574 1371 3614 ac
1402 3562 1753 3633 multiplicem
1796 3581 2078 3621 sacrorum

499 3644 837 3701 voluminum
872 3649 1271 3718 expositionem
1306 3653 1498 3707 edidit.
1542 3656 1622 3709 Ac
1648 3655 1829 3726 primo
1853 3658 2075 3726 quidem

496 3743 715 3812 scripsit
735 3744 789 3799 in
806 3743 1055 3810 δεηθείη,
1076 3756 1273 3803 cuncta
1296 3748 1538 3819 quaillie
1554 3765 2073 3819 commemorantur,

497 3834 688 3888 ordine
703 3834 1000 3904 explanans
1030 3851 1201 3905 :quos
1227 3836 1396 3893 libros
1419 3855 1696 3895 sacrarum
1730 3841 1901 3913 legum
1928 3843 2074 3899 Αιιε.

498 3923 703 3991 guriam
743 3922 1042 3993 inscripsit.
1078 3924 1274 3982 Deinde
1294 3941 1423 3981 vero
1442 3930 1617 3999 capita
1642 3933 1886 4000 quadam
1901 3948 2073 3989 sacra:

498 4011 797 4081 Scriptum
827 4029 953 4083 qua:
1005 4016 1377 4074 difﬁcultatem
1408 4019 1610 4077 habere
1639 4023 1917 4091 videntur,
1951 4026 2069 4082 sin-

496 4106 728 4176 gillatim
752 4109 1025 4178 estposuit,
1074 4110 1409 4179 obiectiones
1440 4127 1740 4185 earumque
1771 4117 2070 4174 solutiones

495 4211 791 4266 apponens.
821 4199 969 4265 Quos
1006 4201 1265 4257 similiter
1293 4202 1460 4258 libros
1486 4202 1850 4269 Quwstionum
1875 4223 1936 4260 ac
1963 4206 2065 4263 So-

493 4289 754 4349 lutiouum
790 4291 845 4345 in
874 4287 1095 4345 Genesis
1116 4300 1167 4346 et
1186 4296 1240 4345 in
1261 4291 1508 4347 Exodum
1540 4292 1694 4351 titulo
1726 4299 2063 4363 prtenotavit.

496 4378 638 4433 Sunt
671 4389 936 4450 praeterea
956 4384 1023 4434 ab
1054 4382 1243 4438 eodem
1276 4397 1521 4437 seorsum
1544 4384 1839 4453 conscripti
1876 4385 1944 4440 de
1981 4386 2064 4441 di-

2254 3379 2427 3445 Πολύς
2478 3395 2540 3447 γε
2588 3376 2694 3450 μὴν
2737 3375 2816 3449 τῷ
2873 3376 3037 3446 λόγῳ,
3084 3372 3178 3428 καὶ
3230 3371 3437 3436 πλατὺς
3482 3374 3610 3436 ταῖς
3652 3371 3772 3427 δια-

2183 3476 2354 3539 νοίαις
2388 3472 2520 3547 (70),
2559 3470 2760 3544 ὑψηλός
2795 3486 2856 3523 τε
2893 3468 2987 3522 καὶ
3029 3466 3300 3539 μετέωρος
3332 3466 3389 3518 ἐν
3412 3467 3535 3530 ταῖς
3558 3467 3640 3530 είς
3665 3465 3772 3532 τάς

2183 3564 2337 3630 θείας
2384 3561 2608 3636 Γραφάς
2653 3559 2910 3632 θεωρίαις
2943 3556 3328 3629 γεγενημένος,
3366 3555 3623 3629 ποικίλην
3670 3558 3772 3635 καὶ.

2182 3656 2515 3727 πολύτροπον
2555 3652 2668 3708 τῶν
2704 3651 2862 3725 ἱερῶν
2894 3650 3062 3721 λόγων
3092 3649 3383 3720 πεποίηται
3415 3646 3517 3719 τὴν
3551 3649 3772 3724 eam.

2180 3765 2287 3802 σιν·
2314 3747 2472 3802 τοῦτο
2499 3746 2599 3819 μὲν
2632 3732 2810 3818 εἱρμῷ
2834 3745 2927 3799 καὶ
2945 3741 3254 3814 ἀκολουθίᾳ,
3286 3739 3383 3812 τὴν
3401 3740 3514 3795 τῶν
3537 3744 3629 3808 εις
3650 3741 3772 3813 τὴν

2176 3839 2433 3894 Γένεσιν
2451 3835 2733 3904 διεξελθὼν
2752 3833 3173 3904 πραγματείαν,
3192 3831 3249 3884 ὲν
3264 3825 3344 3894 οἷς
3360 3829 3643 3903 ἐπέγραψε
3662 3834 3771 3887 νό-

2169 3946 2301 4001 μων
2325 3924 2498 3996 ἱερῶν
2516 3921 3121 3995 Ἀλληγορίαις,τοῦτο
3153 3919 3232 3985 δὲ,
3261 3919 3402 3974 κατὰ
3440 3921 3610 3993 μέρος
3648 3922 3770 3977 δια..

2176 4018 2365 4081 στολὰς
2407 4016 2718 4089 κεφαλαίων
2777 4016 2885 4071 τῶν
2937 4015 2995 4069 ὲν
3031 4015 3150 4077 ταῖς
3205 4012 3451 4083 Γραφαῖς
3490 4012 3769 4086 ζητουμέ-

2170 4128 2299 4174 νων,
2366 4110 2682 4174 ἐπιστάσεις
2730 4126 2793 4162 τε
2838 4107 2933 4161 καὶ
2978 4104 3252 4169 διαλύσεις
3313 4104 3641 4177 ποιούμενος
3706 4108 3769 4162 ὲν

2168 4199 2249 4268 οἷς
2284 4203 2380 4257 καὶ
2447 4202 2629 4266 αὐτοῖς
2685 4198 3034 4271 καταλλήλως
3078 4195 3209 4260 τῶν,
3232 4197 3302 4250 ἐν
3349 4199 3603 4253 Γενέσει
3662 4200 3768 4255 και

2168 4294 2286 4349 τῶν
2324 4294 2394 4348 ἐν
2448 4291 2745 4362 Ἑξαγωγῇ
2797 4288 3139 4360 ζητημάτων
3192 4305 3255 4341 τε
3282 4287 3383 4342 καὶ
3417 4290 3664 4344 λύσεων
3682 4306 3768 4345 τε·

2176 4387 2350 4443 θειται
2395 4386 2496 4458 τὴν
2536 4384 2869 4456 ἐπιγραφήν.
2896 4383 3052 4435 Ἔστι
3090 4380 3135 4434 δ’
3167 4379 3314 4451 αὐτῷ
3364 4381 3520 4453 παρὰ
3560 4381 3762 4449 ταῦτα,

490 4472 666 4526 versis
686 4475 1021 4542 argumentis
1048 4483 1312 4530 tractatus
1342 4491 1359 4529 :
1404 4474 1554 4530 verbi
1584 4477 1781 4545 gratia,
1817 4476 1893 4531 De
1922 4479 2064 4549 agri-

2180 4478 2573 4551 προϐλημάτων
2599 4474 2760 4529 τινῶν
2787 4474 2930 4538 ἰδίως
2954 4472 3301 4543 πεπονημένα
3341 4473 3759 4545 σπουδάσματα.

490 4564 700 4617 cultura
726 4564 849 4619 libri
879 4570 1010 4630 duo,
1047 4566 1396 4636 totidemque,
1424 4567 1499 4622 De
1529 4570 1854 4637 lemulentia,
1882 4579 1938 4624 et
1960 4570 2069 4627 alia

491 4652 721 4722 plurima
778 4656 1037 4725 opuscula
1096 4658 1262 4713 variis
1308 4675 1406 4728 pro
1450 4660 1716 4732 cujusque
1746 4672 2068 4731 argumento

496 4744 670 4798 titulis
696 4747 971 4816 insignita.
1002 4747 1150 4803 lnter
1181 4765 1303 4819 qua:
1337 4761 1419 4806 est
1442 4752 1573 4806 illud
1611 4753 1688 4806 De
1733 4754 1887 4807 rebus
1934 4769 2064 4823 quas

494 4850 638 4897 mens
662 4836 839 4891 sobria
874 4850 1018 4909 optat
1049 4852 1095 4895 et
1126 4858 1256 4910 quas
1302 4854 1628 4900 exsecratur.
1667 4846 1797 4902 Item
1830 4845 1906 4900 De
1939 4861 2063 4900 con-

488 5024 748 5102 πέμπτην
775 5028 1144 5102 ἀγρυπνοῦσιν
1174 5033 1592 5102 ὲπιφώσκουσαν
1622 5034 1704 5095 εἰς
1730 5030 1792 5084 τὸ
1823 5028 2065 5101 προσάϐ-

489 5096 677 5184 δατ-ον,
703 5096 798 5152 καὶ
823 5096 922 5184 τὴν
962 5102 1099 5184 μετά
1134 5104 1196 5184 τὸ
1227 5096 1494 5184 σάϐϐατον
1526 5096 1945 5184 επιφὼσκουσαν
1986 5102 2069 5184 είς

486 5168 588 5239 τὴν
610 5167 890 5241 κυριακὴν
915 5167 1104 5241 μόνας.
1137 5173 1215 5227 Ac
1244 5173 1472 5228 fortasse
1497 5167 1662 5227 etiam
1686 5167 1839 5239 plura
1875 5170 2070 5227 desunt

488 5237 544 5295 in
574 5236 668 5293 illo
697 5239 985 5295 Epiphanii
1018 5241 1164 5295 loco.
1201 5241 1335 5295 Nam
1371 5252 1428 5295 et
1457 5252 1614 5295 nocte
1663 5242 1754 5295 illa
1803 5258 1923 5295 ante
1962 5242 2067 5295 Pa-

488 5241 544 5295 in
574 5241 668 5293 illo
697 5241 985 5310 Epiphanii
1018 5241 1164 5296 loco.
1201 5241 1335 5296 Nam
1371 5252 1428 5300 et
1457 5252 1614 5297 nocte
1663 5242 1754 5296 illa
1803 5258 1923 5312 quae
1962 5242 2067 5295 Pa-

486 5311 1057 5392 raseevem_seqttit_ur
1081 5351 1108 5392 ,⁸
1127 5310 1424 5392 Christiani
1466 5312 1792 5392 vigilabant,
1817 5313 2069 5392 ut‘docg‘t

488 5378 722 5451 C_yri|lus
750 5378 1277 5451 Hierusolymitanus
1309 5384 1361 5436 in
1404 5378 1675 5451 cateéltesi
1728 5383 1816 5446 18,
1865 5380 1955 5434 διὰ
2007 5378 2070 5432 δὲ

426 5454 434 5460 ‘
486 5447 578 5532 τδν
616 5450 860 5532 κάματον
890 5452 980 5505 τὸν
1001 5447 1404 5532 ῖπρογενόμενον
1447 5453 1575 5523 ύμῖν
1602 5450 1741 5532 ἔκ-τε
1771 5451 2068 5532 τῆς,ὑπεί³⁴

489 5515 704 5582 θέσεως
740 5522 842 5592 τῆς
895 5515 1150 5595 νηστείας
1205 5515 1305 5593 τῆς
1373 5515 1748 5594 παρασκευῆς,
1807 5515 1903 5575 iul
1969 5515 2070 5591 τῆς

488 5586 818 5641 ἀγρυπνίας.

527 5601 818 5657 γρυπνῑας.

560 5656 672 5727 (69)
702 5660 814 5715 Τὸν
849 5662 961 5730 τῆς
1008 5664 1383 5734 προστασίας
1426 5662 1670 5731 τρόπον.
1713 5661 2069 5731 Presbyteros

488 5726 763 5801 intelligit,
794 5731 862 5787 de
885 5734 1082 5801 quibus
1110 5735 1262 5788 Philo
1289 5736 1341 5789 in
1370 5732 1522 5788 dicto
1543 5731 1685 5786 libro
1710 5731 1786 5786 De
1810 5731 1916 5785 vita
1942 5746 2070 5785 con-

489 5798 812 5870 templativa,
843 5798 965 5870 pa'g.
1002 5803 1106 5859 899
1132 5804 1394 5860 editionis
1415 5801 1763 5859 Parisiensis.

562 5865 679 5939 (70)
706 5865 950 5939 Πλατὺξ·
976 5872 1102 5936 ταῖς
1128 5871 1436 5942 διανοίαις.
1468 5872 1696 5930 Ruﬁnus
1745 5872 1937 5942 legisse
1988 5870 2067 5929 vi-

2175 4567 2278 4625 Οἷά
2310 4569 2513 4623 ἐστιτὰ
2546 4568 2686 4639 Περὶ
2715 4566 2996 4636 γεωργίας
3030 4563 3155 4625 δύο,
3178 4563 3363 4618 καὶτὰ
3390 4566 3535 4634 Περὶ
3567 4567 3762 4636 μέθης

2166 4660 2426 4724 τοσαῦτα,
2454 4658 2550 4713 καί
2583 4656 2718 4713 ἄλλα
2737 4655 2873 4710 ἄττα
2900 4651 3155 4724 διαφόρου
3177 4651 3268 4705 καὶ
3299 4650 3506 4716 οἰκείας
3525 4654 3762 4724 ἐπιγρα-

2166 4754 2272 4825 φῆς
2319 4750 2620 4823 ἠξιωμένα.
2659 4743 2784 4810 Οἷός
2817 4745 2955 4814 Περὶ
2983 4739 3296 4812 (Tyrrhi-aq
3329 4746 3363 4797 δ
3401 4744 3555 4812 νοῦς
3580 4747 3759 4816 εῦκε,

2166 4861 2259 4903 ται
2280 4842 2500 4914 (7|)xal
2525 4835 2868 4921 καταρᾷται,
2891 4835 2983 4888 καὶ
3001 4835 3030 4887 ό
3058 4832 3198 4901 Περὶ
3224 4831 3428 4904 φυγῆς
3456 4834 3557 4888 καὶ
3587 4835 3759 4905 εὑρέ.

2170 5027 2328 5086 detur
2379 5023 2568 5094 βαθύς,
2592 5023 2757 5078 vertit
2786 5022 2929 5076 enim
2956 5022 3011 5075 in
3034 5021 3272 5094 sensibus
3289 5022 3779 5094 profundissimam.

2179 5092 2523 5160 Nicephorius
2582 5104 2785 5164 tamen_
2833 5101 2889 5164 et
2943 5093 3131 5160 scripti
3201 5092 3755 5164 codiceshvulgatam

2175 5166 2461 5221 lectionem
2489 5171 2730 5217 tuentur.
2759 5161 2926 5217 Paulo
2966 5170 3088 5231 post
3112 5162 3282 5217 nostri
3335 5162 3556 5219 codices
3576 5161 3754 5229 llam,

2175 5236 2317 5290 Med.
2353 5231 2577 5306 achuk.
2598 5248 2795 5306 _vocem
2832 5232 3164 5288 interserunt
3194 5232 3297 5288 hoc
3333 5232 3517 5300 modo,
3546 5232 3755 5306 ὑψηλός

2171 5322 2231 5359 τε
2248 5306 2331 5359 ’ὢν
2356 5304 2453 5357 καὶ
2485 5303 2774 5375 μετέωρος.

2245 5375 2360 5446 (71)
2386 5366 2643 5446 Περιγῶν
2664 5366 2869 5441 ὂρήψας
2899 5370 3097 5446 διν-οῦς
3124 5370 3519 5446 εὔχεταιεϋιιῑο
3569 5373 3756 5446 Philo-

2173 5440 2262 5502 nis
2280 5440 2421 5500 liber
2447 5440 2608 5498 hodie
2630 5440 2965 5515 nonexstat.
2996 5440 3133 5496 Nam
3185 5440 3617 5515 quodNicolaus
3646 5444 3755 5500 Fa-

2178 5520 2273 5571 ber
2305 5517 2371 5570 ad
2402 5528 2558 5570 oram
2580 5513 2783 5569 codicis
2807 5514 2889 5566 sui
2919 5513 3296 5573 adnotaverat.
3322 5513 3464 5568 forte
3498 5515 3754 5575 scriben-

2177 5589 2303 5641 dum
2329 5600 2451 5640 esse
2470 5583 2610 5652 Περὶ
2635 5583 2744 5655 τοῦ
2766 5582 3224 5655 ἘξένηψεΝωε,
3241 5583 3297 5638 id
3317 5584 3569 5655 equidem
3621 5599 3752 5654 pro-

2176 5656 2309 5711 bare
2330 5671 2436 5710 non
2464 5668 2708 5724 possum,
2738 5654 2869 5708 licet
2899 5655 2949 5724 in
2975 5670 3041 5707 eo
3064 5654 3200 5709 libro
3228 5662 3352 5724 agat
3382 5654 3536 5709 Philo
3561 5655 3630 5711 de
3653 5671 3750 5711 vo-

2178 5728 2247 5779 tis
2273 5737 2330 5780 et
2351 5722 2852 5794 imprecationibus.
2866 5722 3043 5794 _Apud
3072 5722 3293 5794 suillam
3330 5723 3467 5776 liber
3491 5726 3582 5778 hic
3615 5724 3749 5781 Phi-

2177 5796 2316 5866 Ionis
2337 5786 2657 5866 inscribitur
2693 5792 2832 5861 Περὶ
2854 5786 2954 5866 (iw:
2977 5792 3127 5846 κατὰ
3187 5791 3338 5866 νοῦς
3382 5810 3476 5860 τις
3504 5796 3749 5866 εὔχεται

2175 5862 2281 5939 εἷς.
2324 5864 2659 5935 Sophronias
2689 5858 2813 5920 vero
2834 5866 2913 5919 sic
2943 5862 3270 5932 habetdlspl
3292 5858 3380 5919 ὧν
3415 5858 3745 5923 surdis?"
