3894 6516
429 356 532 413 195

1108 342 1119 353 ’
1177 355 1445 414 EUSEBII
1484 351 1963 411 CESARIESSIS
1998 351 2151 410 OPP.
2193 352 2373 408 PARS
2412 353 2452 408 Ι.
2491 384 2563 395 -
2600 353 2994 411 HISTORICA.

3570 359 3678 415 196

425 477 640 523 nentem
661 468 765 524 sibi
789 478 1015 526 mortem
1044 442 1390 540 praevidebat.
1416 468 1680 537 Quocirca
1706 480 1977 541 postquam

2093 468 2365 538 ἐπιλέγων
2405 469 2536 542 τῷ,ι
2566 472 2663 526 καὶ
2697 473 2975 546 ἐρῤύσθην
2999 474 3064 529 ὲκ
3092 475 3363 547 στόματος
3387 476 3623 542 λέοντος,
3652 497 3674 530 ι

425 560 566 616 dixit
590 578 604 616 :
633 581 651 614 ι
673 560 959 618 Liberatus
981 579 1099 617 sum
1124 578 1188 617 ex
1215 578 1309 618 ore
1333 563 1523 630 leonis,
1548 581 1568 614 ι
1595 563 1779 617 statim
1806 562 1984 618 addit:

428 669 452 708 ι
487 652 770 710 Liberabit
826 670 913 711 me
958 655 1216 710 Dominus
1253 655 1322 709 ab
1364 656 1512 709 omni
1545 670 1708 725 opere
1746 654 1912 721 malo,
1936 664 1991 710 et

423 759 664 814 servabit
684 758 737 813 in
756 774 974 829 regnum
1001 773 1153 813 suum
1176 758 1453 820 caeleste.»
1483 759 1805 830 martyrium
1830 773 1987 813 suum

423 848 643 920 iamiam
696 850 886 904 adfore
910 849 1241 919 signiﬁcans.
1260 848 1413 916 Quod
1434 849 1652 918 quidem
1683 850 1848 905 etiam
1870 851 1991 905 evi-

423 940 640 996 dentius
677 940 728 994 in
760 940 951 995 eadem
977 937 1213 1008 Epistola
1252 939 1574 1009 praedixerat
1617 940 1704 995 bis
1754 940 1937 995 verbis
1972 954 1987 993 :

431 1048 451 1083 ι
486 1032 600 1102 Ego
658 1031 800 1085 enim
844 1027 955 1098 jam
1007 1029 1240 1095 delibor,
1267 1040 1323 1085 et
1374 1039 1585 1103 tempus
1618 1031 1988 1089 dissolutionis

421 1137 558 1177 mea:
586 1123 771 1176 instat.
798 1139 817 1172 ι
852 1120 917 1173 Ει
948 1119 1002 1175 in
1030 1120 1133 1174 hac
1163 1121 1382 1189 quidem
1421 1124 1661 1178 secunda
1689 1124 1757 1179 ad
1801 1123 1987 1178 Timo-

422 1212 604 1267 theum
629 1209 884 1279 Epistola,
923 1210 1124 1267 Lucam
1158 1212 1333 1267 solum
1366 1212 1469 1267 sibi
1497 1212 1691 1269 adesse
1717 1221 1984 1281 testatur;

419 1298 472 1353 in
501 1298 683 1368 priore
704 1313 834 1354 vero
862 1300 1179 1355 defensione
1212 1316 1280 1355 ne
1321 1303 1469 1357 hunc
1495 1302 1711 1372 quidem
1744 1302 1987 1358 adfuisse

417 1389 565 1443 dicit.
591 1389 759 1456 Quam
793 1390 865 1445 ob
892 1405 1115 1445 causam
1149 1393 1362 1447 videtur
1391 1392 1569 1449 Lucas
1597 1394 1832 1450 Actuum
1857 1409 1986 1464 apo-

415 1482 728 1538 stolicorum
759 1483 1044 1539 historiam
1080 1485 1172 1540 illo
1202 1496 1444 1555 tempore
1474 1485 1827 1554 conclusisse,
1860 1503 1982 1542 cum

414 1575 594 1627 omnia
622 1589 743 1644 qua:
780 1576 1019 1644 quandiu
1057 1591 1180 1631 cum
1227 1576 1397 1631 Paulo
1443 1587 1694 1632 versatus
1719 1587 1804 1632 est
1834 1588 1983 1649 gesta

416 1664 650 1731 fuerant,
682 1676 1182 1723 commemorasset.
1209 1668 1334 1722 llzec
1364 1669 1567 1725 idcirco
1594 1684 1624 1723 a
1656 1669 1811 1724 nobis
1837 1670 1983 1725 dicta

413 1763 562 1817 sunt,
590 1763 652 1809 ut
677 1756 1026 1812 ostendamus
1052 1756 1275 1812 Paulum
1303 1772 1408 1813 non
1434 1757 1485 1813 in
1510 1758 1683 1828 primo
1711 1758 1801 1816 illo
1830 1759 1984 1829 cujus

2092 561 2185 614 τό’
2216 579 2235 614 ι
2276 560 2522 615 Ῥύσεταί
2559 580 2626 633 με
2652 566 2681 616 ό
2708 563 2910 635 Κύριος
2946 564 3055 618 ἀπὸ
3080 568 3277 631 παντὸς
3304 567 3467 640 ἔργου
3501 583 3672 638 πονη-

2094 652 2211 726 ροῦ,
2244 655 2336 708 καὶ
2364 652 2527 707 σώσει
2569 656 2650 719 εἰς
2676 656 2776 726 τὴν
2804 656 3080 726 βασιλείαν
3102 657 3265 712 αὐτοῦ
3303 659 3404 729 τὴν
3436 658 3678 731 ἐπουρά-

2090 763 2221 809 νιον,
2255 765 2274 798 ι
2310 746 2589 816 σημαίνων
2615 745 2677 799 τὸ
2705 748 3017 819 παραυτίκα
3040 748 3354 820 μαρτύριον,
3387 749 3417 803 δ
3448 751 3545 804 καὶ
3573 768 3678 805 σα-

2088 834 2351 910 λφέστερον
2380 840 2437 891 ὲν
2462 841 2527 909 τῇ
2548 839 2688 911 αὐτῇ
2712 839 2966 911 προλέγει
2987 843 3170 918 γραφῇ
3192 840 3444 910 φάσκων·
3472 860 3495 893 ι
3528 840 3677 908 Ἐγὼ

2090 930 2199 1003 γὰρ
2232 932 2329 1003 ήδη
2360 931 2679 1002 σπένδομαι,
2710 932 2803 985 καὶ
2822 934 2849 986 ὁ
2880 932 3068 1001 καιρὸς
3094 933 3195 1003 τῆς
3225 931 3539 997 ἀναλύσεώς
3567 951 3677 1005 μου

2090 1024 2408 1094 ἐφέστηκεν.
2455 1042 2474 1075 ι
2511 1023 2626 1076 Νῦν
2658 1024 2756 1094 μὲν
2781 1019 2875 1078 οὗν
2913 1023 3007 1078 ἐπὶ
3036 1026 3134 1097 τῆς
3152 1027 3677 1098 δευτέραςἙπιστο-

2088 1114 2188 1187 λῆς
2213 1114 2323 1168 τῶν
2354 1114 2491 1187 πρὸς
2518 1114 2800 1185 Τιμόθεον,
2833 1116 2925 1169 τὸν
2964 1117 3177 1172 Δουκᾶν
3212 1119 3371 1189 μόνον
3401 1121 3674 1192 γράφοντι

2087 1204 2237 1276 αὐτῷ
2279 1209 2517 1260 συνεῖναι
2564 1205 2732 1278 δηλοῖ,
2772 1206 2913 1259 κατά
2947 1206 3002 1259 δὲ
3026 1208 3125 1278 τὴν
3164 1208 3432 1280 προτέραν
3470 1208 3676 1262 ἀπολο-

2085 1294 2212 1365 γίαν
2255 1296 2377 1351 οὐδὲ
2412 1297 2621 1350 τοῦτον.
2653 1296 2814 1352 Ὅθεν
2841 1297 3065 1361 εἰκότως
3086 1297 3185 1363 τὰς
3212 1299 3321 1353 τῶν
3349 1299 3674 1354 ἀποστόλων

2086 1386 2321 1460 Πρὰξεις
2358 1391 2445 1444 ἐπ’
2480 1392 2686 1444 ἐκεῖνον
2731 1392 2760 1443 ό
2792 1391 3007 1455 Λουκᾶς
3036 1391 3371 1466 περιέγραψε
3417 1392 3511 1446 τὸν
3538 1393 3672 1463 χρό-

2085 1499 2195 1548 νον,
2225 1483 2323 1554 τὴν
2355 1482 2547 1556 μέχρις
2578 1484 2667 1537 ὅτε
2708 1482 2785 1554 τῷ
2812 1483 3008 1555 Παύλῳ
3041 1486 3207 1555 συνῆν
3251 1484 3493 1555 ἱστορίαν
3528 1485 3674 1555 ὑφη-

2083 1574 2413 1645 γησάμενος.
2464 1574 2647 1628 Ταῦτα
2688 1575 2745 1629 δὲ
2788 1576 2918 1646 ἡμῖν
2950 1574 3165 1646 εἴρηται
3212 1573 3667 1646 παρισταμένοις,

2082 1665 2165 1719 ὃτι
2210 1667 2284 1739 μὴ
2324 1666 2445 1720 καθ’
2466 1668 2533 1738 ἦν
2561 1669 2589 1720 ό
2611 1669 2824 1730 Λουκᾶς
2858 1667 3161 1737 ἀνέγραψεν
3181 1668 3274 1719 ἐπὶ
3304 1667 3404 1738 τῆς
3444 1665 3669 1737 Ῥώμης

2084 1756 2238 1829 ὲπιδη
2248 1757 2374 1829 μίαν
2394 1757 2487 1811 τοῦ
2511 1758 2818 1823 Παύλου,τὺ
2840 1759 3135 1830 μαρτύριον
3160 1757 3307 1830 αὐτῷ
3334 1757 3670 1829 συνεπεράν-

412 1846 661 1900 meminit
686 1845 886 1911 Lucas,
915 1847 967 1900 in
992 1849 1182 1903 urbem
1208 1849 1433 1904 Romam
1451 1849 1705 1913 adventu,
1724 1850 1977 1921 martyrio

2089 1849 2179 1920 θη.
2210 1851 2372 1913 Είκός
2393 1866 2457 1919 γε
2483 1867 2565 1904 τοι
2592 1850 2734 1905 κατά
2774 1851 2873 1923 μὲν
2898 1851 3072 1923 ἀρχὰς
3102 1850 3408 1923 ἠπιώτερον
3432 1849 3528 1904 τοῦ
3561 1851 3659 1903 Νέρ

414 1953 535 1993 esse
554 1937 917 2008 perfunctmn.
942 1939 1151 2010 Quippe
1176 1943 1459 2010 probabile
1483 1952 1567 1997 est
1588 1942 1737 1998 Pauli
1757 1960 1854 2013 pro
1879 1943 1984 1999 lide

414 2040 598 2084 nostra
624 2028 992 2085 defensionem
1022 2047 1052 2086 a
1084 2031 1294 2089 Nerone
1324 2034 1416 2103 qui
1442 2035 1587 2090 circa
1624 2035 1775 2090 initia
1809 2036 1985 2108 impeo

417 2122 489 2175 rii
515 2123 841 2179 clementius
862 2140 921 2179 se
946 2127 1193 2194 gerebat,
1217 2126 1447 2198 benigne
1468 2128 1755 2183 admissam
1777 2127 1941 2185 fuisse
1965 2146 1979 2184 :

412 2226 605 2266 verum
643 2225 765 2265 cum
815 2222 1000 2282 postea
1034 2217 1101 2268 ad
1150 2215 1425 2270 teterrima
1460 2230 1688 2285 quaeque
1738 2215 1979 2272 facinora

2086 1957 2255 2013 ρωνος
2285 1942 2648 2014 διακειμένου,
2685 1946 2813 2016 ῥᾷον
2841 1944 2938 2015 τὴν
2972 1946 3110 2016 ὑπὲρ
3134 1943 3229 1997 τοῦ
3261 1944 3531 2014 δόγματος
3567 1941 3669 1996 τοῦ

2086 2034 2298 2089 Παύλου
2332 2036 2728 2109 καταδεχθῆναι
2768 2036 3087 2107 ἀπολογίαν·
3132 2036 3483 2109 προελθόντος
3505 2036 3562 2090 δὲ
3584 2036 3670 2099 εἰς

2083 2127 2375 2199 ἀθεμίτους
2400 2128 2624 2200 τόλμας,
2662 2128 2800 2201 μετά
2825 2128 2934 2182 τῶν
2955 2128 3129 2182 ἄλλων
3157 2129 3251 2182 καὶ
3282 2125 3351 2181 τὰ
3379 2126 3521 2181 κατὰ
3554 2127 3671 2181 τῶν

2083 2221 2398 2275 ἀποστόλων
2422 2221 2831 2293 ἐγχειρισθῆναι
2862 2220 3021 2293 (90⁶).

412 2303 556 2359 idem
604 2300 747 2358 Nero
790 2307 1147 2375 prorupisset,
1174 2309 1449 2377 apostolos
1475 2323 1693 2380 quoque
1736 2324 1859 2364 cum
1888 2314 2101 2370 caneris
2130 2316 2394 2370 sa:vitiam
2426 2316 2541 2385 ejus
2573 2326 2847 2385 expertos.

895 2401 1003 2473 63
1038 2400 1268 2459 CAPUT
1300 2403 1485 2459 xxnt.

481 2495 755 2563 Quomodo
778 2494 1011 2550 Iacobus
1040 2496 1129 2562 qui
1159 2496 1324 2564 [ram
1360 2496 1569 2552 Domini
1601 2499 1776 2553 dictus
1804 2508 1904 2563 est.

934 2568 1243 2636 martyrium
1275 2566 1455 2624 subiit.

477 2656 745 2713 Caeterum
798 2672 919 2712 cum
949 2656 1150 2712 Paulus
1186 2657 1254 2712 ad
1289 2657 1557 2714 Ctesarem
1605 2670 1975 2729 provocasset,

2592 2411 2986 2466 ΚΕΦΔΛΔῙΟΝ
3019 2412 3143 2464 Kl".

2095 2503 2195 2572 Ὠς
2218 2504 2630 2575 ἐμαρτύρησεν
2664 2502 2939 2575 Ἰάκωξρς
2966 2502 3149 2575 δ’τοᾷ
3176 2503 3399 2575 Κυρίου
3430 2520 3666 2574 χρημα-

2321 2571 2789 2643 τίσὰςάδελφός
2822 2572 2965 2637 (Nic.
2995 2571 3070 2631 Η.
3105 2573 3172 2627 Ε.
3204 2589 3266 2637 ιι,
3294 2573 3406 2643 38).

2167 2666 2409 2721 Ἰουδαῖοί
2443 2682 2507 2736 γε
2545 2664 2771 2739 μὴν,τοῦ
2801 2664 3016 2719 Παύλου
3051 2665 3302 2738 Καίσαρα
3334 2664 3670 2720 ἐπικαλεσα-

372 2747 746 2843 μΒοηιιιιιιιιιιο
777 2765 806 2802 a
836 2748 997 2804 Festo
1024 2748 1224 2805 missus
1250 2758 1413 2815 esset,
1433 2748 1603 2804 ιιιιάσεί
1629 2750 1720 2820 qui
1751 2750 1977 2806 insidias

2086 2758 2249 2831 μένου
2269 2796 2284 2821 ,
2313 2758 2407 2812 ἐπί
2435 2775 2496 2811 τε
2525 2758 2626 2830 τὴν
2663 2756 2950 2828 Ῥωμαίων
2978 2756 3131 2811 πόλιν
3171 2756 3275 2811 ὑπὸ
3312 2758 3526 2828 Φήστου
3557 2775 3669 2811 πα-

364 2839 377 2922 ξ
407 2840 509 2911 ipsi
545 2848 881 2904 struxerant.
923 2855 1017 2911 spe
1038 2854 1138 2922 sua
1171 2840 1444 2908 frustrati,
1478 2841 1531 2895 in
1560 2839 1821 2896 Jacobum
1858 2841 1974 2896 fra-

2084 2849 2495 2922 ραπεμφθέντος
2518 2888 2533 2914 ,
2578 2849 2675 2922 τῆς
2706 2848 2918 2912 ἐλπίδος
2958 2848 3079 2902 καθ’
3106 2848 3174 2920 ἣν
3212 2847 3473 2920 ἐξήρτυον
3511 2847 3669 2919 αὐτῷ

351 2902 366 2991 Ῐ
408 2902 544 2987 trem
571 2902 911 2998 Domini,cui
937 2902 1263 3003 episcopalis
1290 2902 1795 3003 Hierosolymorum
1818 2933 1976 2988 sedes

2082 2902 2191 3011 τήν
2566 2902 2932 3000 ἀπόπεσόντες
2950 2977 2965 3002 ,
2993 2937 3087 2991 ἐπὶ
3127 2902 3379 2992 Ἰάκώθον
3427 2938 3521 2991 τὸν
3565 2905 3666 2992 τοῦ

405 3030 475 3083 ab
511 3025 771 3095 apostolis
800 3026 998 3080 tradita
1037 3024 1239 3091 fuerat,
1264 3024 1469 3080 rabiem
1514 3032 1861 3093 convertunt,
1891 3036 1976 3081 at-

2082 3030 2283 3102 Κυρίου
2306 3029 2595 3102 τρέπονται
2636 3029 2881 3099 ἀδελφὺν,
2912 3023 2957 3097 ᾧ
2991 3028 3127 3100 πρὸς
3150 3029 3259 3083 τῶν
3284 3029 3601 3084 ἀποστόλων
3630 3030 3670 3083 ὀ

403 3133 513 3190 que
544 3114 786 3174 boc'fere
832 3117 995 3172 modo
1028 3117 1178 3172 illum
1231 3117 1407 3173 adorti
1451 3127 1598 3174 sunt.
1645 3118 1973 3176 Productum

2082 3120 2179 3192 τῆς
2201 3120 2503 3191 ἐπισκοπῆς
2516 3119 2615 3191 τῆς
2639 3121 2697 3173 ὲν
2731 3116 3119 3191 Ἰεροσολύμοις
3140 3117 3518 3197 ἐγκεχείριστο
3541 3116 3671 3190 θρό-

403 3182 460 3267 ἱιι
501 3211 773 3276 medium,
811 3209 1085 3283 abnegare
1141 3210 1303 3265 fidem
1354 3210 1555 3266 Christi
1597 3226 1781 3267 coram
1829 3214 1975 3268 omni

2082 3182 2190 3275 νος.
2220 3182 2768 3275 Τοιαῦτα-’δὲἀὐτοίς
2803 3182 2896 3264 καὶ
2926 3182 3012 3263 τὰ-
3033 3182 3192 3264 κατὰ-
3218 3182 3408 3264 τούτόῦ
3453 3182 3664 3283 τολμή-

403 3302 603 3374 populo
633 3302 845 3374 jubent.
877 3302 986 3358 Sed
1019 3316 1142 3357 cum
1167 3302 1212 3358 is
1243 3313 1440 3372 praeter
1476 3303 1719 3358 omnium
1780 3320 1977 3374 exspeo

2082 3320 2228 3375 ματα
2243 3303 2378 3374 (91).
2399 3304 2493 3366 Εἰς
2517 3302 2680 3373 μέσον
2699 3303 2861 3357 αὑτὸν
2888 3303 3203 3372 ἀγαγόντες,
3217 3302 3442 3375 ἄρνησιν
3465 3304 3567 3376 τῆς
3580 3304 3667 3368 εἰς

405 3396 697 3450 ctationem
739 3394 908 3449 libera
950 3407 1082 3449 voce
1111 3405 1167 3449 et
1219 3391 1420 3462 majore
1470 3408 1633 3463 quam
1685 3394 1979 3465 sperabant

405 3490 625 3555 fiducia,
658 3489 1008 3544 Servatorem
1056 3503 1122 3544 ac
1168 3486 1454 3542 Dominum
1502 3498 1743 3543 nostrum
1792 3484 2014 3542 Iesum.

408 3580 505 3636 Dei
543 3578 737 3635 Filium
771 3594 891 3635 esse
918 3593 1103 3634 coram
1137 3578 1286 3633 omni
1320 3577 1664 3634 multitudine
1694 3578 1977 3634 confessus

405 3672 636 3740 fuisset;
663 3683 774 3727 tum
817 3672 893 3726 illi
925 3672 1279 3741 impatienter
1325 3671 1564 3726 ferentes
1606 3670 1975 3725 testimonium

405 3766 539 3820 tanti
580 3766 705 3831 viri,
733 3764 931 3834 quippe
969 3764 1062 3834 qui
1103 3763 1172 3819 ob
1202 3762 1531 3835 singularem
1581 3762 1974 3818 continentiam

405 3873 473 3913 ac
501 3857 841 3928 religionem,
880 3854 1122 3910 omnium
1152 3868 1419 3910 consensu
1436 3851 1776 3922 iustissimus
1805 3850 1976 3906 habe-

405 3953 589 4015 batur,
620 3957 833 4016 arrepta
862 3962 927 4002 ex
959 3956 1132 4002 morte
1163 3945 1393 4002 rectoris
1438 3944 1653 4000 licentia
1702 3959 1826 3998 eum
1856 3952 1974 3997 tru-

403 4041 614 4097 cidant.
640 4039 849 4111 Quippe
888 4054 986 4109 per
1022 4039 1164 4094 idem
1192 4046 1403 4107 tempus
1438 4044 1655 4091 mortuo
1706 4035 1759 4089 in
1791 4033 1973 4089 Judzea

402 4132 586 4197 Festo,
628 4134 833 4203 absque
854 4131 964 4187 ullo
988 4130 1217 4202 praeside
1240 4144 1306 4186 ac
1331 4127 1673 4184 moderatore
1694 4126 1973 4196 provincia

405 4233 766 4280 remanserat.
799 4223 876 4280 Ac
897 4222 1011 4293 jam
1041 4221 1260 4293 quidem
1284 4221 1537 4293 superius
1559 4222 1776 4276 modum
1807 4222 1972 4277 caedis

401 4313 598 4371 Jacobi
623 4329 690 4370 ex
720 4314 901 4369 allatis
921 4313 1217 4370 Clementis
1249 4313 1424 4369 verbis
1452 4296 1846 4384 .cognovimus,
1881 4312 1971 4382 qui

402 4421 471 4462 ex
504 4403 687 4476 templi
735 4403 951 4476 fastigio
999 4419 1123 4460 eum
1176 4402 1597 4475 praecipitatum.
1648 4413 1704 4459 et
1753 4404 1972 4458 fullonis

2076 3396 2168 3450 τ’δν
2196 3394 2430 3468 Χριστὸν
2456 3394 2695 3460 πίστεως
2735 3396 2830 3448 ἐπὶ
2871 3395 3069 3460 παντὸς
3109 3394 3331 3467 ἐζήτουν
3374 3394 3469 3448 τοῦ
3503 3395 3664 3451 λαοῦ.

2078 3488 2184 3542 Τοῦ
2209 3488 2266 3542 δὲ
2286 3488 2436 3559 παρά
2460 3484 2557 3557 τὴν
2581 3487 2838 3543 ἁπάντων
2858 3487 3081 3560 γνώμην
3107 3487 3367 3562 ἐλευθέρᾳ
3388 3492 3543 3563 φωνῇ
3565 3491 3669 3545 καὶ

2080 3580 2279 3651 μᾶλλον
2302 3580 2334 3651 ἢ
2358 3579 2759 3652 προσεδόκησαν
2778 3581 2870 3634 ἐπὶ
2888 3580 2989 3651 τῆς
3011 3580 3246 3653 πληθύος
3274 3581 3495 3655 ἁπάσης
3518 3585 3666 3656 παῤ-

2079 3669 2500 3741 ῥησιασαμένου,
2524 3671 2619 3723 καὶ
2642 3671 3071 3749 ὁμολογήσαντος
3093 3671 3219 3725 Υἱὸν
3243 3667 3381 3727 εἶναι
3410 3673 3503 3727 τοῦ
3523 3673 3664 3728 Θεοῦ

2075 3761 2165 3815 τὸν
2198 3760 2425 3832 Σωτῆρα
2471 3762 2567 3814 καὶ
2596 3761 2799 3835 Κύριον
2829 3762 2984 3834 ἡμῶν
3032 3763 3236 3835 Ἰησοῦν
3263 3764 3356 3818 τὸν
3396 3765 3659 3837 Χριστὸν.

2079 3852 2271 3925 μηκέθ’
2300 3847 2401 3907 οἶοί
2427 3870 2486 3907 τε
2509 3856 2607 3924 τὴν
2634 3853 2728 3907 τοῦ
2774 3854 2965 3927 ἀνδρὸς
2997 3857 3299 3927 μαρτυρίαν
3328 3855 3547 3929 φέρειν,
3577 3856 3658 3928 τῷ

2072 3945 2405 4000 δικαιότατον
2447 3944 2608 4020 αὐτὸν
2647 3945 2799 4018 παρά
2840 3947 2953 4008 τοῖς
2992 3946 3124 3998 πᾶσι
3165 3944 3232 3999 δι’
3263 3943 3663 4020 ἁκρότητα,ἦς

2078 4037 2264 4109 μετῄει
2317 4035 2457 4091 κατὰ
2481 4035 2573 4090 τὸν
2619 4035 3077 4107 βίον,φιλοσοφίας
3104 4053 3164 4090 τε
3209 4036 3302 4090 καὶ
3347 4036 3663 4103 θεοσεϐείας

2075 4128 2443 4194 πιστεύεσθαι,
2474 4129 2765 4192 κτείνουσι,
2797 4129 2986 4200 καιρὸν
3018 4130 3098 4192 εἰς
3126 4127 3373 4194 ἐξουσίαν
3399 4128 3663 4194 λαϐόντες

2072 4223 2170 4296 τὴν
2197 4223 2480 4296 ἀναρχίαν,
2510 4224 2593 4277 ὅτι
2631 4222 2694 4294 δὴ
2729 4221 2822 4276 τοῦ
2855 4221 3060 4293 Φήστου
3090 4221 3211 4274 κατ’
3244 4219 3376 4273 αὐτὸ
3403 4220 3499 4274 τοῦ
3531 4239 3661 4276 και-

2077 4312 2171 4384 ροῦ
2189 4314 2282 4367 ἐπὶ
2300 4312 2403 4384 τῆς
2435 4311 2695 4376 Ἰουδαίας
2717 4309 3154 4381 τελευτήσαντος,
3178 4308 3388 4381 ἀναρχα
3428 4311 3525 4364 καὶ
3562 4313 3666 4365 ἁν-

2073 4405 2443 4478 επιτρόπευτα
2471 4404 2541 4458 τὰ
2566 4404 2668 4474 τῆς
2711 4403 2899 4457 αὐτόθι
2931 4401 3249 4474 διοικήσεως
3281 4401 3661 4475 καθειστήκει.

401 4505 559 4552 vecte
583 4510 897 4565 percussum
925 4494 1199 4551 interiisse
1226 4504 1451 4550 testatus
1476 4502 1579 4550 est.
1597 4493 1704 4550 Sed
1730 4493 1969 4550 omnium

2082 4498 2178 4552 Τὸν
2201 4498 2259 4552 δὲ
2285 4498 2388 4569 τῆς
2419 4497 2514 4550 τοῦ
2554 4494 2809 4550 Ἰακώὸου
2852 4492 3372 4583 τελευτῆςτρόπον,
3412 4495 3516 4568 ήδη
3556 4498 3662 4567 μὲν

405 4586 814 4642 accuratissime
845 4585 1180 4657 Hegesippus
1215 4584 1306 4654 qui
1355 4585 1718 4655 apostolorum
1763 4597 1971 4655 tempo-

406 4678 555 4733 ribus
578 4677 857 4748 proximus
892 4676 1012 4742 fuit,
1039 4676 1094 4730 in
1142 4676 1330 4745 quinto
1356 4674 1868 4731 Commentariorum
1901 4676 1969 4730 lio

402 4766 504 4825 bro
548 4768 614 4825 de
645 4766 849 4824 Jacobo
904 4767 1238 4840 praescripsit
1263 4768 1347 4822 his
1379 4765 1561 4821 verbis
1591 4783 1607 4820 :
1638 4784 1658 4819 ι
1689 4766 1965 4831 Ecclesiae.

403 4861 602 4932 inquit,
628 4860 1151 4916 administrationem
1187 4873 1293 4913 una
1329 4874 1450 4913 cum
1495 4858 1751 4929 apostolis
1783 4874 1971 4915 susce-

401 4953 482 5025 pit
508 4950 745 5008 Jacobus
784 4950 955 5007 frater
1000 4950 1236 5017 Domini,
1275 4949 1368 5021 qui
1396 4949 1508 5020 jam
1539 4950 1664 5007 inde
1695 4964 1727 5006 a
1756 4950 1963 5007 Christi

356 5129 366 5144 ”
402 5212 451 5214 υ
475 5139 1187 5214 (90⁸)-Ὲτχειρισθῆναιεῐιι
1209 5148 1447 5214 quatuor
1466 5139 1670 5194 nostris
1692 5137 1971 5214 codicibus

401 5210 931 5279 Ma'z.,'Med.,l“uk.
990 5226 1056 5265 ac
1095 5210 1265 5265 Savil.
1319 5211 1583 5279 scriptum
1639 5216 1723 5279 est
1760 5210 1969 5279 ἐπιχει-

406 5277 587 5355 ρῆσαι.
616 5282 788 5350 Quam
820 5281 1102 5355 lectionem
1137 5280 1192 5334 in
1235 5277 1886 5355 quibusdamcodicibus
1912 5291 1972 5332 se

401 5347 669 5422 reperisse
698 5362 923 5407 testatur
956 5347 1280 5420 Stephanus.
1317 5347 1513 5422 Verum
1536 5348 1581 5403 si
1606 5349 1678 5422 ita
1702 5348 1965 5422 legamus,

404 5416 715 5494 necessario
744 5416 1093 5494 scribendum
1132 5422 1245 5494 er_i_t_
1264 5417 1594 5494 προελθόντα
1731 5421 1811 5482 εἰς
1839 5416 1965 5470 ἀθε-

405 5492 594 5577 ιιξττέιξς
625 5492 840 5577 nim
869 5504 981 5577 Pw:
1006 5488 1521 5577 CensNice'Iaho'.“
1551 5492 1604 5577 ίξι
1623 5489 1963 5577 59:15.“??-

404 5558 498 5626 54,
524 5563 596 5633 ita
625 5558 833 5617 videtur
869 5564 1105 5633 legisse.
1131 5561 1223 5633 Sic
1263 5558 1407 5633 enim
1446 5558 1838 5633 huncflusebii
1885 5558 1967 5633 lo-

405 5649 531 5710 cum
562 5627 1042 5710 ἰιιιειςροιρνίιςείς
1066 5631 1111 5684 δ’
1137 5630 1427 5710 ἀθεμίτους
1440 5628 1793 5710 ,ἐξοκείλαντα
1834 5627 1969 5710 πρά·

2082 5630 2290 5710 terra

2075 4587 2337 4660 πρότερον
2368 4588 2425 4640 αἱ
2468 4584 2859 4658 παρατεθεῖσαι
2890 4583 2984 4636 τοῦ
3020 4582 3340 4653 Κλήμεντος
3365 4586 3541 4653 φωναὶ
3570 4586 3661 4639 δε-

2072 4680 2399 4752 δηλώκασιν,
2426 4680 2534 4734 ἀπὸ
2572 4679 2665 4733 τοῦ
2705 4677 2999 4752 πτερυγίου
3042 4676 3354 4749 βεὸλῆσθαι,
3404 4676 3547 4748 ξύλῳ
3596 4696 3661 4732 τε

2072 4772 2172 4840 τὴν
2221 4771 2358 4844 πρὸς
2408 4770 2636 4825 θάνατον
2689 4768 2995 4840 πεπλῆχθαι
3055 4770 3219 4824 αὐτὸν
3279 4770 3655 4842 ἱστορηκότος.

2085 4860 2475 4933 Ἀκριόέστατά
2488 4877 2551 4929 γε
2576 4860 2680 4932 μὴν
2698 4859 2766 4913 τὰ
2791 4861 2912 4914 κατ’
2933 4859 3094 4912 αὐτὸν
3118 4860 3148 4912 ὀ
3178 4858 3527 4929 Ἡγήσιππος
3560 4862 3661 4914 ἐπὶ

2067 4953 2165 5024 τῆς
2191 4952 2412 5025 πρώτης
2440 4954 2546 5006 τῶν
2570 4950 2878 5006 ἀποστόλων
2906 4940 3213 5022 ’γενόμενος
3237 4949 3490 5022 διαδοχῆς
3514 4951 3655 5034 (92).

2077 5135 2144 5192 tri
2166 5135 2380 5191 codices
2395 5134 2533 5190 Maz.
2550 5174 2567 5200 ,
2587 5132 2804 5195 Medic..
2834 5131 2970 5190 Fuk.
2995 5141 3049 5188 et
3070 5130 3239 5188 Savil.
3256 5145 3356 5200 pro
3382 5130 3658 5200 τολμᾶται

2076 5204 2619 5276 scriptuntexhibent
2644 5202 2994 5276 τολμήματα.
3010 5202 3162 5270 Quod
3185 5202 3437 5276 equidem
3480 5204 3661 5276 magis

2077 5270 2268 5346 probo.
2305 5274 2439 5346 Nam
2472 5276 2516 5331 si
2541 5270 3151 5346 soluatur.legerimus,
3177 5270 3512 5346 superfluum
3539 5270 3661 5346 erit

2063 5340 2153 5411 τὰ,
2172 5362 2296 5401 cum
2319 5344 2551 5400 sulliciat
2563 5340 2764 5399 dixisse
2782 5340 3008 5396 τοιαῦτα
3022 5343 3080 5396 δὲ
3094 5342 3276 5404 αὐτοῖς
3297 5340 3658 5411 κατὰτούτου

2062 5410 2348 5487 τολμᾶται.
2395 5416 2561 5487 Paulo
2602 5424 2730 5467 ante
2773 5413 2935 5487 iidem
2975 5414 3193 5487 codices
3224 5411 3385 5487 μοι..
3409 5410 3553 5487 Med.
3590 5427 3659 5468 ac

2063 5480 2715 5562 Fuglpt'oéIszEtptﬂo
2729 5497 2784 5562 sc
2792 5484 2988 5562 riptnm
3005 5483 3206 5562 habent
3220 5480 3653 5562 ἐγκεχείρισταξ.

2134 5551 2245 5624 (92)
2263 5557 2315 5609 '0
2328 5551 2713 5631 ’ῌγήὸνιέτίεος
2725 5552 2831 5631 ἐπὶ
2860 5551 2968 5631 τῆς
2982 5551 3216 5631 πρώτης
3241 5551 3361 5631 τῷν
3388 5551 3659 5631 ἀποστό-

2292 5624 2543 5696 mpm;-
2583 5624 2887 5696 διαδοχῆς.
2920 5624 3146 5696 Rnlinus
3180 5626 3378 5696 legisse
3413 5627 3650 5696 videtur.

408 5701 538 5780 ξείις,
578 5689 721 5771 μετέ
742 5700 850 5780 τῷν
878 5689 1051 5755 ἄλλων
1075 5702 1167 5756 καὶ
1187 5689 1284 5766 τᾶς
1302 5689 1738 5756 τῶν-ἀποστόλων
1763 5689 1969 5751 ἐπιτολ-

2082 5699 2154 5777 ιπί
2178 5689 2244 5767 τῇ
2288 5689 2479 5780 πρώτῃ
2517 5689 2882 5773 διαδοχῇῖδιο
2909 5693 3051 5745 enim
3084 5689 3256 5780 vertit—
3273 5714 3286 5746 :
3322 5689 3654 5758 Hegesippus

412 5769 590 5844 μῆσαί
613 5769 845 5844 ςφαγάςε

478 5836 587 5903 Μ)
614 5836 769 5903 ναις.
784 5840 856 5894 τὰ
866 5839 1011 5895 κατὰ
1023 5841 1233 5897 τούτου
1250 5838 1556 5910 reducitur.
1577 5839 1820 5909 Quatuor
1836 5852 1966 5896 nos-

2061 5770 2150 5835 qui
2202 5762 2513 5838 152,511,433;
2562 5762 2742 5821 unum
2792 5762 2991 5834 primas
3028 5762 3386 5831 apostolorum
3437 5777 3652 5816 succes-
