3894 6490
484 314 581 369 199

1214 317 1482 376 EUSEBll
1517 314 1998 374 CESARIENSIS
2033 315 2186 374 OPP.
2228 316 2408 373 PARS
2446 316 2484 371 1.
2529 349 2601 360 -—
2637 318 3031 377 HISTORICA.

3626 321 3735 378 2(0

477 431 718 490 nonnulli
742 447 928 488 eorum
961 431 1145 489 Jesum
1184 448 1369 490 revera
1401 432 1675 489 Christum
1703 447 1826 489 esse
1852 433 2026 490 credi-

2138 432 2325 487 τοῦτον
2366 430 2508 488 εἶναι
2535 436 2628 490 τὸν
2673 436 2921 507 Σωτῆρα.
2970 434 3059 504 Ἐξ
3101 427 3176 490 ὧν
3205 452 3350 501 τινες
3374 435 3734 494 ἐπίστευσαν»

477 526 693 583 derunt.
736 525 913 597 Supra
940 527 1158 596 scriptae
1185 542 1315 581 vero
1344 535 1504 582 sectae
1533 541 1636 583 nec
1678 527 2039 583 resurrectio-

475 631 626 684 nem,
655 630 757 673 nec
802 618 1043 673 futurum
1078 617 1288 673 'Christi
1321 618 1611 673 adventum
1642 627 1703 673 ut
1745 618 2041 688 unicuique

472 722 573 776 pro
604 708 814 764 meritis
839 709 1136 764 mercedem
1163 709 1390 776 tribuat,
1414 708 1733 764 credebant.
1764 709 2039 779 Quotquot

472 815 605 855 vero
637 815 705 856 ex
732 800 799 856 iis
827 800 1197 865 crediderunt,
1233 798 1417 856 Jacobi
1447 816 1610 871 opera
1640 816 1704 856 ac
1733 803 2039 858 ministerio

472 892 660 963 utique
697 891 1060 947 crediderunt.
1084 890 1219 947 Cum
1250 907 1383 963 ergo
1425 892 1578 948 multi
1610 908 1676 948 ex
1719 894 1850 964 ipsis
1875 895 2037 950 etiam

470 985 800 1055 primoribus
839 984 1149 1050 crederent,
1186 984 1508 1039 tumultuari
1554 997 1837 1057 coeperunt
1864 986 2038 1043 Judaei

470 1085 524 1132 et
560 1077 753 1132 scriba:
803 1090 866 1131 ac
905 1074 1166 1133 Pharisaai
1196 1095 1210 1133 :
1244 1091 1310 1133 eo
1344 1076 1456 1147 jam
1502 1089 1723 1134 ventum
1758 1095 1879 1136 esse
1928 1082 2041 1136 cla-

470 1176 697 1233 mantes,
729 1176 787 1221 ut
815 1182 981 1238 prope
1005 1169 1185 1223 omnis
1218 1168 1449 1239 populus
1481 1167 1664 1225 Jesum
1698 1171 1854 1241 quasi
1879 1171 2039 1227 Chri-

468 1268 611 1313 stum
645 1269 1015 1329 exspectaret.
1064 1259 1299 1316 Proinde
1332 1262 1385 1315 in
1419 1277 1584 1316 unum
1611 1263 1921 1334 congregati
1950 1262 2039 1317 Ja-

469 1347 662 1403 cobum
692 1350 913 1414 adeunt,
934 1350 1127 1419 hisque
1150 1364 1272 1405 eum
1296 1349 1481 1405 verbis
1503 1351 1826 1421 compellant
1857 1370 1870 1404 :
1904 1350 2037 1405 lior-

466 1449 646 1495 tamur
674 1449 747 1507 te,
778 1442 1055 1511 inquiunt,
1095 1453 1154 1496 ut
1182 1442 1365 1513 populi
1408 1458 1649 1500 errorem
1684 1445 2034 1515 comprimas,

464 1533 556 1602 qni
588 1533 779 1590 falsam
804 1537 870 1589 de
884 1532 1011 1590 Jesu
1040 1534 1350 1604 opinionem
1375 1534 1615 1602 imbibit,
1638 1537 1862 1607 perinde
1882 1539 2032 1607 quasi

464 1624 712 1681 Christus
739 1635 906 1681 esset.
958 1625 1232 1682 Persuade
1274 1627 1439 1698 igitur
1481 1629 1735 1685 omnibus
1761 1630 1854 1700 qui
1893 1629 2036 1686 festo

463 1712 686 1770 Paschm
716 1717 803 1772 die
832 1717 939 1773 huc
973 1720 1319 1786 conveniunt,
1358 1729 1420 1775 ut
1464 1721 1530 1776 de
1553 1720 1681 1777 Jesu
1715 1731 1863 1779 recte
1912 1737 2038 1778 sen-

2145 529 2228 583 61:t
2266 528 2472 600 Ἱησοῦς
2498 530 2645 583 ἐστιν
2668 529 2697 581 6
2730 529 2985 600 Χριστός.
3018 531 3083 584 Αἱ
3108 529 3165 583 δὲ
3184 529 3426 602 αἱρέσεις
3454 531 3513 583 αἱ
3540 546 3733 603 προει-

2148 618 2403 690 ρημέναι,
2436 618 2539 672 οὐκ
2578 618 2863 674 ἐπίστευον
2889 618 3015 673 οὔτε
3037 620 3332 676 ἀνάστασιν
3358 621 3458 692 (1),
3488 620 3619 676 οὔτε
3641 625 3732 693 ἐρ-

2143 712 2372 784 χόμενον
2420 710 2712 766 ἀποδοῦναι
2759 712 2975 785 ἑκάστῳ
3033 713 3173 768 κατὰ
3220 713 3289 768 τὰ
3345 714 3483 786 ἔργα
3539 715 3733 771 αὐτοῦ.

2147 802 2299 855 Ὅσοι
2331 800 2387 854 δὲ
2412 802 2507 854 καλ⁸
2544 801 2902 868 ἐπίστευσαν,
2951 803 3041 857 διὰ
3086 804 3341 859 Ἰάκωϐον
3375 805 3472 876 (2).
3511 805 3734 861 Πολλῶν

2142 889 2237 947 οῦν
2268 892 2362 947 καὶ
2396 892 2506 945 τῶν
2531 892 2808 964 ἀρχόντων
2839 895 3222 960 πιστευόντων,
3262 891 3332 967 ἦν
3365 895 3599 968 θόρυϐος
3622 898 3733 956 τῶν

2156 984 2424 1039 Ἰουδαίων
2451 984 2546 1038 καὶ
2568 984 2945 1056 γραμματέων
2971 985 3068 1039 καὶ
3094 985 3405 1057 Φαρισαίων
3437 986 3732 1057 λεγόντων,

2141 1078 2224 1131 ὅτι
2253 1077 2553 1131 κινδυνεύει
2579 1079 2690 1141 πᾶς
2718 1080 2747 1131 6
2777 1077 2904 1142 λαὸς
2943 1078 3147 1149 Ἰησοῦν
3175 1079 3267 1133 τὸν
3295 1080 3535 1151 Χριστὸν
3558 1097 3730 1151 προσ-

2140 1169 2325 1240 δοκᾷν.
2359 1169 2585 1238 Ἔλεγον
2616 1166 2710 1223 οῦν
2740 1168 3083 1233 συνελθόντες
3110 1169 3189 1240 τῷ
3224 1169 3465 1242 Ἰακώϐῳ
3488 1188 3502 1202 ·
3542 1172 3730 1244 Παρα-

2142 1260 2414 1332 καλοῦμεν
2436 1278 2518 1325 σε,
2541 1261 2765 1333 ἐπίσχες
2785 1260 2875 1315 τὸν
2895 1261 3024 1315 λαὸν
3053 1262 3173 1315 ἐπεὶ
3198 1262 3480 1335 ἐπλανήθη
3512 1266 3596 1328 είς
3624 1265 3732 1337 Ἰη·

2143 1351 2291 1418 σοῦν,
2318 1353 2394 1417 ὡς
2424 1352 2588 1407 αὑτοῦ
2622 1354 2773 1419 ὄντος
2800 1354 2893 1408 τοῦ
2919 1354 3174 1427 Χριστοῦ.
3202 1355 3645 1428 Παρακαλοῦμεν
3670 1374 3733 1412 σε

2141 1448 2326 1499 πεῖσαι
2378 1446 2583 1510 πάντας
2633 1448 2759 1509 τοὺς
2800 1446 3052 1509 ἐλθόντας
3092 1448 3173 1510 είς
3222 1446 3323 1519 τὴν
3371 1447 3587 1519 ἡμέραν
3631 1448 3731 1503 τοῦ

2142 1539 2334 1610 Πάσχα
2355 1540 2481 1611 περὶ
2509 1540 2705 1611 Ἰησοῦ.
2723 1540 2813 1593 Σοὶ
2835 1540 2943 1613 γάρ
2968 1539 3168 1604 πάντες
3189 1538 3514 1611 πειθόμεθα.
3533 1542 3735 1613 Ἡμεῖς

2139 1630 2247 1704 γάρ
2283 1630 2665 1703 μαρτυροῦμεν
2703 1648 2784 1685 σοι
2813 1632 2906 1685 καὶ
2939 1632 3046 1695 πᾶς
3080 1633 3109 1685 6
3133 1631 3280 1698 λαός,
3311 1631 3393 1686 ὅτι
3418 1631 3630 1696 δίκαιος
3657 1630 3731 1699 εἴ,

2139 1723 2234 1776 καὶ
2263 1725 2346 1777 ὃτι
2371 1724 2661 1795 πρόσωπον
2695 1726 2755 1778 οὐ
2801 1724 3114 1796 λαμϐάνεις.
3155 1726 3347 1779 Πεῖσον
3379 1720 3474 1780 οῦν
3514 1727 3581 1781 σὺ
3635 1726 3733 1781 τὸν

465 1804 621 1859 tiant.
675 1804 792 1860 Tibi
847 1808 992 1862 enim
1043 1824 1233 1864 omnes
1286 1809 1447 1865 ﬁdem
1485 1811 1771 1878 habemus,
1813 1820 1868 1868 et
1910 1829 2026 1869 cum

2139 1811 2295 1883 ὄχλον
2321 1813 2446 1884 περὶ
2473 1813 2648 1884 Ἰησοῦ
2679 1813 2753 1885 μὴ
2783 1814 3103 1868 πλανᾶσθαι.
3133 1816 3244 1868 Καὶ
3267 1815 3377 1890 γὰρ
3404 1818 3513 1880 πᾶς
3544 1817 3575 1868 6
3600 1816 3733 1881 λαὸς

462 1897 719 1953 universo
745 1901 944 1970 popqu
994 1901 1097 1958 hoc
1137 1902 1229 1957 tibi
1268 1903 1634 1958 testimonium
1669 1904 2034 1975 perhibemus,

456 1989 817 2060 justissimum
853 2002 903 2048 te
937 1993 1113 2048 virum
1140 2008 1290 2061 esse,
1327 2010 1428 2051 nec
1465 1995 1629 2050 ullum
1659 1998 1800 2065 apud
1831 2006 1883 2053 te
1912 2012 2037 2067 per-

463 2098 720 2139 sonarum
756 2085 1047 2140 discrimen
1082 2086 1283 2144 valere.
1313 2087 1549 2144 Proinde
1587 2088 1728 2159 plebi
1766 2089 2036 2159 persuade

462 2190 532 2230 ne
557 2177 701 2231 circa
728 2174 910 2232 Jcsum
944 2176 1200 2247 deinceps
1226 2179 1461 2234 aberret.
1511 2178 1643 2233 Nam
1667 2188 1722 2235 et
1747 2181 2035 2238 universus

461 2266 711 2337 populus,
727 2278 782 2322 et
801 2283 899 2323 nos
918 2267 1149 2324 libenter
1170 2269 1267 2324 tibi
1291 2270 1760 2341 obtemperamus.
1784 2274 2034 2330 Ascende

460 2359 627 2428 igitur
653 2360 703 2412 in
734 2358 1009 2432 fastigium
1027 2361 1235 2431 templi,
1255 2370 1312 2415 ut
1334 2362 1389 2416 in
1412 2362 1626 2416 sublimi
1657 2362 1776 2419 loco
1804 2364 2031 2433 positus,

459 2450 531 2504 ab
592 2451 843 2506 omnibus
901 2452 1144 2523 conspici
1196 2463 1251 2508 et
1325 2454 1570 2509 exaudiri
1629 2453 1789 2511 facile
1832 2457 2029 2523 possis.

457 2538 593 2596 Nam
622 2542 893 2613 paschalis
934 2544 1297 2599 solemnitatis
1344 2546 1545 2616 gratia,
1574 2555 1781 2600 cuncta:
1818 2545 2033 2603 Judan-

458 2650 578 2689 run
617 2635 789 2691 tribus
826 2645 879 2690 et
901 2649 966 2690 ex
1000 2636 1251 2707 gentibus
1282 2652 1388 2691 non
1429 2638 1586 2707 pauci
1619 2637 1727 2692 huc
1758 2652 2031 2694 convene-

458 2735 606 2780 runt.
663 2726 914 2782 Posthtcc
944 2728 1243 2798 supradicti
1274 2728 1467 2784 scribae
1509 2738 1566 2784 et
1608 2727 1861 2784 Pharisaei
1903 2743 2030 2785 cum

455 2817 717 2875 Jacobum
775 2819 829 2875 in
870 2818 1092 2888 fastigio
1126 2820 1306 2891 templi
1350 2820 1739 2889 collocassent,
1772 2832 2029 2879 contenta

454 2924 587 2966 voce
618 2909 697 2967 sic
728 2924 848 2965 eum
892 2910 1093 2981 alloqui
1146 2919 1470 2982 eruperunt:
1506 2912 1550 2969 0
1596 2912 1750 2968 Juste
1793 2912 1883 2969 cui
1928 2927 2029 2969 nos

454 3018 643 3059 omnes
676 3004 834 3058 tidem
858 3004 1120 3060 adhibere
1148 3020 1248 3075 par
1271 3015 1376 3070 est,
1397 3004 1833 3091 quandoquidem
1858 3020 2030 3076 popu-

454 3094 538 3149 lns
568 3095 747 3149 omnis
790 3103 955 3157 errat.
1009 3092 1194 3151 Jesum
1243 3104 1462 3150 sectans
1518 3094 1858 3159 cruciﬁxum,
1893 3096 2027 3151 doce

453 3202 552 3242 nos
582 3188 727 3256 quod
755 3186 825 3241 sit
853 3185 1051 3241 ostium
1083 3184 1210 3241 Jcsu
1244 3185 1419 3242 δυσὶιί
1454 3187 1625 3241 cruci.
1672 3186 1825 3242 Tunc
1860 3186 2023 3243 Jaco-
2053 3162 2094 3218 C

451 3278 553 3335 bus
598 3279 743 3334 edita
786 3294 916 3335 voce
964 3280 1031 3335 iis
1085 3280 1402 3350 respondit:
1444 3299 1464 3333 ι
1500 3279 1638 3347 Quid
1669 3270 1789 3349 me,
1821 3280 2018 3351 inquit,

451 3403 536 3448 est
555 3393 904 3465 introductio,
933 3409 1027 3465 seu
1053 3394 1324 3450 institutio
1346 3403 1509 3465 atque
1531 3393 1784 3450 initiatio.
1809 3393 2018 3451 Ostium

455 3464 622 3534 igitur
649 3463 850 3517 Christi
902 3464 1035 3517 nihil
1066 3474 1149 3519 est
1181 3465 1325 3518 aliud
1366 3463 1530 3534 quam
1582 3464 1715 3519 ﬁdes
1750 3466 1802 3518 in
1850 3466 2016 3521 Deum
2040 3488 2053 3495 ι

452 3532 679 3604 Patrem!
698 3543 752 3604 et
782 3534 839 3587 in
872 3534 1068 3604 Filium
1097 3550 1162 3589 ac
1206 3532 1466 3604 Spiritum
1505 3544 1777 3591 sanctum.
1808 3533 1883 3588 De
1918 3537 2020 3591 hoc

451 3604 592 3658 ostio
631 3602 831 3657 dicitur
864 3604 917 3658 in
950 3603 1214 3660 Psalmis:
1247 3602 1379 3659 Hice
1413 3614 1487 3658 est
1522 3614 1676 3672 porta
1721 3604 1933 3659 Domini
1970 3616 2018 3660 et

447 3672 580 3743 justi
615 3674 884 3743 intrabunt
919 3690 1009 3743 per
1033 3689 1171 3737 eam,
1202 3683 1261 3729 ut
1292 3673 1805 3743 explicatClemens
1832 3675 1885 3728 in
1924 3675 2018 3730 lib.

452 3742 506 3797 vt
534 3742 944 3812 Στρωματέων.
969 3743 1045 3815 Et_
1054 3744 1257 3815 ostium
1279 3745 1494 3813 quidem
1517 3742 1743 3799 Joannis
1771 3743 2024 3815 Baptista:

453 3821 571 3868 erat
606 3814 960 3881 paenitentia;
1010 3813 1212 3868 Christi
1256 3829 1386 3869 vero
1418 3815 1617 3869 ostium
1658 3821 1740 3869 est
1781 3813 2028 3871 remissio

453 3894 795 3954 peccatorum
831 3898 951 3952 qua:
986 3882 1044 3937 ﬁt
1078 3898 1172 3953 per
1208 3884 1555 3954 baptismum.

524 3952 602 4024 (ι)
641 3954 763 4007 Οὐκ
806 3950 1129 4008 ἐπίστευόν
1159 3950 1297 4008 οῦτέ
1343 3952 1703 4009 ἀνάστασιν.
1740 3950 1876 4007 Male
1919 3953 2028 4009 Ru-

455 4022 616 4085 unus,
646 4038 879 4094 eumque
908 4033 1128 4078 secutus
1155 4025 1701 4094 CltristOphorsonus,
1728 4024 1891 4094 vertit
1922 4040 2026 4078 non

452 4091 808 4165 crediderunt;
833 4096 983 4163 Quasi
1012 4095 1279 4165 legeretur
1312 4091 1412 4148 οὐκ
1448 4092 1794 4165 ἐπίστευσαν.
1840 4091 2025 4165 [λοιιεο

452 4163 647 4217 melius
681 4162 955 4221 Musculus
1002 4162 1168 4220 vertit
1214 4180 1320 4219 non
1361 4166 1601 4218 credunt.
1650 4163 1784 4217 Nam
1830 4162 2019 4218 Graeca

452 4247 557 4287 vox
600 4233 741 4287 hanc
772 4234 937 4289 habet
968 4234 1445 4307 signiﬁcationem.
1471 4233 1688 4307 Falsum
1729 4244 2022 4307 tametrest

450 4316 544 4358 eas
586 4314 765 4360 sectas
823 4320 929 4360 non
981 4303 1280 4360 credidisse
1340 4306 1822 4360 resurrectionem.
1886 4303 2021 4360 Nam

449 4371 703 4428 Pharisari
735 4390 854 4430 eam
894 4376 1209 4429 credebant.

543 4446 596 4513 2)
634 4446 797 4499 Ὅσοι
817 4444 885 4499 δὲ
924 4444 1022 4499 καὶ
1044 4444 1434 4510 ἐπίστευσαν,
1463 4444 1559 4498 διὰ
1592 4442 1873 4498 Ἰάκωϐον.
1905 4442 2018 4498 Vox

449 4507 775 4569 ἐπίστευσαν
802 4517 993 4570 iterum
1027 4520 1318 4584 repetenda
1353 4507 1476 4570 est:
1510 4518 1650 4584 quod
1690 4515 1901 4584 virgula
1934 4514 2020 4568 illa
2052 4507 2097 4565 D
2122 4516 2338 4581 pedibus
2370 4507 2583 4571 nostris

446 4600 571 4656 qua:
610 4588 661 4641 in
700 4582 1276 4654 manuscriptis’etiam
1321 4582 1855 4656 codicibusuappicta
1898 4594 1979 4638 est
2003 4623 2018 4647 ,

448 4653 585 4709 satis
609 4656 872 4711 declarat.
914 4653 1344 4709 ln’vetustisimo
1371 4654 1558 4709 codice
1598 4653 1868 4708 Mazarino
1902 4664 2023 4722 post

447 4725 774 4779 ἐπίστευσαν
798 4735 1055 4796 punctum
1088 4726 1383 4796 ascriptum
1405 4733 1487 4778 est
1513 4724 1775 4796 ad_pedes
1804 4722 2018 4796 littera‘,

448 4797 591 4865 quod
626 4793 843 4865 virgulic
885 4805 1083 4851 nostra:
1122 4793 1443 4865 respondet,
1484 4804 1538 4849 et
1574 4793 1761 4849 Graece
1794 4793 2019 4865 quidem

448 4863 671 4938 vocatur
714 4863 1072 4938 ὖποστιγμή,
1122 4881 1151 4919 a
1199 4864 1410 4918 Latinis
1473 4874 1656 4920 autem
1720 4863 2018 4918 subdistin-

447 4936 569 4988 ctio.

518 5004 791 5078 (5)ίΜετὰ
822 5005 919 5078 καί
949 5004 1065 5060 τῶν
1092 5003 1325 5078 ἑανῶν.
1344 5001 1535 5058 Merito
1563 5000 1897 5078 Scaligerum
1930 5002 2018 5078 hic

447 5073 794 5145 reprehendit
825 5076 1114 5145 Dionysius
1146 5075 1421 5145 Petavius,
1463 5075 1607 5142 quod
1655 5080 1907 5145 negasset
1955 5073 2018 5126 li-

447 5140 626 5217 cuisse
651 5146 744 5201 ulli
774 5140 1254 5217 gentih'interesse
1287 5144 1439 5198 festis
1468 5140 2012 5217 diebus_Juda;orum.

445 5214 577 5270 Nam
619 5212 815 5285 praeter
857 5217 1033 5271 locum
1075 5215 1223 5269 illum
1272 5228 1449 5285 quem,
1474 5212 1608 5267 citat
1645 5214 1902 5267 Petavius
1926 5227 2013 5285 ἐκ

445 5280 733 5356 Evang'elio
759 5287 983 5343 Joannis
1014 5300 1132 5354 cap.
1156 5300 1232 5339 xu
1249 5323 1265 5349 ,
1288 5280 1543 5356 'plurima
1586 5286 1896 5356 suppetunt
1919 5280 2014 5337 Jo-

444 5352 620 5424 sephi'
637 5358 964 5421 testimonia,
998 5372 1030 5411 e
1071 5352 1267 5422 quibus
1298 5352 1581 5419 discimus,
1620 5352 2015 5424 gentilesuzy-

446 5421 651 5495 tuorum
682 5427 1007 5483 solemnitati
1054 5421 1252 5495 siepius
1285 5421 1811 5479 interfuissefCerte
1848 5421 2015 5478 Vitel-

446 5493 582 5570 lius,
634 5496 838 5570 legatus
885 5496 1083 5570 Syrias,
1133 5493 1544 5570 i'esto_Pascli§e
1600 5495 1878 5561 ingressus
1926 5501 2009 5549 est

446 5561 835 5634 Hierosolyma,
884 5561 942 5623 ei
979 5585 1008 5620 a
1040 5566 1240 5622 Jutlaais
1285 5566 1585 5621 honoriﬁce
1616 5572 1901 5632 exceptus,
1952 5572 2012 5634 ut

446 5632 637 5705 legitur
686 5632 751 5705 in
790 5636 884 5692 lib.
913 5653 1041 5692 xvut
1079 5637 1357 5705 Originum
1392 5637 1762 5705 Iudaicarum,
1800 5648 1919 5704 cap.
1952 5632 2008 5705 6.

446 5698 586 5782 idem
613 5705 677 5760 de
722 5703 1016 5774 Quadrato,
1063 5698 1237 5777 legatio
1279 5705 1486 5776 Syri-.2,
1528 5707 1581 5760 iu
1630 5698 1723 5758 lib.
1751 5717 1824 5759 xx
1870 5698 2011 5760 scri-

445 5782 538 5826 υιι.

2137 1903 2232 1956 καὶ
2260 1903 2459 1969 πάντες
2486 1903 2786 1976 πειθόμεθά
2819 1923 2921 1959 σοι.
2965 1905 3129 1977 Στῆθι
3155 1901 3249 1959 οῦν
3278 1907 3372 1961 ἐπὶ
3417 1907 3479 1960 τὸ
3518 1908 3731 1981 πτερύο

2135 2012 2252 2065 γιον
2284 1994 2377 2049 τοῦ
2406 1995 2574 2068 ἱεροῦ,
2605 1997 2693 2051 ἵνα
2723 1995 2929 2052 ἄνωθεν
2959 1991 3026 2070 ᾖς
3059 1996 3357 2068 ἐπιφανὴς,
3389 1996 3484 2051 καὶ
3592 1997 3730 2051 εὐάο

2138 2086 2346 2141 κουστά
2387 2104 2481 2142 σου
2530 2088 2599 2142 τά
2645 2090 2867 2160 ῥήματα
2908 2088 3071 2143 παντὶ
3112 2087 3190 2159 τῷ
3219 2088 3353 2160 λαῷ.
3388 2089 3489 2142 Διὰ
3519 2090 3634 2162 γὰρ
3665 2090 3729 2144 τὸ

2140 2179 2334 2250 Πάσχα
2363 2178 2752 2252 συνεληλύθασι
2776 2181 2944 2234 πᾶσαι
2988 2180 3045 2234 ai
3077 2180 3242 2250 φυλαὶ
3294 2179 3434 2251 μετὰ
3468 2181 3567 2235 καὶ
3613 2181 3728 2236 τῶν

2133 2272 2301 2327 ἐθνῶν
2323 2272 2420 2346 (5).
2454 2273 2727 2345 Ἔστησαν
2753 2270 2846 2327 οῦν
2877 2274 2929 2327 οἱ
2956 2273 3342 2346 προειρημένοι
3369 2277 3726 2346 γραμματεξ

2133 2365 2226 2420 καὶ¹
2251 2367 2527 2437 Φαρισαῖοι
2553 2364 2646 2419 τὸν
2674 2365 2926 2420 Ἰάκωϐον
2944 2367 3034 2420 ἐπὶ
3056 2366 3117 2419 τὸ
3141 2366 3430 2437 πτερύγιον
3449 2367 3545 2421 τοῦ
3567 2366 3721 2433 ναοῦ,

2131 2454 2226 2508 καὶ
2251 2454 2487 2526 ἔκραξαν
2508 2454 2655 2525 αὐτῷ
2680 2455 2774 2508 καὶ
2806 2450 2957 2508 εἷπον
2976 2471 2989 2484 ·
3007 2453 3212 2519 Δίκαιε,
3242 2450 3286 2523 ᾧ
3313 2456 3517 2518 πάντες
3537 2454 3725 2508 πείθε-

2133 2546 2256 2600 σθαι
2284 2547 2601 2618 ὀφείλομεν,
2634 2547 2755 2600 ἐπεὶ
2791 2549 2820 2601 6
2847 2547 2972 2611 λαὸς
3005 2547 3274 2602 πλανᾶται
3312 2548 3488 2602 ὀπίσω
3543 2546 3722 2619 Ἰησοῦ

2130 2635 2223 2689 τοῦ
2258 2637 2688 2709 σταυρωθέντες,
2724 2638 3052 2707 ἀπάγγειλον
3086 2640 3216 2709 ἡμῖν
3256 2638 3341 2703 τίς
3379 2640 3412 2710 ἡ
3443 2638 3587 2710 θύρα
3624 2637 3722 2692 τοῦ

2143 2726 2318 2799 Ἰησοῦ
2343 2729 2436 2782 τοῦ
2469 2729 2892 2802 σταυρωθέντος.
2922 2730 3033 2783 Καὶ
3073 2730 3405 2802 ἀπεκρίνατο
3432 2733 3588 2802 φωνῇ
3622 2748 3722 2802 με·

2128 2820 2272 2893 γάλῃ
2289 2837 2303 2852 ·
2339 2821 2404 2874 Τί
2427 2838 2493 2892 με
2514 2822 2825 2893 ἐπερωτᾶτε
2850 2822 2979 2893 περὶ
3011 2820 3186 2893 Ἰησοῦ
3212 2821 3307 2876 τοῦ
3334 2822 3465 2876 Υἱοῦ
3494 2820 3591 2876 τοῦ
3622 2822 3721 2876 άν-

2130 2911 2384 2984 θρώπου;
2419 2913 2513 2966 καὶ
2541 2913 2702 2978 αὐτὸς
2723 2913 2956 2984 κάθηται
2985 2915 3043 2967 ἐν
3058 2913 3144 2985 ,τῷ
3174 2913 3389 2985 οὐρανῷ
3434 2914 3500 2967 ἐκ
3526 2912 3722 2979 δεξιῶν

2128 3004 2226 3073 τῆς
2257 3002 2499 3076 μεγάλης
2523 3004 2823 3077 δυνάμεως,
2841 3006 2934 3058 καὶ
2962 3003 3143 3076 μέλλει
3170 3004 3425 3076 ἔρχεσθαι
3482 3006 3579 3059 ἐπὶ
3609 3004 3722 3059 τῶν

2128 3097 2366 3167 νεφελῶν
2393 3096 2486 3151 τοῦ
2512 3097 2763 3170 οὐρανοῦ.
2787 3098 2896 3151 Καὶ
2925 3096 3133 3151 πολλῶν
3163 3097 3719 3170 πληροφορηθέντων,

2128 3190 2220 3243 καὶ
2250 3189 2579 3256 δοξαζόντων
2612 3191 2705 3244 ἐπὶ
2729 3193 2797 3262 τῇ
2831 3190 3105 3262 μαρτυρίᾳ
3150 3189 3244 3243 τοῦ
3287 3188 3547 3244 Ἰακώϐου
3571 3228 3587 3251 ,
3622 3191 3721 3244 καὶ

2126 3280 2391 3350 λεγόντων
2416 3280 2490 3352 (4)
2534 3280 2762 3336 Ὡσαννὰ
2789 3280 2865 3352 (5)
2889 3280 2970 3353 τῷ
3000 3280 3100 3352 υἱῷ
3125 3279 3305 3345 Δαϐὶδ,
3336 3279 3457 3333 τότε
3481 3280 3646 3334 πάλιν
3667 3279 3721 3333 οε

2198 3396 2275 3470 (6)
2297 3397 2427 3470 (Kal
2452 3398 2755 3470 λεγόντων
2804 3399 3061 3470 Ὡσαννὰ
3087 3398 3168 3465 τῷ
3207 3398 3315 3466 υἱῷ
3342 3400 3544 3457 Δαϐίδ.
3581 3401 3719 3457 Sca-

2127 3467 2262 3537 liger
2292 3468 2346 3523 in
2391 3467 2945 3524 Animadversionibus
2987 3469 3299 3525 Eusebianis
3341 3470 3459 3526 limo
3509 3472 3579 3526 de
3623 3470 3733 3526 Ja-'

2125 3539 2264 3593 cobo
2297 3539 2438 3593 dicta
2486 3552 2608 3593 esse
2652 3540 3021 3605 existimavit;
3057 3541 3141 3594 cui
3178 3540 3231 3595 in
3265 3555 3331 3595 eo
3366 3540 3590 3607 quidem
3634 3542 3720 3595 fa-

2126 3608 2228 3682 cile
2258 3608 2553 3682 assentior:
2577 3610 2685 3682 sed
2711 3613 2853 3682 quod
2887 3620 3048 3682 negat
3092 3612 3232 3668 idem
3274 3610 3527 3681 Scaliger
3556 3610 3719 3667 Jaco-

2129 3679 2256 3750 bum
2305 3678 2473 3750 ﬁlium
2521 3677 2690 3750 David
2728 3677 2845 3735 'dici
2896 3677 3169 3749 pninisse,
3219 3683 3271 3735 in
3322 3677 3719 3750 hoc'graviter

2129 3747 2522 3821 hallucinatur.
2552 3748 2679 3804 Fuit
2721 3751 2865 3806 enim
2898 3747 3139 3821 ‘Jacobus
3174 3751 3326 3821 ﬁlius
3362 3747 3617 3821 Joséphi,
3645 3769 3716 3810 ac

2129 3818 2357 3885 proinde
2372 3820 2647 3889 (oriundus
2671 3835 2737 3875 ex
2766 3821 2935 3889 stirpe
2962 3819 3145 3889 David.
3165 3820 3335 3877 Porro
3360 3818 3712 3878 verissimum

2127 3897 2211 3960 est
2236 3888 2383 3957 quod
2412 3890 2486 3944 ait
2514 3890 2785 3960 Scaliger,
2812 3888 2905 3946 eos
2939 3893 3026 3959 qni
3054 3888 3271 3947 Osanna
3301 3892 3710 3960 acclamabant,

2129 3956 2338 4029 palmas
2382 3959 2632 4014 manibus
2660 3971 2873 4029 gestare
2915 3956 3180 4019 ttebuisse.
3232 3963 3329 4016 Cui
3368 3963 3443 4016 rei
3496 3956 3713 4020 illustre

2126 4027 2433 4101 eitcmplum
2475 4038 2557 4101 est
2598 4027 2967 4101 in_Itinerario
3000 4030 3487 4101 Hierosolymitano
3530 4034 3709 4088 Ante.

2128 4096 2237 4171 niui
2288 4096 2571 4171 inonachj,
2608 4115 2749 4171 (pag.
2778 4100 2870 4155 30.
2908 4101 2985 4156 Ex
3030 4117 3137 4170 quo
3172 4096 3450 4167 discimus,
3493 4118 3709 4160 morem

2126 4166 2253 4244 olim
2281 4165 2449 4244 fuisse
2492 4165 2951 4244 Christianorum,
2992 4165 3060 4226 ut
3078 4171 3346 4242 episcopis
3374 4165 3443 4227 ac
3473 4175 3713 4244 presby~

2126 4237 2260 4291 teris
2315 4238 2725 4296 advenientibus
2787 4241 3001 4295 obviam
3069 4237 3422 4310 procedentes
3475 4237 3710 4300 honoris

2127 4320 2324 4370 causa,
2362 4310 2728 4364 acclamarent
2759 4312 2993 4365 Osanna.
3038 4310 3124 4364 Ibi
3169 4321 3413 4365 venerunt
3452 4314 3708 4369 mulieres

2125 4376 2181 4428 in
2208 4392 2481 4431 occursum
2508 4379 2653 4431 nobis
2673 4397 2789 4433 cum
2813 4381 3122 4446 infantibus,
3152 4381 3354 4449 palmas
3378 4383 3432 4434 in
3456 4383 3708 4437 manibus

2128 4454 2380 4518 tenentes,
2405 4457 2451 4501 et
2478 4449 2737 4514 ampullas
2761 4467 2879 4503 cum
2904 4467 3117 4504 rosaceo
3150 4453 3295 4515 oleo;
3337 4463 3384 4504 et
3415 4463 3707 4518 prostrata:

2596 4558 2610 4584 ,
2643 4521 2864 4591 plantas
2917 4532 3126 4575 nostras
3170 4520 3464 4591 angebant,
3510 4533 3705 4576 canta-

2126 4535 2338 4581 peawus
2390 4535 2610 4584 nostris,
2692 4535 2864 4574 tantas
2917 4535 3126 4575 nostras
3170 4535 3464 4591 ungebam,
3510 4535 3705 4576 canta-

2126 4585 2574 4659 bagtqueilingua
2612 4535 2933 4659 {ggyptiaca
2986 4594 3263 4659 psallentes
3309 4592 3705 4659 antipltonam:

2123 4672 2143 4704 ι
2173 4653 2447 4730 Benedicti
2472 4653 2572 4710 'vos
2597 4675 2648 4730 γα
2692 4653 2948 4724 Hemina,
2986 4653 3399 4730 'benedictusque
3428 4653 3702 4717 adventus

2118 4735 2302 4788 vester,
2328 4724 2539 4780 Osanna
2586 4729 2641 4781 in
2704 4730 2945 4784 excelsis.
2980 4749 3000 4783 ι
3056 4732 3197 4782 Idem
3243 4724 3483 4784 testatur
3528 4731 3697 4786 etiam

2118 4791 2478 4869 Hieronymus
2536 4798 2591 4851 in
2638 4815 2754 4863 cap.
2800 4815 2891 4852 χχι
2942 4800 3182 4869 Matthwi
3221 4815 3241 4853 :
3292 4799 3515 4853 Videant
3573 4817 3700 4869 ergo

2117 4863 2345 4941 episcopi
2375 4869 2830 4941 etquuntumlibet
2856 4872 3025 4941 sancti
3054 4868 3309 4941 hantiues,
3336 4886 3456 4923 cum
3493 4863 3700 4941 quanto

2116 4934 2350 5006 periculo
2368 4935 2481 5006 (dici
2508 4936 2609 4989 ista
2632 4937 2731 4990 sibi
2757 4940 3069 5006 patiantur:
3105 4940 3150 4992 si
3180 4939 3431 5002 Domino,
3465 4934 3553 4994 cui
3580 4958 3700 4996 vere

2116 5001 2214 5075 Irae
2242 5004 2513 5075 dicebatur
2536 5007 2684 5075 (quia
2726 5001 2947 5061 necdum
3001 5021 3115 5062 erat
3154 5010 3327 5064 solida
3366 5001 3698 5065 credentium

2114 5071 2268 5146 ῇάει)
2316 5089 2423 5146 ρι’ρέ
2453 5071 2665 5146 crimine
2702 5077 3022 5146 impingitur.
3063 5079 3325 5134 Caeterum
3361 5093 3525 5135 voces
3574 5082 3698 5135 illas

2116 5139 2332 5217 Qsanna
2363 5143 2475 5211 ﬁlio
2504 5143 2693 5217 Duvid,
2736 5139 2889 5216 quas'
2918 5163 2949 5200 a
2983 5149 3305 5217 quibusdam
3350 5148 3555 5204 Judazis
3604 5166 3698 5203 ac-

2115 5211 2375 5287 clamatas
2400 5224 2526 5287 tunc
2549 5214 2718 5287 fuisse
2739 5211 2869 5269 dicit
2894 5211 3245 5287 llegbsippus,
3271 5233 3379 5272 non
3418 5220 3696 5273 immerito

2114 5282 2238 5356 quis
2256 5284 2604 5356 existimet'de
2621 5285 2831 5339 Christo
2848 5282 3026 5356 potius
3041 5282 3201 5355 quam
3223 5282 3290 5343 de
3308 5287 3509 5342 Jacobo
3530 5289 3695 5343 intel-

2112 5350 2518 5428 ligi_oportere.
2546 5352 2679 5408 Nam
2722 5350 3111 5428 cuni'rJacobus
3144 5357 3196 5409 in
3247 5358 3466 5428 fastigio
3503 5359 3691 5425 templi

2111 5422 2339 5491 positus,
2368 5424 2555 5497 Jesum
2593 5437 2778 5497 revera
2812 5425 3085 5481 Christum
3122 5442 3243 5484 esse
3274 5443 3337 5482 ac
3368 5422 3693 5497 Redempio—

2112 5506 2236 5565 rem!
2275 5495 2495 5565 generis
2541 5493 2762 5565 humani
2810 5498 3190 5565 praedicasset,
3238 5497 3409 5552 Judaei
3463 5493 3689 5565 quidam

2110 5562 2314 5636 Christi
2368 5564 2544 5636 ﬁdem
2575 5562 2991 5636 amplectentes,
3018 5567 3349 5636 (acclamare
3399 5562 3692 5636 etB—perunt

2110 5631 2329 5708 0_sann_a
2363 5634 2477 5688 tilio
2524 5634 2725 5701 David,
2776 5636 2830 5690 id
2857 5642 2962 5699 est,
2996 5635 3127 5693 Jesu
3157 5636 3375 5693 Christo
3410 5631 3592 5708 palma
3630 5647 3693 5692 et

2110 5704 2360 5756 victoria.

2187 5773 2263 5844 (5)
2312 5773 2591 5830 Ὡσαννά.
2633 5773 2689 5830 ln
2747 5778 3000 5835 omnibus
3037 5780 3241 5834 nostris
3283 5777 3689 5834 eremnlaribus
