3894 6484
160 387 244 441 ‘il'l
749 371 766 384 ‘
1155 372 1512 432 HISTORIA)
1553 372 1717 430 ECCI

1825 369 2122 428 IASTICE
2162 370 2293 430 LIB.
2333 369 2426 426 lli.

3288 363 3391 418 218

159 516 240 555 sunt
264 495 414 553 αὐτού
430 497 732 565 Πράξεων,
749 494 846 549 καὶ
875 493 935 548 τὺ
964 493 1084 548 κατ’
1123 491 1284 546 αὑτὸν
1323 489 1713 562 ὠνομασμένον

1823 489 1986 546 libros
2014 487 2278 558 consitam
2318 501 2426 544 non
2455 497 2578 542 esse
2631 496 2660 537 ο
2717 476 3016 552 majoribus
3067 475 3390 546 accepimus.

159 591 512 663 Εὐαγγέλιον,
531 588 594 643 τό
612 604 675 641 τε
709 586 1002 656 λεγόμενον
1043 582 1207 638 αὑτοῦ
1253 581 1572 652 Κήρυγμα,
1616 581 1708 634 καὶ

160 688 235 757 squ
252 681 578 752 καλουμένην
589 680 1010 745 ’Δποκαλυψιν
1039 675 1167 746 (59),
1185 675 1291 728 οὐδ’
1316 674 1451 736 ὅλως
1479 675 1537 726 ἐν
1559 672 1708 726 καθα

159 774 298 834 λικοῖς
320 769 470 840 ἴσμεν
499 765 941 837 παραδεδομένα,
978 765 1059 816 ὅτι
1091 764 1230 834 μήτε
1272 761 1538 833 ἀρχαίων,
1565 760 1703 830 μήτε

158 862 243 914 τῶν
263 859 374 914 καθ’
396 858 546 928 ἡμᾶς
573 873 660 918 τις
691 853 1146 924 ὲκκλησιαστικὸς
1176 851 1544 921 συγγραφεὺς,
1588 851 1709 911 ταῖς

159 955 203 1018 εξ
227 950 387 1006 αὐτῶν
416 948 800 1018 συνεχρήσατο
835 944 1177 1017 μαρτυρίαις.
1214 941 1515 1015 Προϊούσης
1535 940 1590 993 δὲ
1612 941 1710 1011 τῆς

161 1043 362 1115 impia;
393 1041 530 1110 (40),
562 1037 847 1111 προύργου
892 1037 1186 1108 ποιήσομαι
1223 1035 1319 1088 σὺν
1373 1036 1494 1096 ταῖς
1533 1033 1709 1086 διαδο-

158 1139 254 1207 χαῖς
281 1129 761 1204 ὁποσημήνασθαι,
793 1129 936 1192 τινες
960 1127 1068 1180 τῶν
1095 1125 1232 1180 κατὰ
1257 1125 1482 1196 χρόνους
1522 1124 1713 1195 ὲκκληυ

159 1224 410 1280 σιαστικῶν
435 1220 811 1292 συγγραφέων
849 1219 1060 1282 ὁποίαις
1088 1218 1379 1287 κέχρηνται
1424 1216 1533 1270 τῶν
1566 1218 1712 1270 ἀντι-

157 1314 457 1387 λεγομένων,
493 1313 620 1366 τίνα
653 1329 714 1364 τε
747 1311 880 1380 περὶ
909 1309 1016 1362 τῶν
1065 1307 1395 1379 ἐνδιαθήκων
1446 1307 1540 1361 καὶ
1585 1309 1712 1379 ὀμο-

158 1405 460 1477 λογουμένων
488 1402 730 1475 Γραφῶν
755 1441 769 1465 ,
799 1402 893 1454 καὶ
921 1401 1020 1453 ὅσα
1051 1401 1178 1471 περὶ
1211 1399 1319 1454 τῶν
1359 1399 1431 1471 μὴ
1459 1399 1712 1454 τοιούτων

159 1501 308 1561 αὐτοῖς
358 1497 600 1568 εἴρηται.
644 1493 809 1547 Ἀλλὰ
842 1491 912 1545 τὰ
946 1492 1042 1562 μὲν
1069 1491 1441 1562 ὀνομαζόμενα
1478 1491 1708 1561 Πέτρου,

157 1583 215 1642 ὧν
243 1589 358 1660 μίαν
394 1591 568 1661 μόνην
601 1585 836 1658 γνησίαν
861 1583 1031 1651 ἔγνων
1047 1576 1396 1652 Ἐπιστολὴν,
1439 1582 1534 1636 καὶ
1563 1581 1714 1654 παρὰ

157 1677 247 1738 τοῖς
260 1668 412 1728 πάλαι
434 1673 840 1746 πρεσϐυτέροις
857 1669 1289 1741 ὁμολογουμένην
1305 1669 1436 1741 (41),
1455 1671 1709 1724 τοσαῦτα.

158 1764 246 1822 Τοῦ
264 1765 314 1822 δὲ
332 1766 544 1820 Παύλου
574 1763 838 1835 πρόδηλοι
859 1762 953 1815 καὶ
980 1762 1187 1830 σαφεῖς,
1216 1763 1270 1815 αἱ
1295 1762 1711 1834 δεκατέσσαρες.

1815 580 1921 637 Sed
1947 589 2124 637 tamen
2158 595 2281 636 cum
2309 579 2458 634 milis
2485 591 2606 634 esse
2637 574 2921 630 videretur
2941 585 3102 641 quam
3123 568 3393 640 plurimis,

1816 688 1921 728 una
1968 687 2092 730 cum
2131 672 2352 742 reliquis
2389 685 2559 726 sacrae
2615 668 2914 738 Scriptura:
2968 663 3120 718 libris
3158 661 3398 746 studiose

1815 763 2055 818 lectitata
2081 772 2184 817 est.
2215 762 2438 817 Librum
2472 776 2600 817 vero
2648 759 2742 830 qui
2793 757 2956 810 Actus
2993 751 3140 807 Petri
3178 752 3394 814 dicitur,

1815 863 1870 908 et
1899 853 2245 923 Evangelium
2277 853 2394 924 ejus
2426 852 2644 908 nomine
2673 849 3016 919 inscriptum,
3049 842 3402 897 Prwdicatio-
3487 861 3494 868 ν

1815 945 1897 999 nis
1923 959 2138 1015 quoque
2175 954 2232 1000 et
2264 945 2613 999 Revelationis
2654 941 2896 1011 ejusdem
2941 939 3133 1001 libros,
3163 949 3262 1006 pro
3309 948 3401 987 ca-

1818 1035 2031 1090 tholicis
2095 1036 2312 1105 scriptis
2370 1050 2643 1104 nunquam
2691 1047 2814 1087 esse
2874 1031 3091 1085 habitos
3161 1033 3396 1089 constat,

1815 1127 2249 1196 quandoquidem
2284 1140 2387 1182 nec
2432 1125 2787 1181 vetustiorum
2841 1122 3130 1193 quisquam
3167 1132 3265 1173 nec
3321 1131 3404 1171 re-

1817 1219 2118 1275 centiorum
2169 1218 2427 1273 Ecclesiae
2482 1217 2830 1286 scriptorum,
2865 1215 3151 1282 desumpto
3211 1225 3276 1266 ex
3333 1209 3400 1265 iis

1817 1311 1973 1367 libris
1999 1311 2308 1366 testimonio
2345 1326 2473 1365 usus
2507 1309 2626 1364 fuit.
2667 1308 2837 1362 Porro
2871 1307 3198 1376 procedente
3243 1303 3398 1358 dein-

1818 1419 1948 1473 ceps
1973 1418 2136 1472 opere
2162 1403 2450 1471 diligenter
2479 1401 2813 1455 indicaturus
2840 1413 2960 1452 sum
2992 1413 3096 1451 una
3124 1411 3246 1450 cum
3279 1409 3401 1450 suc-

1818 1493 2157 1550 cessionibus
2215 1491 2605 1562 apostolorum,
2677 1489 2769 1559 qui
2850 1487 3080 1542 subinde
3147 1476 3402 1540 Ecclesia:

1817 1586 2134 1655 scriptores,
2166 1583 2561 1654 scripturarum
2619 1582 2683 1636 de
2711 1579 2908 1652 quibus
2963 1578 3276 1647 ambigitur,
3310 1594 3403 1630 au-

1819 1678 2073 1734 ctoritate
2100 1677 2211 1732 siut
2245 1675 2327 1731 usi
2365 1693 2378 1730 :
2416 1683 2471 1730 et
2496 1688 2743 1744 quaenam
2771 1672 2846 1726 illi
2873 1679 2983 1724 tum
3014 1670 3079 1724 de
3102 1668 3404 1738 Scripturis

1820 1768 2100 1825 canonicis
2127 1778 2180 1825 et
2208 1767 2448 1823 omnium
2499 1780 2764 1820 consensu
2792 1762 3025 1832 receptis
3071 1771 3184 1816 tum
3225 1762 3291 1815 de
3334 1761 3404 1815 iis

162 1863 262 1915 Ὀτι
298 1877 356 1928 γε
395 1861 503 1930 μὴν
543 1874 697 1920 τινες
741 1855 1041 1924 ἠθετήκασι
1099 1853 1196 1923 τὴν
1235 1853 1372 1926 πρὸς
1412 1855 1716 1928 Ἐϐραίους,

1823 1873 1938 1928 quae
1972 1873 2079 1914 non
2119 1866 2246 1914 sunt
2284 1855 2569 1925 ejusmodi,
2602 1855 2654 1909 in
2686 1855 2800 1908 suis
2833 1853 2984 1907 libris
3017 1851 3406 1921 pronuntiave-

158 1952 273 2022 προς
299 1953 391 2022 τῆς
427 1952 725 2020 Ῥωμαίων
764 1950 1092 2023 Ἐκκλησίας
1125 1952 1237 2023 (42)
1269 1952 1346 2016 ὡς
1396 1953 1468 2024 μὴ
1503 1953 1716 2007 Παύλου

157 2037 297 2095 οὖσαν
352 2040 519 2112 αὐτὴν
590 2041 970 2110 ἀντιλέγεσθαι
1027 2043 1334 2112 φήσαντες,
1391 2043 1450 2095 ού
1514 2042 1718 2096 δίκαιον

157 2132 354 2199 ἀγνοεῖν.
392 2131 505 2184 Καὶ
537 2129 609 2184 τὰ
637 2132 769 2202 περὶ
797 2130 998 2201 ταύτης
1019 2131 1076 2183 δὲ
1103 2134 1215 2195 τοῖς
1242 2130 1346 2202 πρὸ
1377 2131 1535 2203 ἡμῶν
1573 2134 1721 2204 εἰρη-

160 2221 291 2289 μένα,
321 2223 455 2275 κατὰ
477 2221 677 2292 καιρὸν
711 2221 1120 2292 παραθήσομαι.
1155 2222 1288 2274 Οὐδὲ
1323 2223 1427 2293 μὴν
1451 2221 1550 2284 τὰς
1575 2223 1721 2290 λεγο-

161 2312 300 2380 μένας
326 2312 485 2365 αὐτοῦ
519 2308 804 2380 Πρὰξεις,
830 2315 887 2365 ὲν
917 2313 1340 2382 ἀναμφιλέκτοις
1387 2315 1716 2386 παρείληφα.

168 2405 297 2457 Ἐπεὶ
322 2405 375 2458 δὲ
406 2407 435 2456 ὁ
464 2405 635 2467 αὐτὸς
678 2403 1002 2467 Ἀπόστολος
1033 2407 1090 2458 ὲν
1115 2408 1232 2468 ταῖς
1262 2395 1354 2458 ἐκὶ
1379 2406 1524 2459 τέλει
1554 2423 1721 2478 προσ-

163 2500 324 2568 ρήσεσι
352 2498 449 2568 τῆς
482 2497 626 2571 πρὸς
668 2497 974 2567 Ῥωμαίους
995 2537 1010 2560 ,
1049 2499 1266 2568 μνήμην
1302 2497 1591 2570 πεποίηται
1625 2517 1721 2570 με-

159 2591 214 2641 s‘z
235 2589 329 2641 τῶν
360 2589 537 2642 ἄλλων
571 2589 672 2642 καὶ
702 2589 903 2659 Ἑρμᾶ,
937 2583 999 2642 οὗ
1030 2606 1193 2657 φασιν
1225 2589 1490 2660 ὑπάρχειν
1521 2589 1581 2642 τὺ
1623 2589 1718 2643 τοῦ

160 2678 410 2748 Ποιμένος
428 2679 640 2749 βώλίον
672 2677 810 2750 (i5),
851 2679 1020 2732 ἰστέον
1035 2678 1110 2742 ὼς
1139 2679 1231 2731 καὶ
1268 2678 1423 2732 τοῦτο
1455 2678 1591 2750 πρὸς
1621 2679 1719 2749 μέν

155 2785 286 2820 τινων
315 2768 717 2822 ἀντιλέλεκται.
765 2767 830 2820 δι’
860 2765 951 2829 οὓς
973 2765 1070 2818 οὐκ
1097 2765 1162 2819 ἂν
1182 2767 1240 2817 ὲν
1271 2764 1720 2835 ὁμολογουμένοις

153 2859 322 2930 τεθείη,
357 2860 446 2929 ὑφ’
475 2859 690 2929 ἐτέρων
721 2857 777 2910 δὲ
813 2857 1238 2926 ἀναγκαιότατον
1269 2852 1351 2918 οἷς
1375 2856 1609 2926 μάλιστα
1639 2856 1722 2908 δεῖ

161 2950 516 3020 στοιχειώσεως
552 2948 959 3020 εἰσαγωγικῆς,
992 2947 1265 3019 κέκριται.
1300 2947 1464 3000 Ὅθεν
1495 2947 1596 3018 ἤδη
1623 2948 1719 3000 καὶ

157 3040 203 3091 ὲν
230 3036 566 3105 Ἐκκλησίαις
583 3035 634 3088 ῖσ
647 3053 748 3107 μεν
769 3037 900 3091 αὐτὸ
932 3036 1416 3108 δεδημοσιωμένον
1439 3077 1452 3097 ,
1483 3036 1578 3090 καὶ
1610 3035 1719 3088 τῶν

157 3131 499 3186 παλαιοτάτων
535 3132 595 3184 δὲ
630 3125 994 3201 συγγραφέων
1022 3129 1393 3200 κεχρημένους
1437 3127 1588 3192 τινὰς
1622 3128 1720 3181 αὐ-

156 3221 218 3290 τῷ
239 3224 556 3295 κατείληφα.
590 3221 788 3275 Ταῦτα
835 3223 912 3283 εἰς
947 3222 1287 3291 παράστασιν
1330 3220 1441 3273 τῶν
1473 3238 1530 3274 τε
1570 3222 1724 3276 ἀναν-

155 3316 396 3385 τιῤῥὴτων
426 3316 527 3370 καὶ
569 3315 683 3367 τῶν
732 3314 807 3384 μὴ
857 3313 1006 3384 παρὰ
1059 3315 1223 3368 πᾶσιν
1269 3313 1718 3386 ὁμολογουμένων

157 3403 289 3458 θείων
310 3407 679 3478 γραμμάτωντ
713 3403 974 3475 εἰρήσθω.

1820 1951 1950 2004 rint.
2003 1949 2069 2004 Et
2099 1948 2212 2002 haec
2265 1948 2484 2017 quidem
2513 1953 2642 2000 sunt
2703 1960 2824 2014 qua:
2863 1943 3007 1998 Petri
3051 1942 3266 1996 nomine
3295 1940 3408 1995 cir-

1821 2038 2232 2101 cumferuntur,
2266 2053 2335 2092 ex
2365 2036 2565 2106 quibus
2607 2050 2768 2090 unam
2799 2035 3064 2088 duntaxat
3113 2031 3404 2102 Epistolam

1821 2131 1889 2184 ab
1917 2130 2159 2198 antiquis
2187 2128 2355 2182 etiam
2404 2127 2658 2181 Patribus
2708 2141 2807 2196 pro
2860 2139 3116 2194 germana
3169 2124 3406 2179 habitam

1821 2237 1940 2277 esse
1980 2221 2227 2290 cognovi.
2259 2218 2406 2274 Pauli
2433 2233 2564 2273 vero
2592 2217 3002 2290 qualuordecim
3024 2216 3276 2284 Epistolas
3306 2232 3406 2270 no-

1824 2325 1890 2368 ta:
1924 2323 2049 2368 sunt
2083 2312 2334 2367 omnibus
2392 2323 2447 2364 et
2488 2311 2806 2382 perspicua}.
2867 2308 3156 2364 Sciendum
3225 2317 3404 2363 tamen

1821 2415 1905 2460 est
1939 2403 2232 2474 Epistolam
2269 2402 2335 2456 ad
2382 2401 2638 2456 Hebraeos
2665 2416 2693 2454 a
2724 2399 2996 2454 nonnullis
3024 2399 3144 2453 ideo
3169 2413 3288 2452 esse
3323 2413 3409 2452 re-

1821 2496 2118 2566 pudiatam,
2150 2495 2293 2564 quod
2325 2495 2570 2550 dicerent
2613 2505 2735 2547 eam
2758 2478 2827 2547 ab
2861 2490 3105 2545 Ecclesia
3159 2489 3404 2544 Romana

1821 2600 1925 2654 pro
1952 2570 2100 2642 certa
2132 2602 2194 2640 ac
2226 2585 2455 2656 genuina
2488 2583 2635 2637 Pauli
2659 2583 2893 2653 Epistola
2934 2598 3037 2638 non
3068 2581 3271 2637 haberi.
3299 2583 3408 2637 Sed

1821 2676 1888 2730 de
1915 2675 2020 2730 ista
2052 2675 2272 2746 quidem
2306 2675 2436 2744 quid
2485 2686 2698 2729 veteres
2741 2674 3089 2740 tradiderint,
3139 2689 3236 2728 suo
3271 2682 3407 2728 tem-

1819 2777 1953 2832 pore
1987 2764 2348 2833 proferemus.
2380 2764 2531 2830 Qttod
2566 2773 2780 2832 spectat
2810 2765 2872 2817 ad
2895 2763 3088 2818 librttm
3122 2764 3212 2833 qui
3247 2764 3408 2818 Actus

1825 2855 1986 2909 Pauli
2014 2855 2346 2918 inscribitur,
2373 2868 2548 2924 neque
2579 2855 2728 2909 illum
2761 2855 2903 2909 inter
2933 2855 3248 2912 indubitatae
3277 2841 3421 2914 fidei.

1821 2958 1876 3004 et
1937 2947 2278 3003 auctoritatis
2328 2946 2498 3002 libros
2537 2947 2867 3016 accepimus.
2942 2947 3207 3014 Quoniam
3279 2963 3408 3003 vero

1824 3041 2100 3110 apostolus
2124 3039 2323 3094 Paulus
2355 3039 2407 3094 in
2437 3040 2858 3116 salutationibus
2911 3039 3016 3093 illis
3045 3056 3165 3109 qua:
3195 3041 3297 3094 sub
3347 3041 3409 3093 ll-

1827 3149 1948 3188 nem
1986 3132 2244 3202 Epistolae
2267 3133 2333 3186 ad
2372 3131 2646 3185 Romanos
2683 3130 2953 3202 leguntur,
2995 3132 3140 3185 inter
3179 3143 3407 3188 caeteros

1826 3223 2160 3279 mentionem
2196 3223 2324 3278 fecit
2370 3222 2599 3288 llermze,
2638 3223 2792 3294 cujus
2819 3237 2938 3277 esse
2978 3221 3154 3276 fertur
3183 3225 3227 3278 is
3273 3224 3408 3278 liber

1822 3315 1914 3380 qui
1943 3313 2140 3365 Pastor
2167 3311 2463 3382 inscriptus
2488 3320 2591 3377 est,
2618 3311 2895 3366 sciendum
2929 3316 3013 3362 est
3039 3323 3162 3362 eum
3199 3307 3402 3362 librum

1822 3419 1853 3458 a
1878 3404 2157 3459 nonnullis
2178 3404 2395 3474 quidem
2420 3407 2472 3458 in
2489 3405 2714 3460 dubium
2736 3419 2856 3458 esse
2873 3412 3203 3458 revocatum.
3220 3401 3416 3467 Quam-

158 3496 314 3549 tbrcm
388 3498 532 3550 inter
596 3511 832 3566 recepIae
882 3497 1222 3551 auctoritatis
1273 3497 1436 3552 liltrns
1487 3497 1696 3551 censeri
1750 3512 1858 3551 non
1917 3505 2112 3565 potest.
2164 3496 2246 3550 Ab
2280 3495 2401 3550 aliis
2430 3509 2563 3551 vero
2626 3495 2865 3550 maxime
2936 3495 3280 3550 necessarius
3327 3493 3410 3560 ju-

158 3592 358 3658 dicatur,
396 3595 463 3650 iis
492 3595 808 3663 prtesertim
837 3595 925 3663 qui
955 3593 1143 3663 primis
1189 3594 1464 3662 religionis
1526 3605 1722 3648 nostra:
1779 3592 2063 3649 elementis
2115 3593 2430 3649 instituendi
2486 3601 2632 3648 sunt.
2665 3591 2820 3647 Unde
2857 3593 3019 3646 etiam
3054 3593 3105 3646 in
3143 3591 3408 3648 Ecclesiis

226 3709 331 3777 (59)
369 3711 440 3780 Td
465 3725 531 3763 τε
564 3709 906 3780 λεγόμενον
935 3709 1120 3764 αὑτοῦ
1155 3709 1439 3779 Κήρυγμα
1472 3712 1567 3765 καὶ
1611 3712 1726 3780 τὴν

159 3779 514 3848 καλουμένην
541 3779 985 3847 Ἀποκάλυψιν.
1015 3780 1179 3834 Miror
1199 3784 1340 3848 quod
1359 3783 1445 3837 hic
1464 3779 1725 3839 Eusebius

158 3849 285 3921 dicit,
318 3848 462 3921 Petri
494 3851 701 3904 librum
724 3852 820 3918 qui
848 3848 1134 3919 Κήρυγμιι
1158 3849 1458 3914 dicebatur,
1498 3851 1723 3921 ejusque

160 3917 503 3989 Apocalypsim
537 3934 567 3972 a
602 3922 828 3974 nemine
868 3917 1594 3989 veterum“presbyterorum
1639 3917 1720 3975 ci-

162 3989 265 4059 tari.
295 3988 452 4042 Certe
485 3989 748 4044 Clemens
792 3991 846 4043 in
897 3990 1049 4043 libris
1093 3987 1524 4059 llypotyposeon,
1576 3990 1719 4045 Petri

160 4058 498 4129 Apocalypsim
534 4060 748 4121 laudat,
785 4059 1061 4129 tcsteipso
1092 4059 1324 4112 Eusebio
1370 4061 1422 4113 in
1481 4075 1603 4128 cap.
1661 4061 1724 4114 M

161 4124 369 4198 libri".
390 4129 551 4198 Quod
586 4137 801 4192 spectat
837 4129 903 4183 ad
937 4124 1134 4181 librum
1167 4130 1261 4196 qui
1293 4124 1600 4198 Κήρυγμά,
1627 4145 1720 4185 seu

161 4192 460 4252 Prwdicatio
515 4197 667 4251 Petri
719 4199 1025 4258 dicebatur.
1074 4192 1278 4252 citatur
1311 4192 1719 4254 eti'atn'ab'eo-

161 4265 256 4317 dem
301 4268 588 4321 Clemente
633 4271 688 4321 in
740 4268 896 4322 libris
935 4267 1362 4337 Hypotyposeon.
1395 4270 1508 4322 sive
1539 4272 1722 4325 inEx-

159 4340 333 4404 cerptis
372 4337 669 4401 Theodoti,
706 4347 764 4390 ut
801 4339 1043 4390 dicemus
1099 4340 1164 4390 ad
1193 4352 1324 4404 cap.
1377 4338 1445 4391 H
1513 4338 1610 4394 lib.
1643 4354 1716 4393 vr.

157 4402 395 4475 Origenes
455 4421 674 4475 quoque
729 4408 782 4460 in
857 4417 1001 4461 tonio
1059 4421 1156 4460 XIII
1210 4402 1610 4472 Eipositionum
1666 4413 1720 4461 in

159 4473 356 4530 Joannis
402 4473 781 4546 Euangelium.
813 4477 1142 4531 mentionem
1192 4475 1324 4530 facit
1365 4477 1525 4542 hujus
1572 4479 1715 4542 libri,

1830 3715 1993 3767 vertit
2025 3729 2037 3764 :
2071 3713 2194 3768 Scio
2217 3723 2390 3766 tamen
2425 3711 2566 3774 apud
2593 3711 2806 3766 Latinos
2841 3711 2906 3765 de
2936 3728 2996 3765 ea
3029 3726 3146 3780 qua!
3188 3711 3258 3763 ad
3304 3709 3408 3764 Il:-

1830 3783 1996 3837 brwos
2025 3785 2334 3838 inscribitur
2369 3784 2548 3835 haberi
2593 3784 2998 3835 dubitationem.
3027 3781 3244 3846 Optime
3285 3797 3404 3834 meo

1829 3855 2046 3920 quidem
2091 3852 2317 3920 judicio.
2370 3852 2503 3906 Nam
2549 3853 2819 3906 Eusebius
2871 3850 3192 3921 Ῥωμαίους
3211 3864 3408 3921 vocare

1829 3918 1969 3977 solet
2015 3918 2206 3977 omnes
2258 3922 2507 3981 Latinus.
2555 3933 2614 3976 ut
2657 3924 2706 3974 itt
2754 3922 2850 3975 lib.
2905 3918 3128 3986 tl,'cap.
3171 3918 3261 3982 25,
3314 3920 3405 3973 ubi

1831 3990 2224 4046 Tertullianum
2276 4002 2431 4044 vocat
2478 3991 2796 4053 Romanum,
2849 3990 3038 4042 τούτου
3083 3989 3140 4041 δὲ
3175 3989 3338 4043 πάλιν
3379 3992 3408 4044 ὁ

1841 4063 2104 4133 Ῥωμαῖος
2137 4061 2546 4133 Τερτυζλιανὸς,
2593 4073 2699 4133 etc.
2737 4062 2804 4133 Et
2839 4063 2888 4113 itt
2923 4077 3042 4133 cap.
3157 4060 3405 4133 ejusdem

1835 4128 1962 4184 libri
1995 4133 2063 4185 de
2098 4128 2285 4186 eodem
2319 4131 2651 4186 Tertulliano
2690 4131 2759 4184 ita
2796 4132 3051 4200 loquitur,
3084 4128 3221 4200 ἀνὴρ
3251 4129 3404 4200 τάῌτε

1824 4201 1961 4255 ἄλλα
1987 4200 2217 4266 ἔνδοξος,
2245 4202 2464 4254 καὶτῶν
2491 4201 2722 4271 μάλιστα
2746 4201 2838 4252 ἐπὶ
2873 4198 3089 4271 Ῥώμης
3109 4198 3402 4271 λαμπρῶν.

1825 4271 1882 4323 Si
1910 4273 2032 4340 quis
2083 4281 2262 4324 tamen
2310 4270 2569 4340 Romana:
2602 4271 2754 4324 urbis
2788 4270 3086 4340 Ecclesium
3135 4270 3238 4322 hoc
3285 4273 3402 4340 loco

1827 4335 2130 4410 intelligere
2161 4341 2434 4403 maluerit,
2467 4335 2716 4410 equidem
2747 4339 3037 4410 nonivalde
3071 4338 3399 4410 repugnabo.

1823 4409 1875 4462 ld
1905 4408 2050 4464 enim
2076 4411 2313 4465 sensisse
2344 4410 2557 4463 videtur
2578 4408 2740 4461 Caius
2764 4409 2817 4460 in
2841 4408 3210 4475 disputatione
3236 4421 3399 4474 quam

1825 4481 2040 4548 scripsit
2064 4480 2251 4533 Romae
2276 4481 2545 4532 Adversus
2572 4477 2842 4548 Proetum.
2873 4477 3010 4548 Ejus
3034 4478 3197 4548 verba
3223 4477 3402 4548 habes

160 4552 203 4594 et
226 4558 288 4618 es
308 4563 372 4602 eo
402 4526 1208 4618 ὖέιῖιὲνῖἶὲέίἷιῆοἲὶίἰὶῆἷξ’έὲιι
1231 4526 1715 4618 υἰῖυἶῐέξὶἶιῖριί’⁷ἰιί’ἐ
1752 4526 1794 4580 Ῑ)
1825 4526 3196 4618 iiii-31;.“iis:1.7255596:patienia;signa;
3223 4526 3398 4618 (sua;

161 4616 397 4677 genuinus
454 4617 546 4678 sit,
586 4632 654 4669 an
707 4616 930 4680 nothus,
980 4631 1047 4668 an
1095 4617 1318 4680 mixtus,
1355 4616 1481 4670 alibi
1532 4634 1592 4671 se.
1647 4620 1725 4670 di-

160 4691 342 4755 cturtnn
387 4687 704 4755 pollicetur.
743 4683 910 4739 Vetus
933 4695 1122 4739 auctor
1151 4686 1200 4738 in
1239 4695 1470 4740 tractatu
1513 4686 1590 4740 De
1620 4689 1727 4740 Ine-

163 4754 453 4827 rqticisnon
495 4757 915 4827 rebaptizandis,
953 4771 1113 4822 quem
1159 4755 1416 4827 Nicolaus
1458 4755 1726 4827 Rigaltius

161 4821 378 4896 ediditiin
423 4827 572 4879 notis
596 4825 716 4878 suis
749 4826 818 4876 ad
858 4821 1217 4896 Cyprianum,
1249 4826 1391 4896 hunc
1423 4821 1621 4883 librum
1651 4831 1719 4880 ab

161 4887 404 4949 haereticis
433 4897 737 4950 conlictum
781 4887 919 4949 esse'
934 4887 1164 4949 testatur
1192 4887 1210 4949 ἑ
1244 4894 1340 4948 Est
1370 4907 1540 4950 autem
1566 4897 1725 4949 adul-

159 4963 288 5017 terini
319 4966 501 5035 hujus,
534 4967 642 5017 imo
666 4965 978 5018 internecivi
1005 4966 1354 5034 baptismatis,
1378 4968 1422 5017 si
1440 4969 1557 5035 quis
1585 4967 1722 5020 alius

161 5042 336 5097 auctor,
368 5046 484 5088 tum
521 5036 684 5088 etiam
721 5035 941 5104 quidam
970 5036 1032 5087 ab
1081 5036 1267 5088 iisdem
1303 5036 1430 5102 ipsis
1460 5037 1724 5090 Itwreticis

161 5109 351 5176 propter.
381 5106 526 5176 hunc
563 5105 826 5176 eumdem,
853 5120 1083 5176 errorem
1129 5105 1388 5176 conﬁctas
1434 5106 1586 5170 liber,
1630 5123 1721 5175 qui

161 5173 443 5245 fmcribitur
473 5174 626 5245 Petri
675 5174 1010 5245 prtedicatio.
1045 5175 1285 5244 Denique
1311 5173 1719 5232 Lactantius—in

161 5237 235 5291 lib.
260 5244 327 5308 tv,
359 5259 482 5312 cap.
516 5244 612 5304 20.
652 5237 822 5312 hujus
858 5243 978 5297 libri
1007 5237 1338 5298 mentionem
1369 5245 1520 5302 facit.

187 5312 312 5385 ’(40)
340 5311 694 5383 Προϊούσης
727 5311 797 5364 δὲ
822 5311 932 5380 τῆς
967 5313 1255 5382 ἱστορίας.
1296 5315 1535 5370 Pessime
1574 5317 1719 5370 hunc

162 5375 305 5435 locum
349 5375 706 5453 interpretati
754 5375 1138 5453 suntltutlnu's
1171 5375 1226 5438 et
1256 5385 1718 5453 Christophorso-

163 5463 263 5516 nus,
281 5463 334 5506 ut
359 5457 614 5509 eruditus
638 5452 816 5506 lector
838 5452 998 5507 facile
1027 5456 1410 5520 deprehendet,
1441 5452 1492 5508 si
1514 5457 1717 5510 utrius-

163 5535 246 5585 gite
267 5525 567 5578 versionem
600 5521 899 5578 consulere
921 5523 1154 5577 voluerit

215 5589 315 5664 (41)
346 5595 517 5663 Παρὰ
541 5592 690 5664 τοῖς⁸
703 5592 894 5646 πάλαι
935 5595 1362 5662 πρεσϐυτέροις
1388 5597 1684 5664 ὀμολογου
1701 5624 1718 5637 ο

160 5656 337 5728 μέτριόν.
390 5656 581 5720 codic.
640 5656 1065 5718 Mazarinus'ac
1111 5656 1281 5727 Medi,
1327 5656 1450 5719 cum
1491 5656 1626 5721 Full.
1659 5677 1716 5720 et

165 5724 326 5808 Sari},
360 5735 628 5808 scriptum
668 5734 878 5808 habent
901 5724 1346 5808 ᾠμολογημένὴν.

218 5798 317 5871 (ιῖ)
351 5798 504 5871 Πρὸξ-
537 5802 658 5872 τῆς
702 5798 1006 5871 Ῥωμαίων
1062 5798 1437 5874 Ἐλὲιληὶϋαᾳ
1484 5805 1712 5862 Ruﬁnus

1831 4620 2009 4672 innuit
2053 4615 2418 4673 Theodorilus
2479 4620 2530 4671 in
2573 4618 2839 4686 prommio
2888 4615 3402 4671 Commentariorum

1827 4691 1880 4741 in
1916 4688 2210 4757 lipistolam
2249 4692 2316 4740 ad
2348 4687 2628 4750 llebm'os,
2671 4689 2760 4741 ubi
2797 4688 2872 4742 ait
2918 4686 3212 4740 Eusebium
3262 4687 3402 4742 hanc

1814 4760 2110 4828 Epistolam
2142 4758 2577 4828 Ρειιιιομτψυδιυιο
2608 4758 2968 4828 adjudicnssc.

1897 4827 2008 4899 (45)
2053 4827 2231 4896 Ἑρμᾶ
2258 4823 2330 4882 οὗ
2359 4823 2549 4896 φασιν
2566 4827 2862 4896 ὑπάρχειν
2889 4827 2954 4899 τὸ
2975 4825 3080 4879 τοῦ
3111 4825 3402 4896 Homero;-

1819 4897 2083 4961 βιϐλίον.
2111 4900 2341 4963 Quidam
2373 4900 2695 4952 existimant
2730 4903 2870 4950 hunc
2916 4897 3136 4961 librum,
3188 4899 3276 4966 qui
3318 4899 3401 4950 di-

1824 4971 1970 5022 citur
2018 4968 2232 5028 Pastor.
2279 4984 2386 5021 non
2428 4974 2496 5021 ah
2545 4968 2736 5020 llerma
2793 4967 2882 5020 illo
2938 4966 3095 5036 cujus
3150 4968 3397 5022 meminit

1827 5037 2026 5094 Paulus
2057 5039 2112 5092 in
2134 5037 2374 5106 Epistola
2421 5039 2486 5091 ad
2523 5036 2815 5100 Romanos,
2843 5041 2938 5091 sed
2965 5040 3033 5091 ab
3063 5037 3168 5090 alio
3200 5039 3398 5090 llertna

1825 5109 1996 5161 multo
2029 5109 2336 5162 recentiore
2373 5111 2636 5177 scriptunt
2674 5106 2862 5172 fuisse,
2900 5108 2990 5177 qui
3036 5107 3116 5159 Pii
3166 5107 3400 5160 Romani

1824 5180 2104 5245 pontificis
2145 5177 2314 5232 frater
2348 5179 2468 5241 fuit,
2499 5188 2554 5231 ttt
2585 5179 2751 5230 tradit
2782 5190 2972 5231 auctor
3003 5177 3125 5230 libri
3162 5177 3234 5229 De
3262 5191 3398 5242 pon-

1822 5250 2049 5315 tificibus
2082 5245 2356 5300 Romanis.
2397 5249 2586 5300 Exstat
2610 5247 2768 5300 hodie
2796 5248 2881 5301 hic
2915 5245 3157 5300 Pastoris
3183 5246 3317 5298 liber
3340 5245 3396 5300 in

1822 5316 2074 5370 Latinum
2119 5332 2428 5371 sermonem
2461 5318 2780 5381 translatus,
2804 5319 3030 5386 ejusque
3065 5316 3396 5369 testimoniis

1821 5397 2047 5441 utuntur
2073 5385 2360 5456 Origenes,
2392 5386 2627 5440 lre'nteus
2670 5397 2725 5440 et
2768 5385 3121 5441 Athanasius.
3168 5386 3399 5456 littlinus

1821 5457 1876 5510 in
1910 5455 2358 5526 Interpretatione
2395 5456 2652 5524 Symboli,
2691 5458 2833 5511 inter
2873 5458 3038 5509 libros
3081 5455 3172 5524 qui
3212 5455 3262 5508 in
3297 5455 3401 5509 Ec-

1817 5529 1985 5582 clesia
2027 5527 2242 5596 quidem
2293 5528 2564 5595 leguntur,
2604 5528 2983 5579 auctoritatem
3017 5535 3196 5596 tamen
3227 5541 3400 5578 saetae

1819 5594 2118 5666 Scriptura:
2161 5612 2271 5651 non
2315 5594 2535 5660 habent,
2591 5596 3096 5666 memoratulihrnm
3148 5594 3399 5666 Pastoris

1816 5683 1911 5792 sreu
1945 5663 2246 5748 illermetis,
2283 5669 2374 5738 qui
2417 5667 2622 5722 dicitur
2671 5666 2806 5722 Duce
2865 5663 2974 5721 Via:
3005 5665 3086 5720 vel
3123 5665 3400 5722 Iudicium

1867 5753 1983 5792 em.

1867 5753 1983 5792 em.
