3894 6486
485 359 594 414 Eli)
1195 349 1471 408 EUSEBI!
1502 345 1988 406 CESARIENSIS
2022 345 2060 404 (1

2166 390 2179 405 .
2216 344 2401 403 usus
2435 344 2481 402 ι.
2520 375 2591 389 -
2626 304 3025 405 utsrumcs.
3338 410 3345 414 ,
3562 396 3565 401 .
3655 347 3768 407 ιω

487 474 858 545 εςιηι-ροῢιὶεε
882 474 986 545 legi
1010 473 1398 543 comperimus,
1431 480 1489 527 et
1542 472 1806 542 quosdam
1831 486 1896 527 ex
1953 471 2341 527 vetustissimis
2388 470 2763 539 scriptoribus,
2816 469 2988 541 ipsius
3041 469 3352 527 testimonio
3406 484 3539 527 usus
3572 468 3763 528 fuisse.

484 572 665 638 Atque
692 570 807 625 haec
823 571 892 626 de
920 569 1229 625 discrimine
1250 567 1688 638 Scripturarum,
1716 582 1838 637 qure
1864 566 1950 623 vel
1982 577 2216 638 recepta:
2272 565 2416 638 apud
2471 581 2664 623 omnes
2704 567 3073 639 auctoritatis,
3130 566 3213 621 vel
3272 567 3451 624 dubia:
3494 576 3550 622 et
3591 565 3764 621 vacil-

485 660 651 720 lastis
674 664 814 735 apud
840 664 1131 734 plerosque
1155 661 1277 716 tidei
1303 662 1591 727 habentur,
1619 663 1884 720 hactenus
1912 663 2055 721 dicta
2089 664 2218 719 sint.

1013 706 1131 823 ἓξ
1155 706 1591 807 Hii}???
1913 706 2055 721 ”’”“
2596 816 2608 823 ,
2703 754 3101 808 KEMAAIUN
3137 756 3212 809 A'.

741 846 819 901 De
844 846 1016 916 prima
1065 845 1425 914 apostolorum
1467 846 1817 905 successione.

556 996 729 1053 Porro
757 996 980 1051 Paulum
1021 998 1274 1064 gentibus
1304 998 1714 1070 praedicantem,
1748 999 1818 1055 ab
1869 999 2065 1057 lliero-

486 1090 707 1161 sulymis
761 1098 817 1143 et
884 1088 1133 1145 ﬁnitimis
1199 1090 1334 1146 locis
1395 1105 1569 1161 usque
1633 1093 1702 1159 ad
1755 1091 2064 1163 Illyricum,

487 1181 851 1236 Ecclesiarum
934 1182 1138 1252 ubique
1227 1182 1579 1238 fundamenta
1642 1182 1879 1252 iecisse,
1947 1196 2063 1241 tum

484 1286 551 1325 ex
630 1272 798 1343 ipsius
869 1275 1053 1330 verbis
1093 1282 1354 1341 constat,
1411 1283 1523 1329 tum
1575 1289 1643 1328 ex
1713 1275 1782 1331 iis
1835 1291 1957 1346 quae
2032 1292 2061 1331 a

482 1361 628 1418 Luca
700 1365 754 1418 in
808 1365 1037 1421 Actibus
1094 1365 1427 1421 referuntur.
1514 1365 1723 1433 Quibus
1788 1369 1931 1425 item
2008 1368 2062 1424 in

481 1454 783 1522 provinciis
810 1454 1007 1511 Petrus
1029 1456 1306 1511 Christum
1335 1457 1538 1514 Iudaeis
1579 1458 1904 1528 praedicans,
1962 1475 2064 1515 no-

484 1542 535 1595 vi
572 1540 818 1597 Fmderis
842 1543 1149 1599 doctrinam
1181 1546 1493 1613 tradiderit,
1522 1548 1659 1602 satis
1691 1558 1881 1616 aperte
1905 1548 2062 1605 colli-

481 1633 632 1696 gitur
659 1648 727 1688 ex
758 1648 821 1688 ea
856 1633 1095 1702 Epistula
1121 1651 1242 1706 qua:
1271 1637 1371 1705 ipsi
1419 1637 1490 1693 ab
1519 1639 1789 1705 omnibus,
1821 1652 1881 1694 ut
1925 1640 2065 1706 dixi,

479 1723 600 1776 sine
653 1726 1023 1778 controversia
1087 1726 1384 1780 ascribitur
1430 1744 1444 1780 :
1496 1743 1662 1797 quam
1712 1729 1929 1798 quidem
1972 1731 2064 1788 ille

418 1803 424 1808 ’
480 1811 727 1868 ΙΙειπαείε
761 1830 859 1885 per
883 1814 1142 1881 Pontum,
1162 1816 1454 1885 Galatiam,
1483 1820 1900 1890 Cappadociam,
1934 1837 2062 1893 per-

481 1920 589 1970 que
613 1903 802 1959 Asiam
835 1915 1000 1975 atque
1053 1906 1362 1979 Bithyniam
1400 1909 1453 1964 in
1483 1911 1822 1980 dispersione
1854 1914 2063 1983 agenti-

479 1993 584 2047 bus
613 1994 827 2049 scribit.
855 1997 999 2062 Quot
1026 2012 1156 2053 vero
1199 2007 1256 2052 et
1285 2002 1504 2069 quinam
1560 2001 1755 2056 horum
1790 2004 2065 2073 apostolu-

2168 847 2309 914 Περὶ
2339 845 2447 915 τῆς
2471 816 2707 915 πρώτης
2755 846 3129 985 ιέτοῖῗόῗωζ)
3167 844 3451 916 διαδοχῆς
3513 845 3656 918 (Nic.
3687 844 3742 902 Η

2239 1009 2362 1061 Ὅτι
2396 1007 2494 1077 μὲν
2526 1002 2620 1061 οὖν
2654 1009 2766 1069 τοῖς
2796 1006 2856 1073 ἐξ
2902 1006 3072 1059 ἐθνῶν
3104 1006 3401 1079 κηρύσσων
3443 1010 3474 1062 ό
3509 1006 3737 1071 Παῦλος

2166 1096 2294 1160 τοὺς
2334 1097 2444 1150 ἀπὸ
2481 1096 2839 1167 Ἰερουσαλὴμ
2868 1096 2963 1149 καὶ
3009 1097 3195 1168 κύκλῳ
3246 1097 3408 1169 μέχρι
3454 1098 3554 1152 τοῦ
3597 1099 3770 1154 Ἰλλυ-

2167 1187 2319 1259 ρικοῦ
2334 1186 2444 1240 τῶν
2466 1185 2801 1257 Ἑκκλησιῶν
2830 1187 3230 1259 καταϐέϐληται
3263 1187 3576 1260 θεμελίους,
3597 1191 3767 1261 δῆλον

2164 1282 2227 1333 ὲκ
2244 1280 2352 1333 τῶν
2367 1277 2531 1332 αὑτοῦ
2550 1278 2743 1348 γένοιτ’
2770 1279 2836 1333 ἂν
2852 1279 3066 1349 φωνῶν,
3087 1280 3182 1333 καὶ
3207 1280 3303 1350 ἀφ’
3319 1275 3396 1335 ὧν
3407 1283 3439 1335 ὁ
3450 1284 3673 1347 Λουκᾶς
3705 1288 3766 1338 ὲν

2162 1376 2285 1437 ταῖς
2312 1370 2583 1443 Πράξεσιν
2624 1370 2927 1442 ἱστόρησεν.
2956 1372 3068 1424 Καὶ
3099 1371 3163 1423 ὲκ
3187 1371 3297 1425 τῶν
3329 1373 3541 1444 Πέτρου
3573 1373 3633 1426 δὲ
3673 1372 3766 1427 λέ-

2163 1462 2321 1528 ξεων,
2349 1463 2407 1514 ὲν
2435 1459 2659 1523 ὁπόσαις
2673 1460 2767 1512 καὶ
2781 1452 2936 1520 οὗτος
2966 1457 3255 1527 ἐπαρχίαις
3278 1460 3406 1523 τοὺς
3435 1461 3501 1513 ὲκ
3531 1476 3766 1531 περιτο-

2165 1552 2274 1623 μῆς
2286 1551 2377 1604 τὸν
2395 1550 2627 1621 Χριστὸν
2651 1548 3155 1620 εὐαγγελιζόμενος,
3171 1549 3262 1604 τὸν
3288 1550 3388 1620 τῆς
3407 1550 3605 1620 καινῆς
3632 1552 3768 1603 Δια.

2163 1643 2341 1715 θήκης
2377 1642 2660 1715 παρεδίδου
2692 1642 2869 1711 λόγον,
2916 1643 3084 1712 σαφὲς
3117 1642 3183 1695 ἂν
3216 1642 3300 1712 εἴη
3322 1681 3333 1701 .
3375 1643 3471 1711 ἀφ’
3497 1638 3569 1713 ἧς
3599 1643 3764 1713 εἰρή-

2162 1752 2337 1806 καμεν
2385 1733 2823 1804 ὁμολογουμένης
2873 1732 3038 1786 αὑτοῦ
3052 1731 3389 1803 Ἐπιστολῆς,
3430 1734 3501 1805 ἢν
3530 1736 3648 1797 τοῖς
3699 1734 3763 1798 ἐξ

2174 1824 2439 1896 Ἐϐραίων
2466 1823 2579 1893 (44)
2619 1818 2770 1875 οὖσιν
2804 1823 2862 1874 ἐν
2903 1821 3175 1892 διασπορᾷ
3208 1822 3412 1876 Πόντου
3447 1824 3544 1877 καὶ
3581 1822 3762 1877 Fala-

2161 1917 2316 1978 τίας,
2363 1913 2758 1976 Καππαδοκίας
2809 1930 2868 1966 τε
2921 1913 3016 1965 καὶ⁵
3062 1913 3247 1976 Ἀσίας
3311 1914 3406 1968 καλ⁵
3454 1912 3757 1978 Βιθυνίας,

2164 2006 2386 2074 γράφει.
2422 2004 2577 2058 Ὅσοι
2608 2003 2666 2056 δὲ
2702 2003 2930 2065 τούτων,
2967 2003 3059 2056 καὶ
3086 2004 3232 2067 τίνες
3259 2004 3469 2074 γνήσιοι
3509 2002 3762 2074 ζηλωταὶ

484 2092 606 2137 runt
634 2086 747 2139 veri
800 2085 1121 2151 imitatores,
1158 2092 1472 2145 eurumdem
1501 2092 1704 2161 judicio
1749 2094 1895 2163 digni
1924 2093 2060 2163 judi-

2166 2097 2465 2164 γεγονότες,
2504 2095 2602 2157 τὰς
2635 2094 2771 2166 πρὸς
2815 2093 2992 2148 αὐτῶν
3041 2093 3345 2165 ίδρυθείσας
3398 2095 3579 2149 ἱκανοὶ
3629 2111 3760 2148 stut-

477 2176 588 2230 cati
622 2176 753 2243 sint,
785 2179 875 2246 qui
909 2177 1161 2234 fundatas
1185 2182 1253 2237 ab
1293 2182 1424 2252 ipsis
1477 2183 1746 2240 Ecclesiae
1802 2188 2059 2255 pastorali

480 2266 661 2320 ulliciu
688 2268 1079 2338 gubernarent,
1127 2285 1470 2341 nequaquam
1505 2273 1664 2329 facile
1703 2285 1789 2330 est
1821 2277 2006 2331 dicere
2041 2295 2057 2332 :

480 2369 848 2428 prteterquam
879 2362 1023 2429 illos,
1071 2379 1210 2433 quos
1249 2380 1316 2418 ex
1366 2365 1539 2435 ipsius
1587 2368 1833 2435 Apustoli
1881 2369 2061 2423 verbis

480 2449 641 2507 facile
667 2453 847 2522 quivis
874 2456 1047 2524 possit
1079 2458 1356 2527 colligere.
1390 2458 1560 2527 llujus
1600 2462 1743 2515 enim
1781 2476 1948 2531 prope
1978 2462 2061 2514 in-

481 2544 848 2600 numerabiles
865 2545 1163 2614 adjutores,
1199 2559 1272 2613 et,
1308 2558 1367 2602 ttt
1401 2551 1514 2619 ipse
1542 2552 1802 2615 nominat,
1836 2553 2062 2607 commi-

483 2638 680 2692 litones
727 2639 991 2694 luerunt:
1032 2656 1264 2711 quorum
1316 2642 1405 2697 ille
1438 2645 1725 2714 plerosque
1766 2644 2057 2699 immortali

484 2727 852 2798 Epistolarum
892 2747 1114 2795 suarum
1170 2734 1479 2790 testimonio
1511 2746 1754 2802 ornatos,
1788 2747 2061 2807 perpetua:

483 2822 769 2878 hominum
798 2826 1077 2880 memoriae
1102 2827 1524 2881 commendavit.
1558 2826 1665 2882 Sed
1708 2837 1764 2883 et
1791 2828 1964 2883 Lucas
2004 2829 2058 2884 in

478 2915 711 2971 Actibus
739 2917 1029 2987 discipulos
1058 2917 1207 2973 Pauli
1239 2935 1586 2981 enumerans.
1616 2921 1857 2988 singulos
1887 2921 2062 2977 nomi-

481 3007 648 3060 natim
682 3008 940 3078 appellat.
975 3009 1053 3065 Ex
1081 3010 1165 3065 his
1191 3011 1509 3066 Timotheus
1531 3013 1748 3082 quidem
1777 3012 2060 3082 Ephesium

482 3096 742 3153 Ecclesia:
794 3100 1170 3170 episcopatum
1226 3103 1436 3170 primus
1492 3106 1770 3175 accepisse
1822 3106 2057 3173 dicitur,

481 3190 946 3257 quemadmodum
1000 3192 1166 3246 etiam
1221 3192 1375 3249 Titus
1426 3195 1621 3252 insula:
1668 3197 1842 3252 Cretas
1878 3196 2067 3252 Eccle-

480 3284 689 3334 sarum
739 3281 1033 3351 episcopus
1074 3281 1246 3339 fuisse
1295 3296 1650 3341 memoratur.
1689 3285 1868 3343 Lucas
1908 3301 2063 3353 vero,

479 3372 647 3425 domo
678 3372 1070 3439 Antiuchenus,
1092 3383 1212 3431 arte
1239 3377 1509 3445 medicus,
1541 3380 1635 3449 qui
1662 3388 1715 3434 et
1743 3394 1868 3434 cum
1896 3377 2067 3435 Paulo

2169 2187 2378 2256 μαίνειν
2412 2185 2846 2256 ἐδοκιμάσθησαν
2865 2179 3211 2254 Ἐκκλησίας.
3231 2186 3293 2238 οὐ
3326 2185 3513 2256 ῥᾴδιον
3550 2188 3756 2253 εἶπεῖν.

2169 2279 2242 2348 μὴ
2270 2279 2351 2330 ὅτι
2383 2295 2446 2346 γε
2478 2278 2636 2341 ὅσους
2668 2276 2732 2329 ἄν
2765 2293 2849 2339 τις
2880 2277 2944 2328 ἐκ
2974 2277 3083 2329 τῶν
3128 2277 3342 2330 Παύλου
3374 2277 3573 2345 φωνῶν
3618 2278 3758 2331 ἀνα-

2164 2369 2385 2434 λέξοιτο.
2421 2368 2622 2422 Τούτου
2671 2368 2780 2438 γὰρ
2827 2364 2920 2421 οὖν
2966 2368 3148 2440 μυρίοι
3201 2371 3488 2441 συνεργοὶ,
3524 2371 3623 2424 xa't
3673 2369 3757 2433 ὡς

2163 2460 2327 2523 αὐτὸς
2385 2459 2636 2531 ὠνόμασε
2711 2460 3104 2529 συστρατιῶται
3178 2462 3502 2532 γεγόνασιν,
3560 2455 3639 2516 ὧν
3701 2464 3753 2516 οε

2165 2550 2383 2614 πλείους
2413 2550 2649 2621 ἀλήστου
2686 2552 2822 2623 πρὸς
2857 2551 3020 2605 αὑτοῦ
3054 2551 3273 2624 μνήμης
3313 2551 3600 2621 ἠξίωνται,
3630 2553 3757 2624 διη-

2162 2644 2293 2713 νεκῆ
2333 2642 2430 2713 τὴν
2472 2644 2599 2714 περὶ
2626 2644 2802 2697 αὐτῶν
2845 2646 3149 2716 μαρτυρίαν
3184 2648 3304 2708 ταῖς
3322 2645 3755 2710 ἱδίαιςῈπιστο-

2161 2736 2279 2798 λαίς
2317 2735 2797 2803 ὲγκαταλέξαντος.
2824 2737 2899 2789 Ού
2934 2737 3041 2808 μὴν
3077 2734 3211 2789 ἀλλὰ
3238 2737 3332 2790 καὶ
3370 2738 3400 2788 ό
3432 2738 3655 2800 Λουκᾶς
3692 2737 3752 2790 ὲν

2161 2831 2279 2890 ταῖς
2307 2826 2545 2898 Πράξεσι
2589 2827 2714 2891 τοὺς
2752 2827 3059 2898 γνωρίμους
3094 2826 3258 2880 αὑτοῦ
3299 2825 3641 2895 καταλέγων,
3689 2826 3752 2892 ἐξ

2161 2916 2422 2985 ὀνόματος
2449 2915 2628 2968 αὐτῶν
2656 2916 2999 2986 μνημονεύει.
3024 2915 3283 2987 Τιμόθεός
3309 2933 3372 2984 γε
3409 2917 3519 2987 μὴν
3546 2916 3648 2987 τῆς
3692 2917 3752 2969 ἐν

2174 3006 2383 3077 Ἐφέσῳ
2417 3008 3028 3079 παροικίαςίστορεῖται
3061 3007 3275 3078 πρῶτος
3305 3008 3403 3078 τὴν
3437 3008 3751 3079 ἐπισκοπὴν

2162 3097 2456 3167 εἰληχέναι,
2486 3098 2562 3161 ὡς
2600 3100 2693 3152 καὶ
2724 3100 2882 3163 Τίτος
2908 3098 3016 3152 τῶν
3039 3090 3750 3169 ὲπῖΚρήτηςἘκκλησιῶν.

2160 3188 2374 3253 Λουκᾶς
2400 3188 2458 3243 δὲ
2482 3189 2543 3243 τὸ
2577 3191 2675 3261 μὲν
2709 3190 2863 3259 γένος
2888 3190 2963 3244 ῶν
2993 3189 3101 3243 τῶν
3128 3190 3219 3242 ἀπ’
3257 3190 3613 3259 Ἀντιοχείας,
3644 3191 3752 3263 τὴν

2160 3281 2218 3335 δὲ
2261 3282 2572 3353 ἐπιστήμην
2617 3284 2831 3355 ἰατρὸς,
2878 3282 2948 3335 τὰ
2998 3281 3226 3336 πλεῖστα
3281 3281 3629 3350 συγγεγονὼς
3671 3281 3755 3354 τῷ

2163 3372 2382 3443 Παύλῳ,
2414 3373 2508 3427 καὶ
2545 3377 2660 3439 τοῖς
2689 3374 2895 3437 λοιποῖς
2935 3373 2993 3427 δὲ
3037 3374 3099 3427 ού
3131 3373 3424 3445 παρέργως
3467 3373 3580 3426 τῶν
3609 3374 3752 3428 ἁπο-

480 3465 574 3514 ditt
618 3464 1066 3533 coniunctissime
1105 3469 1262 3528 vixit.
1287 3478 1342 3523 et
1387 3486 1512 3524 cum
1550 3471 1776 3541 reliquis
1803 3470 2060 3539 apostolis

2166 3464 2366 3517 στόλων
2411 3464 2739 3536 ὡμιληκὼς,
2787 3461 2857 3537 ἧς
2893 3465 3000 3519 ἀπὸ
3063 3465 3268 3518 τούτων
3332 3465 3757 3536 προσεκτήσατο

480 3548 725 3605 studiose
765 3561 1013 3609 versatus
1037 3562 1143 3621 est,
1175 3558 1308 3614 artis
1358 3559 1504 3615 illius
1533 3560 1602 3613 ad
1652 3561 1925 3616 sanandos
1958 3562 2058 3617 ho-

484 3639 691 3695 ntinum
726 3643 943 3699 animus
972 3646 1254 3714 institutae,
1282 3666 1444 3719 quant
1468 3649 1570 3705 sibi
1598 3664 1662 3705 ex
1686 3652 2056 3719 apostolorum

482 3731 735 3787 doctrina
771 3751 1204 3807 comparaverat,
1238 3743 1378 3799 duos
1405 3726 1562 3799 nobis
1599 3744 1767 3798 libros
1799 3745 2060 3801 divinitus

485 3822 781 3892 inspiratus
810 3828 1048 3898 reliquit.
1100 3832 1249 3887 Alter
1309 3848 1497 3889 eorum
1542 3834 1891 3905 Evangelium
1950 3844 2059 3903 est,

484 3919 629 3979 quod
663 3918 881 3987 quidem
912 3922 984 3975 ita
1007 3938 1067 3977 se
1093 3940 1316 3992 prorsus
1332 3941 1590 3983 exarasse
1617 3938 1864 3993 testatur,
1901 3937 2083 3999 prout,

485 4010 555 4060 ah
616 4008 749 4078 ipsis
796 4014 945 4069 verbi
1003 4016 1171 4072 divini
1226 4020 1515 4086 ministris,
1571 4029 1627 4075 et
1674 4021 1765 4089 qui
1805 4020 1873 4093 ab
1906 4021 2062 4076 initio

484 4099 766 4155 Christum
797 4104 1068 4173 viderant,
1113 4119 1403 4177 acceperat
1432 4124 1448 4161 :
1484 4124 1622 4177 quos
1669 4110 1833 4164 etiam
1867 4124 2060 4165 omnes

482 4205 543 4244 se
570 4191 682 4262 jam
700 4195 900 4250 dudum
916 4207 1382 4255 assectatumcsse
1406 4202 1711 4271 proﬁtetur.
1743 4201 1897 4256 Alter
1921 4200 2060 4256 liber

484 4280 804 4340 inscribitur
845 4285 1013 4344 Actus
1038 4290 1425 4359 apostolorum,
1480 4307 1618 4363 quos
1670 4291 1760 4347 ille
1803 4308 1907 4346 non
1945 4292 2059 4360 jam

480 4373 759 4432 auditione
788 4388 1060 4448 acceptus,
1091 4384 1187 4437 sed
1221 4382 1394 4438 oculis
1437 4384 1551 4437 suis
1592 4392 1868 4452 spectatus
1916 4384 2059 4437 scri-

480 4472 590 4541 ptis
616 4471 862 4528 tradidit.
897 4473 1064 4544 llujus
1090 4489 1255 4543 porro
1281 4475 1628 4547 Evangelium
1656 4477 1855 4531 aiunta
1891 4476 2059 4530 Paulo

479 4564 757 4634 designari
780 4564 999 4622 solitum
1029 4580 1172 4631 esse,
1206 4568 1418 4636 quoties
1461 4578 1720 4636 tanquam
1746 4570 1812 4622 de
1836 4568 2056 4639 proprio

479 4657 717 4725 quodam
745 4657 1037 4728 Evangelio
1068 4674 1372 4715 sermonem
1410 4660 1636 4724 faciens.
1679 4661 1852 4716 dicit:
1891 4680 1911 4714 ι
1952 4664 2056 4715 Se-

483 4745 723 4801 cnndum
779 4746 1128 4819 Evangel'um
1194 4764 1392 4805 meum.
1433 4768 1453 4802 ι
1509 4751 1585 4805 Ex
1663 4750 1772 4822 74
1829 4750 2058 4820 reliquis

2160 3554 2347 3625 ψυχῶν
2397 3556 2828 3627 θεραπευτικῆς,
2874 3559 2932 3611 ὲν
2981 3557 3133 3610 δυσὶν
3176 3559 3310 3627 ἡμῖν
3368 3556 3755 3627 ὑποδείγματα

2161 3645 2538 3711 θεοπνεύστοις
2583 3648 2936 3703 καταλέλοιπε
2971 3647 3229 3719 βιϐλίοιςο
3277 3646 3353 3717 τῷ
3397 3664 3457 3700 τε
3497 3648 3753 3718 Εὑαγγε-
3794 3716 3797 3719 _

2161 3737 2292 3806 λέῳ,
2326 3739 2354 3791 ὂ
2404 3740 2497 3792 καὶ
2547 3741 2783 3812 χαράξαι
2837 3740 3199 3814 μαρτύρεται,
3252 3738 3394 3792 καθα
3450 3739 3755 3812 παρέδοντο

2163 3832 2310 3901 αὐτῷ
2355 3834 2405 3884 οἱ
2435 3834 2688 3904 ἀπαρχῆς
2720 3833 2984 3887 αὐτόπται
3030 3832 3124 3885 καὶ
3157 3830 3426 3902 ὑπηρέται
3458 3831 3752 3903 γενόμενοι

2163 3924 2254 3977 τοῦ
2284 3924 2466 3991 λόγου,
2492 3919 2573 3987 οἷς
2614 3925 2708 3978 καί
2753 3941 2916 3995 φησιν
2952 3923 3229 3977 ὲπάνωθεν
3276 3924 3447 3977 ἅπασι
3497 3940 3753 3996 παρηκο-

2166 4015 2505 4086 λουθηκέναι,
2555 4018 2650 4070 καῖ⁵
2676 4020 2796 4081 ταῖς
2833 4016 2940 4069 τῶν
2986 4015 3298 4068 ἀποστόλων
3339 4014 3648 4085 Πράξεσιν,
3684 4015 3756 4080 ἃς

2164 4108 2347 4160 ούκέτι
2392 4108 2459 4160 δι’
2506 4108 2707 4177 ἀκοῆς,
2756 4107 3049 4177 ὀφθαλμοῖς
3080 4107 3136 4159 δὲ
3182 4106 3363 4169 αὐτοῖς
3415 4106 3756 4178 παραλαϐὼν

2170 4197 2513 4261 συνετάξατο.
2543 4198 2680 4251 Φασὶ
2717 4197 2773 4251 δὲ
2806 4197 2882 4261 ὡς
2904 4199 3010 4269 ἄρα
3036 4195 3131 4248 τοῦ
3166 4196 3285 4250 κατ’
3318 4195 3480 4249 αὑτὸν
3510 4197 3759 4267 Εὐαγγε-

2166 4289 2279 4343 λίου
2310 4289 2668 4361 μνημονεύειν
2696 4291 2723 4342 ὁ
2750 4288 2960 4352 Παῦλος
2990 4286 3198 4351 εἴωθεν,
3237 4287 3476 4357 ὁπηνίκα
3506 4285 3584 4351 ὡς
3618 4289 3756 4360 περὶ

2168 4381 2295 4434 ίδὶου
2335 4382 2480 4445 τινὸς
2524 4381 2856 4451 Εὐαγγελίου
2911 4380 3136 4451 γράφων
3192 4378 3378 4446 ἔλεγε’
3429 4398 3447 4429 ι
3480 4379 3640 4433 Κατὰ
3690 4378 3756 4433 τὺ

2165 4473 2497 4542 Εὐαγγέλιόν
2550 4490 2671 4543 μου.
2695 4491 2713 4525 ι
2764 4470 2885 4525 Τῶν
2922 4471 2978 4524 δὲ
3020 4471 3222 4525 λοιπῶν
3277 4469 3591 4525 ἀκολούθων
3652 4470 3754 4525 τοῦ

2165 4568 2397 4631 Παύλου,
2435 4568 2683 4639 Κρίσκης
2712 4568 2811 4638 μὲν
2840 4567 2931 4619 ἐπὶ
2973 4566 3070 4629 τὰς
3110 4565 3340 4628 Γαλλίας
3372 4566 3485 4637 (45)
3533 4566 3754 4622 στειλά-

2167 4676 2325 4731 μενος
2352 4659 2443 4712 ὑπ’
2477 4658 2640 4712 αύτοῦ
2678 4660 3058 4730 μαρτυρεῖται,
3088 4659 3243 4721 Δῖνος
3274 4657 3330 4710 δὲ
3369 4652 3431 4711 οὗ
3470 4658 3753 4730 μέμνηται

2166 4744 2413 4815 συνόντος
2440 4752 2532 4803 ἐπὶ
2577 4750 2793 4822 Ῥώμης
2814 4749 2964 4821 αὑτῴ
2996 4748 3136 4803 κατὰ
3168 4748 3265 4820 τὴν
3307 4747 3571 4819 δευτέραν
3610 4751 3756 4822 πρὸς

560 4866 675 4939 (Η)
712 4869 827 4921 Ἦν
878 4868 1004 4936 τοῖς
1042 4870 1112 4943 ἐξ
1163 4871 1466 4943 Ἑϐραίων.
1501 4869 1574 4943 ita
1618 4873 1787 4926 codex
1837 4871 2056 4943 Regius.

2170 4884 2314 4928 teres
2340 4873 2619 4943 'quidam,
2652 4881 2823 4943 atque
2864 4869 3041 4943 in‘his
3088 4866 3375 4943 Eusebius,
3425 4865 3754 4943 legi_sse_vi-

486 4942 1184 5010 Yerutnqttalttorireliqui
1237 4944 1435 4995 diserte
1464 4941 1725 5010 scriptum
1773 4942 1977 4997 habent
2001 4945 2059 4997 ὲν

484 5005 523 5083 ᾖ
551 5009 664 5083 τοῖς
781 5007 1075 5083 :ESpaitpv,
1098 5005 1382 5083 etc.Quam
1414 5005 1741 5079 scripturam
1769 5012 2063 5083 conﬁrmat

483 5070 654 5135 Etiam
687 5070 913 5132 Ruﬁnus
937 5096 957 5133 :
980 5070 1083 5134 Sed
1117 5092 1164 5134 et
1203 5070 1397 5134 petrus
1429 5083 1485 5133 in
1523 5070 1712 5149 quibus
1750 5082 1907 5135 etiam
1953 5083 2062 5147 ipse

487 5150 771 5220 prorinciis
803 5150 886 5202 Itis
913 5152 1002 5217 qui
1045 5168 1110 5205 ex
1138 5151 1533 5203 circumcisione
1563 5162 1707 5210 sunt,
1749 5153 2062 5216 prrcdicave-

487 5219 564 5276 rit
607 5219 898 5284 Christum,
930 5223 1156 5288 propriis
1187 5222 1395 5273 vocibus
1428 5221 1481 5272 iu
1515 5236 1576 5275 ea
1620 5220 1859 5287 Epistula
1900 5238 2061 5291 quant

490 5292 657 5358 ipsius
687 5291 896 5344 nomine
935 5291 1128 5356 absque
1156 5292 1498 5357 ambiguitate
1527 5291 1721 5343 claruit
1755 5305 1887 5351 esse,
1924 5292 2049 5344 desi.

490 5372 615 5429 gnat
644 5377 663 5415 :
690 5362 743 5415 in
784 5377 887 5429 qua
918 5360 987 5413 ad
1019 5376 1106 5413 eos
1133 5362 1221 5427 qui
1250 5361 1306 5413 in
1339 5361 1662 5426 dispersione
1685 5369 1832 5421 sunt,
1858 5362 2062 5422 scribit;

490 5432 609 5482 sine
633 5431 795 5483 dubio
840 5430 1112 5483 llebrwos.
1151 5429 1261 5497 Ipsi
1304 5432 1490 5483 etenim
1526 5430 1749 5496 dispersi
1795 5430 2063 5493 dicuntur,

493 5510 744 5569 tanquam
782 5502 1008 5569 propriis
1036 5501 1264 5569 sedibus
1293 5501 1453 5566 pulsi.
1501 5508 1549 5553 et
1584 5501 1740 5569 positi
1767 5499 1824 5553 in
1864 5500 2064 5567 disper-

493 5568 642 5622 sione
669 5578 724 5621 tu
751 5569 856 5633 ipse
879 5567 982 5633 ait,
1019 5568 1199 5632 l’onti,
1222 5567 1472 5633 Galatiw,
1499 5567 1607 5623 etc.

558 5636 673 5708 (45)
703 5639 970 5708 Κρίσκης
992 5638 1109 5708 μὲν
1137 5639 1238 5693 ἐπὶ
1263 5639 1370 5704 τὰς
1392 5640 1682 5706 Γαλλίας.
1715 5637 1885 5696 Lucus
1909 5638 2059 5694 Pauli

494 5706 676 5763 exstat
720 5706 774 5760 in
823 5706 1121 5776 posteriore
1156 5708 1395 5777 Epistula
1442 5711 1507 5765 ad
1555 5708 1922 5777 Timotheum,
1964 5710 2054 5764 ubi

495 5777 659 5835 bodie
686 5777 902 5849 quidem
932 5778 1128 5849 legitur
1142 5779 1393 5849 Κρίσκης
1418 5781 1497 5845 εἰς
1513 5779 1800 5835 Γαλατίαν.
1830 5779 1935 5836 Sed
1962 5794 2055 5835 ve-

2164 4937 2472 5007 dentur'ei;
2502 4937 2750 4997 Γαλλίαν.
2790 4941 2855 4995 Et
2898 4940 2979 4993 sic
3002 4938 3349 4993 scribendum
3381 4950 3506 4990 esse
3531 4937 3754 5007 inEpi-

2165 5015 2300 5070 stula
2327 5006 2500 5075 Pauli.
2534 5012 2813 5067 contendit
2842 5009 3174 5079 Epiphanius
3214 5007 3268 5060 in
3316 5007 3512 5060 luet-esi
3545 5006 3754 5077 Διοκο-

2165 5100 2310 5151 rum,
2359 5098 2584 5137 numero
2627 5082 2714 5151 ll.
2763 5078 2984 5134 Eusebii
3026 5078 3357 5151 scripturam
3395 5087 3626 5151 secutus
3662 5087 3754 5133 est

2168 5145 2527 5224 Hieronymus
2558 5153 2611 5205 in
2642 5147 3458 5224 Catatogozejusqueinterpres
3479 5145 3756 5224 _Suphr_oo

2168 5226 2290 5278 nius
2313 5215 2491 5278 et'alii
2520 5215 2871 5276 recentiores.
2900 5215 3095 5273 Verior
3117 5226 3294 5269 tamen
3319 5223 3407 5267 est
3442 5215 3624 5269 altera
3671 5216 3756 5270 le-

2162 5294 2271 5348 utio
2299 5296 2379 5357 εἰς
2410 5292 2509 5363 τὴν
2547 5290 2841 5353 Γαλατίαν,
2863 5286 3361 5363 _qtr_ant__eunlirn3at
3383 5284 3750 5363 Clemens-in

2166 5353 2635 5417 Constitutionibus
2670 5353 2992 5426 apostolicis.
3025 5353 3389 5426 Theodoritus
3417 5355 3472 5408 in
3504 5354 3628 5408 loco
3653 5354 3751 5426 illo

2168 5432 2228 5485 B.
2286 5433 2434 5487 Pauli
2482 5431 2608 5498 legit
2663 5424 2880 5498 quidem
2925 5425 3215 5498 Γαλατίαν,
3268 5424 3362 5477 sed
3410 5438 3486 5498 eu_
3523 5425 3750 5477 nomine

2166 5493 2818 5575 galliasaitsi'gnitieari,
2833 5499 3054 5575 adquas
3084 5495 3283 5575 missus
3301 5493 3746 5575 erat'tlrcsceus.

2164 5573 2324 5642 Certe
2350 5571 2489 5642 Galli
2522 5561 2875 5642 Crescentem
2904 5561 3019 5642 sibi
3066 5564 3367 5642 vindicant,
3403 5561 3750 5642 Xientteuses

2162 5654 2217 5696 ct
2244 5640 2558 5709 Moguntini.
2601 5639 2735 5695 Vide
2762 5638 3043 5697 Serarittm
3073 5635 3130 5693 in
3171 5634 3266 5691 lib.
3307 5646 3350 5689 tt
3395 5632 3747 5704 Moguntinov

2158 5729 2273 5767 runt
2302 5712 2696 5782 antiquitatum.
