3894 6480
1241 344 1509 421 EUsEBu
1547 296 2032 403 CESARIENSIS
2069 343 2082 394 ι

2187 343 2221 394 ⁵.
2262 339 2441 397 PARS
2479 337 2523 395 ι.
2559 337 3042 396 —BISTORICA.

3659 338 3760 397 εει

501 482 627 540 qua:
656 465 823 523 totius
848 464 1031 537 gentis
1056 470 1343 534 eaputest,
1370 469 1428 517 et
1454 459 1705 516 universa
1732 453 1918 512 Iudaea
1944 455 2081 511 viris

2187 450 2287 506 ἀπὸ
2319 452 2417 523 τῆς
2449 450 2801 525 Ἰερουσαλὴμ
2834 448 3280 522 μετῳκιτμένων,
3308 447 3456 504 ὡσὰν
3489 452 3757 520 παντελῶς

505 558 718 615 sanctis
748 557 1027 621 destituta,
1061 563 1172 610 tum
1212 552 1426 608 demum
1470 549 1656 605 divina
1689 548 1814 603 illos
1851 545 1988 601 ultio
2016 544 2089 600 ob

504 658 585 704 tot
609 648 847 705 admissa
876 656 986 703 tum
1016 645 1071 701 in
1095 643 1397 706 Christum,
1437 649 1549 696 tum
1581 640 1635 695 in
1668 638 1785 710 ejus
1812 635 2089 706 apostolos

503 738 712 795 scelera
746 734 1030 807 corripuit,
1057 742 1333 802 totamque
1356 729 1502 786 illam
1528 729 1818 800 impiorum
1843 727 2086 785 sobolem

501 827 753 886 funditus
771 827 987 884 delevit.
1034 823 1103 879 Et
1144 829 1278 894 quot
1325 816 1543 892 quidem
1585 832 1914 892 quantasque
1959 829 2088 876 tunc

504 920 847 976 calamitates
887 918 1157 973 universae
1203 915 1352 986 genti
1393 914 1593 983 ubique
1620 913 1952 984 contigerint
1983 929 1999 967 :
2032 922 2089 969 et

501 1011 776 1083 quomodo
839 1008 895 1064 hi
950 1008 1225 1078 priecipue
1285 1007 1380 1077 qui
1444 1002 1686 1061 Iudaeam
1737 1004 2084 1071 incolebant,

502 1101 760 1158 extremis
815 1098 1062 1154 cladibus
1114 1095 1363 1165 oppressi
1413 1098 1560 1162 sint;
1613 1106 1751 1165 quot
1803 1095 2084 1150 hominum

503 1193 670 1248 millia
699 1205 822 1246 cum
851 1189 1036 1261 pueris
1064 1187 1232 1242 simul
1263 1202 1330 1241 ac.
1365 1186 1581 1242 feminis
1603 1185 1752 1243 ferro
1775 1195 1829 1241 et
1860 1185 2003 1244 fame
2030 1197 2087 1241 et

500 1283 765 1355 cujusque
791 1282 934 1339 modi
981 1282 1175 1338 mortis
1208 1279 1501 1351 generibus
1549 1278 1908 1334 occubueriut
1938 1296 1953 1332 :
1992 1295 2085 1335 nr-

500 1377 649 1430 bium
677 1383 944 1445 prteterea
969 1372 1328 1430 Iudaicarum
1377 1377 1516 1440 quot
1558 1368 1856 1439 qualesque
1884 1368 2086 1424 iuerint

498 1468 938 1539 oppugnationes
966 1489 979 1523 :
1013 1474 1150 1537 quot
1177 1478 1450 1535 quamque
1488 1461 1827 1519 incredibilia
1851 1461 1992 1516 mala
2029 1462 2081 1519 lii

498 1561 593 1629 qui
625 1560 1002 1631 Hierosolyma
1036 1568 1293 1627 tanquam
1333 1558 1389 1611 in
1424 1555 1843 1611 munitissimam
1893 1555 2081 1610 urbem

499 1666 562 1706 se
593 1657 943 1721 receperant,
1001 1648 1178 1705 oculis
1222 1649 1336 1703 suis
1372 1646 1715 1715 aspexerint;
1779 1644 1903 1713 quis
1956 1644 2080 1699 belli

503 1742 673 1799 totius
709 1740 868 1807 ordo,
895 1739 1019 1812 quis
1045 1738 1382 1810 singularum
1415 1752 1596 1792 rerum
1623 1735 1791 1792 fuerit
1817 1744 2077 1801 eventus;

500 1835 737 1906 denique
797 1832 1258 1905 quemadmodum
1326 1831 1662 1887 abominatio
1729 1828 2080 1885 desolationis

497 1942 660 1998 quam
683 1926 959 1999 prophetae
988 1927 1371 1996 praedixerant,
1404 1924 1457 1979 in
1484 1925 1601 1994 ipso
1631 1923 1902 1992 quondam
1936 1921 2081 1986 cele-

500 2018 743 2074 berrimo
803 2018 899 2073 Dei
969 2017 1172 2086 templo
1238 2016 1538 2073 constituta
1608 2014 1701 2078 sit,
1774 2022 1901 2066 tunc
1958 2026 2082 2067 cum

500 2111 839 2167 destructum
890 2108 1134 2165 funditus
1177 2116 1342 2178 atque
1387 2104 1642 2162 incendio
1700 2112 2081 2172 consumptum

499 2209 587 2256 est
627 2196 985 2269 {cuicunque
1049 2199 1306 2264 libuerit,
1376 2197 1539 2252 facile
1591 2205 1676 2252 est
1734 2210 1800 2250 ex
1860 2193 2080 2263 Iosephi

504 2293 750 2349 Historia
797 2302 1056 2350 accurate
1100 2306 1453 2362 cognoscere.
1507 2289 1749 2358 Qualiter
1779 2302 1909 2344 vero
1943 2287 2083 2342 idem

490 2388 735 2458 scriptor
783 2401 960 2458 usque
1002 2386 1072 2442 ad
1119 2386 1309 2442 tricies
1342 2393 1575 2442 centena
1609 2384 1885 2438 hominum
1917 2381 2082 2436 millia

497 2480 591 2551 qui
646 2495 715 2536 ex
771 2481 1024 2536 universa
1076 2477 1264 2535 Iudaea
1311 2478 1381 2533 ad
1435 2478 1578 2532 diem
1612 2475 1808 2532 festum
1863 2473 2085 2529 Pascha:

498 2574 901 2642 conﬂuxerant,
963 2571 1358 2644 Hierosolymis
1419 2579 1678 2640 tanquam
1745 2568 1798 2622 in
1860 2580 2085 2622 carcere

497 2666 707 2722 inclusa
738 2665 909 2722 fuisse
939 2671 1354 2729 commemorat,
1382 2675 1560 2732 operte
1591 2659 1823 2729 pretium
1849 2665 1935 2712 est
1955 2670 2084 2726 pro-

497 2759 626 2815 latis
653 2758 826 2829 ipsius
850 2756 1033 2813 verbis
1065 2757 1380 2812 ostendere.
1441 2752 1653 2827 Quippe
1687 2765 1899 2820 arquum
1942 2758 2082 2814 erat,

498 2860 563 2906 ut
592 2851 796 2922 quibus
825 2850 1021 2905 diebus
1049 2848 1341 2919 benignum
1367 2846 1611 2902 omnium
1653 2843 2005 2900 Servatorem
2032 2852 2086 2897 et

494 2942 778 2999 Christum
808 2940 899 2996 Dei
918 2939 1103 2997 Iesum
1136 2951 1313 2994 morte
1340 2937 1662 3001 affecerant,
1687 2935 1878 2991 iisdem
1897 2948 2086 2989 omnes

495 3033 650 3091 Velut
680 3033 734 3089 in
763 3047 932 3088 unum
971 3046 1249 3087 carcerem
1277 3030 1521 3086 contrusi
1548 3073 1562 3095 ,
1609 3044 1638 3082 a
1663 3027 1841 3081 divina
1869 3027 2081 3097 justiiia

2190 542 2608 598 ἐπιλελοιπότων
2639 541 2812 612 ἁγίων
2842 541 3050 614 ἀνδρῶν
3079 541 3248 614 αὐτήν
3277 559 3339 596 τε
3364 542 3463 614 τὴν
3503 543 3761 601 Ἰουδαίων

2192 636 2478 708 βασιλικὴν
2514 634 2849 708 μητρόπολιν
2888 635 2984 688 καὶ
3036 634 3331 706 σύμπασαν
3369 634 3468 706 τὴν
3506 636 3762 693 Ἰουδαίαν

2189 730 2313 801 γῆν,
2348 730 2381 801 ἡ
2414 731 2479 784 ὲκ
2510 728 2645 783 Θεοῦ
2683 727 2809 799 δίκη
2841 726 3027 781 λοιπὸν
3065 728 3263 792 αὐτοὺς
3288 728 3382 783 au
3426 727 3662 784 τοσαῦτα
3690 731 3766 796 εἷς

2186 836 2248 874 τε
2292 819 2383 874 τὸν
2422 820 2657 893 Χριστὸν
2708 819 2803 873 καὶ
2846 819 2974 886 τοὺς
3019 819 3349 883 ἀποστόλους
3391 820 3556 874 αὐτοῦ
3593 840 3768 895 παρη-

2188 912 2496 983 νομηκότας
2544 911 2766 984 μετῄει,
2811 911 2922 966 τῶν
2972 911 3185 967 ἀσεϐῶν
3234 912 3402 985 ἀρδην
3444 911 3545 985 τὴν
3581 912 3766 982 γενεὰν

2188 1003 2360 1077 αῦτὴν
2403 1006 2618 1078 ἐκείνην
2644 1006 2705 1073 es
2745 1004 3049 1077 ἀνθρώπων
3098 1006 3453 1077 ἀφανίζουσα.
3483 1007 3625 1060 Ὅσα
3673 1005 3767 1077 μὲν

2187 1094 2283 1153 οῦν
2307 1097 2562 1169 τηνικάδε
2593 1097 2735 1153 κατά
2769 1097 2947 1153 πάντα
2974 1098 3135 1153 τόπον
3172 1098 3279 1169 ὅλῳ
3306 1098 3385 1170 τῷ
3412 1097 3556 1153 ἔθνει
3583 1101 3768 1169 συνερ-

2188 1188 2293 1260 ρύη
2326 1188 2493 1252 κακὰ,
2521 1189 2670 1252 ὅπως
2707 1206 2765 1242 τε
2798 1185 2866 1244 αὖ
2904 1188 3138 1261 μάλιστα
3171 1190 3220 1243 οἱ
3264 1190 3363 1261 τῆς
3396 1188 3653 1254 Ἰουδαίας
3691 1191 3767 1242 ol-

2186 1284 2416 1354 κήτορες
2443 1282 2524 1345 εἰς
2569 1280 2798 1352 ἔσχατον
2849 1281 3258 1354 περιηλάθησαν
3296 1282 3612 1355 συμφορῶν,
3654 1285 3772 1338 ὁπό-

2187 1389 2279 1427 σαι
2312 1389 2371 1426 τε
2414 1372 2675 1444 μυριάδες
2702 1372 2902 1445 ἡϐηδὸν
2927 1372 3172 1442 γυναιξὶν
3201 1374 3317 1446 ἅμα
3344 1375 3440 1430 καὶ
3481 1377 3660 1441 παισὶ,
3693 1376 3773 1443 ξί-

2186 1482 2276 1534 φει
2327 1466 2424 1519 καὶ
2462 1464 2607 1537 λιμῷ
2646 1466 2743 1520 καὶ
2781 1466 2997 1537 μυρίοις
3042 1465 3224 1529 ἄλλοις
3283 1466 3771 1537 περιπεπτώκασιν

2185 1558 2350 1613 εἴδεσι
2378 1557 2630 1623 θανάτου,
2655 1557 2866 1613 πόλεών
2890 1576 2950 1612 τε
2983 1558 3287 1614 Ἰουδαϊκῶν
3317 1560 3439 1612 ὅσαι
3460 1576 3519 1612 τε
3544 1560 3640 1613 καὶ
3662 1553 3772 1613 οἷαι

2185 1650 2443 1721 γεγόνασι
2492 1650 2826 1723 πολιορκίαι,
2865 1651 3001 1706 ἀλλά
3035 1653 3131 1707 καὶ
3174 1652 3345 1707 ὁπόσα
3390 1655 3441 1706 οἱ
3485 1655 3573 1707 ἐπ’
3604 1652 3773 1726 αὐτὴν

2184 1744 2283 1815 τὴν
2333 1741 2691 1827 Ἰερουσαλὴμ
2731 1742 2878 1797 iam
2929 1743 3022 1796 ἐπὶ
3062 1742 3391 1814 μητρόπολιν
3422 1744 3773 1814 ὀχυρωτάτην

2114 1809 2154 1865 Β
2186 1809 2682 1904 καταπεξρευγότεξ,
2710 1834 2860 1887 δεινά
2887 1836 2984 1888 καὶ
3001 1809 3141 1907 πέρα
3158 1809 3343 1889 δεινῶν
3362 1809 3662 1906 ἑωράκασι,
3679 1809 3772 1889 τοῦ

2183 1945 2243 1981 τε
2261 1926 2465 1990 παντὸς
2479 1925 2716 1997 πολέμου
2735 1924 2826 1979 τὸν
2839 1926 3062 1997 τρόπον,
3087 1927 3179 1980 καὶ
3209 1925 3317 1980 τῶν
3350 1927 3410 1981 ὲν
3423 1926 3600 1998 τούτῳ
3617 1944 3774 1996 γεγε-

2183 2018 2433 2091 νημένων
2464 2021 2522 2073 ὲν
2558 2018 2715 2090 μέρει
2735 2018 2972 2082 ἕκαστα,
3002 2018 3097 2071 καὶ
3141 2017 3219 2081 ὡς
3248 2017 3340 2071 ἐπὶ
3355 2018 3500 2071 τέλει
3546 2017 3607 2072 τὸ
3640 2018 3775 2090 πρὸς

2183 2110 2291 2165 τῶν
2335 2108 2632 2181 προφητῶν
2680 2109 3118 2181 ἀνηγορευμένον
3168 2109 3445 2180 βδέλυγμα
3493 2110 3594 2180 τῆς
3641 2113 3775 2182 ὲρη.

2188 2200 2439 2271 μώσεως,
2478 2201 2538 2253 ὲν
2566 2199 2717 2270 αὐτῷ
2758 2199 2994 2270 κατέστη
3026 2200 3102 2270 τῷ
3138 2199 3302 2253 πάλαι
3330 2198 3424 2253 τοῦ
3450 2199 3590 2254 Θεοῦ
3627 2216 3778 2272 περιοι

2184 2290 2361 2362 ϐοήτῳ
2393 2290 2519 2362 νεῷ,
2552 2291 2786 2363 παντελῆ
2820 2290 3025 2363 φθορὰν
3064 2291 3159 2345 καὶ
3200 2291 3508 2363 ἀφανισμὸν
3546 2291 3777 2363 ἔσχατον

2181 2382 2275 2438 τὸν
2302 2382 2391 2436 διά
2426 2382 2600 2455 πυρὸς
2641 2384 3019 2455 ὑπομείναντι,
3052 2384 3315 2456 πάρεστιν
3354 2384 3462 2455 ὅτῳ
3498 2383 3655 2453 φίλον
3688 2386 3775 2440 ἐπ’

2136 2546 2141 2552 ,
2183 2473 2409 2546 ἀκριϐὲς
2443 2475 2508 2528 ὲκ
2540 2475 2640 2545 τῆς
2668 2474 2748 2547 τῷ
2781 2475 3030 2547 Ἰωσήπῳ
3057 2474 3361 2548 γραφείσης
3408 2475 3776 2542 ἀναλέξασθαι

2198 2565 2479 2637 Ἱστορίας.
2522 2566 2611 2629 Ὠς
2642 2565 2699 2619 δὲ
2724 2565 2886 2629 αὐτὸς
2918 2559 3073 2629 οὗτος
3099 2564 3207 2619 τῶν
3235 2565 3638 2637 ἀθροισθέντων
3671 2568 3777 2621 ἀπὸ

2181 2659 2281 2727 τῆς
2334 2656 2593 2721 Ἰουδαίας
2638 2658 2858 2728 ἀπάσης
2901 2657 2959 2711 ὲν
3005 2657 3244 2729 ἡμέραις
3287 2658 3387 2729 τῆς
3438 2657 3535 2712 τοῦ
3582 2652 3777 2731 Πάσχα

2184 2750 2395 2821 ἑορτῆς,
2432 2748 2623 2820 ὥσπερ
2663 2750 2722 2802 ὲν
2756 2749 2977 2821 εἱρκτῇ,
3008 2750 3247 2821 ῥήμασιν
3279 2750 3482 2814 αὐτοῖς,
3520 2751 3780 2805 ἀποκλει-

2185 2841 2377 2912 σθῆναι
2441 2841 2521 2905 εἰς
2579 2840 2649 2895 τὰ
2694 2842 3042 2913 Ἰεροσόλυμα
3097 2842 3240 2912 ἀμφὶ
3287 2842 3612 2914 τριακοσίας
3676 2862 3778 2913 μυο

2185 2932 2375 3004 ριάδας
2401 2931 2463 2985 τὸ
2488 2931 2695 3002 πλῆθος
2720 2935 2940 3004 ἱστορεῖ,
2965 2934 3261 3003 ἀναγκαῖον
3289 2935 3775 3008 ὐποσημήνασθαι.

2181 3022 2338 3094 Χρῆν
2374 3023 2505 3092 γοῦν
2553 3024 2701 3095 (48),
2753 3025 2811 3078 ὲν
2848 3022 2937 3089 αἶς
2984 3025 3218 3099 ἡμέραις
3262 3025 3353 3078 τὸν
3392 3025 3613 3083 πάντων
3660 3028 3774 3082 Σω-

494 3126 721 3182 sceleris
758 3125 841 3181 sui
879 3137 1096 3195 poenam
1144 3122 1480 3192 exciperent.
1537 3120 1728 3186 Porro,
1759 3119 1981 3174 omissis
2015 3119 2082 3173 iis

2187 3113 2327 3185 τῆρα
2375 3114 2469 3168 καὶ
2512 3114 2808 3187 εὐεργέτην
2839 3114 2930 3169 τὸν
2976 3117 3208 3188 Χριστὸν
3252 3116 3344 3169 τὸν
3386 3118 3483 3171 τοῦ
3524 3117 3665 3172 Θεοῦ
3709 3119 3778 3173 τὰ

487 3216 655 3275 malis
707 3229 1047 3287 quaecunque
1118 3213 1195 3268 illi
1249 3221 1345 3268 aut
1400 3213 1548 3268 ferro
1599 3220 1694 3267 aut
1743 3210 1849 3266 alio
1885 3209 2081 3280 quovis

495 3322 699 3381 genere
747 3307 1063 3378 singillatim
1119 3305 1363 3377 perpessi
1427 3313 1595 3371 sunt,
1660 3318 1755 3359 eas
1812 3304 2082 3356 duntaxat

496 3396 836 3451 calamitates
864 3394 1370 3451 commemorandas
1409 3406 1569 3464 puto,
1611 3408 1748 3463 quas
1782 3393 1898 3446 dira
1933 3391 2079 3447 fame

497 3484 742 3557 Oppressi
792 3484 1134 3555 pertulerunt
1188 3484 1299 3555 76
1325 3501 1341 3538 :
1371 3493 1432 3538 ut
1476 3483 1563 3538 vel
1605 3499 1669 3538 ex
1716 3483 1803 3539 his
1846 3483 2080 3538 lectores

498 3576 674 3632 nostri
738 3576 925 3647 Operis
970 3576 1312 3647 intelligant,
1365 3590 1474 3644 quo
1525 3584 1684 3644 pacto
1743 3574 1965 3628 admissi
2025 3574 2077 3627 in

498 3667 783 3724 Christum
837 3667 934 3724 Dei
991 3666 1192 3737 piaculi
1244 3681 1435 3736 pmnas
1494 3666 1561 3720 ab
1618 3664 1725 3720 illis
1773 3679 1877 3719 non
1926 3665 2082 3735 longe

497 3769 684 3830 postea
722 3760 943 3814 coaleste
975 3756 1184 3813 Numen
1214 3756 1461 3826 expetiit.

2187 3206 2330 3261 κατά
2361 3206 2422 3260 τὸ
2452 3206 2626 3271 πάθος
2659 3207 3044 3273 διατέθεινται,
3091 3211 3211 3274 ταῖς
3242 3211 3430 3275 αὐταῖς
3479 3210 3671 3286 ὥσπερ
3720 3214 3778 3269 ἐν

2187 3298 2376 3370 εἱρκτῇ
2409 3297 2917 3365 κατακλεισθέντας,
2952 3299 3042 3353 τὸν
3084 3300 3405 3371 μετελθόντα
3436 3302 3637 3368 αὐτοὺς
3665 3305 3780 3359 ὄλε-

2188 3390 2315 3463 θρον
2350 3390 2487 3462 πρὸς
2524 3393 2626 3462 τῆς
2658 3391 2807 3456 θείας
2841 3392 2995 3461 δίκης
3033 3392 3440 3458 καταδέξασθαι.
3480 3394 3780 3467 Παρελθὼν

2186 3482 2251 3555 δὴ
2288 3481 2359 3536 τὰ
2382 3482 2491 3536 τῶν
2531 3483 2590 3535 ἐν
2630 3483 2784 3555 μέρει
2831 3483 3252 3555 συμϐεϐηκότων
3296 3487 3501 3552 αὐτοῖς,
3549 3488 3652 3542 ὅσα
3691 3489 3780 3544 διὰ

2188 3574 2378 3643 ξίφους
2409 3574 2503 3628 καὶ
2542 3573 2689 3645 ἄλλῳ
2731 3592 2808 3645 τῳ
2839 3575 3025 3646 τρόπῳ
3067 3577 3187 3629 κατ’
3225 3575 3404 3629 αὐτῶν
3451 3579 3781 3653 ἐγκεχείρης

2187 3682 2310 3732 ται,
2364 3665 2531 3737 μόνας
2576 3666 2676 3729 τὰς
2713 3665 2802 3719 διὰ
2851 3665 2945 3720 τοῦ
2993 3666 3153 3736 λιμοῦ
3194 3667 3488 3736 ἀναγκαῖον
3533 3669 3780 3743 ἠγοῦμαι

2186 3756 2471 3827 συμφορὰς
2508 3755 2877 3827 παραθέσθαι,
2922 3757 2998 3821 ὡς
3041 3757 3106 3811 ἂν
3144 3759 3208 3811 ἐκ
3256 3757 3457 3830 μέρους
3502 3758 3682 3831 ἔχοιεν
3729 3764 3779 3817 οἱ

498 3854 630 3926 τῇδε
664 3856 730 3925 τῇ
765 3855 951 3925 γραφῇ
994 3853 1411 3923 ἐντυγχάνοντες
1456 3852 1674 3916 εἰδέναι,
1703 3852 1851 3916 ὅπως
1890 3852 2087 3915 αὐτοὺς
2139 3852 2237 3924 τῆς
2290 3855 2370 3917 είς
2418 3853 2509 3906 τὸν
2570 3852 2805 3926 Χριστὸν
2848 3853 2942 3907 τοῦ
2993 3853 3125 3908 Θεοῦ
3168 3857 3514 3929 παρανομίας
3545 3859 3646 3913 οὐκ
3694 3862 3779 3926 εἰς

506 3947 717 4019 μακρὸν
745 3949 779 4019 ἡ
809 3949 875 4000 ὲκ
900 3946 1034 4001 Θεοῦ
1069 3946 1297 4018 μετῆλθε
1329 3948 1589 4017 τιμωρία.

1107 4056 1334 4114 CAPUT
1393 4055 1478 4114 νι.

790 4151 865 4206 De
907 4152 1047 4223 fume
1093 4167 1213 4222 quae
1257 4148 1475 4206 Iudaeos
1519 4151 1795 4220 oppressit.

579 4310 814 4382 Agedum
859 4325 1011 4379 ergo,
1070 4322 1284 4380 sumpto
1338 4310 1539 4368 iterum
1580 4310 1771 4380 quinto
1814 4311 2083 4367 Historia-

503 4419 622 4458 rum
648 4400 871 4471 Iosephi
905 4402 1070 4468 libro,
1100 4403 1402 4458 luctuosam
1437 4402 1512 4458 rei
1555 4412 1718 4474 gesta:
1759 4404 2078 4475 tragmdiam

505 4496 821 4552 recitemus.
858 4512 877 4547 ι
920 4493 1219 4549 Ditioribus
1254 4495 1474 4564 quidem
1501 4534 1517 4560 ,
1570 4509 1792 4550 manere
1855 4495 2079 4564 perinde

2716 4055 3105 4110 ΚΕΦΑΑΑΙΟΝ
3147 4058 3234 4122 ς’.

2183 4146 2326 4215 Περὶ
2354 4148 2459 4202 τοῦ
2488 4147 2815 4216 πιέσαντος
2870 4149 3093 4285 evincite
3144 4149 3321 4218 λιμοῦ
3360 4150 3500 4217 (Nic.
3569 4152 3644 4208 11.
3704 4154 3776 4213 Ε.

2821 4236 2903 4283 ιιι,
2954 4248 2965 4271 ι
3001 4261 3014 4273 .

2821 4236 2903 4283 ιιι,
2935 4236 3014 4283 ιι).

2257 4307 2392 4382 Φέρε
2424 4308 2488 4381 δὴ
2528 4308 2620 4365 οὖν
2647 4311 2755 4365 τῶν
2798 4312 3069 4385 Ἱστοριῶν
3094 4313 3194 4381 τὴν
3225 4314 3482 4385 πέμπτην
3529 4316 3623 4370 τοῦ
3662 4319 3780 4371 Ἰω-

2189 4398 2361 4469 σήπου
2414 4402 2550 4471 μετά
2584 4405 2774 4474 χεῖρας
2802 4401 2955 4468 αὖθις
2983 4405 3288 4472 ἀναλαϐὼν,
3324 4407 3434 4462 τῶν
3478 4410 3602 4464 τότε
3628 4429 3780 4483 πρα-

2185 4490 2419 4561 χθέντων
2460 4492 2633 4549 δίελθε
2660 4497 2759 4567 τὴν
2796 4497 3129 4569 τραγῳδίαν·
3171 4518 3189 4550 ι
3219 4500 3343 4564 Τοῖς
3368 4517 3432 4569 γε
3466 4502 3574 4573 μὴν
3610 4504 3784 4560 εὐπό-

503 4587 799 4643 exitiosum
841 4595 982 4642 erat.
1019 4584 1152 4640 Nam
1209 4593 1429 4655 propter
1453 4585 1673 4641 divitias
1724 4585 2078 4649 necabantur,

2189 4599 2331 4654 ροις,
2375 4585 2528 4655 φησὶ,
2575 4587 2759 4640 καὶτὸ
2808 4588 2988 4658 μένειν
3024 4588 3160 4661 πρὸς
3198 4591 3476 4657 ἀπωλείας
3519 4596 3636 4650 τσον
3682 4593 3779 4668 ἦν.

504 4677 659 4747 quasi
711 4676 1055 4748 transfugere
1096 4676 1164 4729 ad
1216 4676 1399 4730 hostes
1444 4676 1758 4731 voluissent.
1809 4676 2079 4731 Cmternm

507 4767 670 4822 simul
698 4783 821 4825 cum
861 4768 1043 4840 inopia
1072 4768 1355 4824 cresceba:
1377 4768 1427 4822 in
1467 4768 1579 4822 dies
1611 4767 1767 4821 furor
1796 4768 2082 4823 seditioso-

503 4942 603 5015 rir,
632 4943 837 5000 Christi
866 4944 1158 5015 discipulos
1189 4945 1255 5000 ab
1292 4944 1481 5015 angelo
1516 4945 1842 5015 admonitos,
1876 4946 2075 5001 Pellam

507 5014 773 5087 migrasse
805 5014 1030 5069 scribit:
1059 5027 1248 5087 postea
1273 5014 1401 5069 vero
1419 5033 1541 5070 cum
1570 5014 1874 5087 Hadrianus
1891 5015 2081 5071 Hiero.

504 5087 713 5156 solyina
739 5084 1113 5156 iiistaurasset,
1152 5098 1207 5142 et
1234 5104 1298 5142 ex
1333 5101 1431 5140 suo
1462 5088 1678 5139 nomine
1716 5084 1915 5141 Ellam
1937 5087 2081 5141 colu-

507 5154 656 5209 tria—iu
689 5154 1035 5225 appellasset.
1065 5173 1129 5212 eo
1155 5171 1399 5211 reversos
1420 5171 1562 5211 esse.
1601 5157 1786 5211 Porro
1813 5172 1935 5211 cum
1970 5157 2083 5211 Ett-

505 5227 689 5281 si-bius
713 5226 916 5281 nullum
954 5225 1111 5294 hujus
1134 5228 1211 5282 rei
1232 5229 1365 5283 citet
1409 5235 1706 5290 auctorem,
1736 5228 1869 5280 satis
1910 5243 2082 5296 appa-

505 5308 589 5369 ret
619 5296 766 5369 illum
795 5314 861 5352 ex
887 5307 1128 5369 veterum
1164 5299 1452 5369 traditione
1489 5298 1591 5369 ista
1620 5297 1924 5369 scripsisse,
1957 5312 2079 5352 cum

505 5365 707 5436 alioqui
737 5367 851 5436 ipse
888 5368 1100 5422 vicinus
1131 5378 1274 5422 esset
1304 5369 1370 5423 iis
1399 5367 1555 5423 locis.

576 5435 883 5508 (48)»Xpﬁr
928 5437 1097 5508 γοῦν.
1138 5439 1278 5508 Ante
1339 5441 1450 5493 haec
1488 5440 1651 5493 verba
1699 5436 2083 5508 Cliristupl:o_r-

504 5516 673 5579 sonus
697 5506 873 5579 locum
903 5506 1170 5574 integrum
1199 5506 1419 5579 Iosephi
1456 5509 1683 5563 inseruit
1716 5524 1781 5563 ex
1800 5507 1891 5563 lib.
1925 5522 1974 5561 vt
2002 5506 2083 5562 De

509 5574 646 5626 bello
682 5572 935 5648 Iudaico,
975 5572 1164 5632 contra
1195 5572 1355 5634 fidem
1393 5580 1889 5648 manuscriptorum
1931 5580 2080 5631 codi-

510 5654 747 5715 cmu,__et
768 5646 972 5715 absque
1002 5648 1107 5701 ulla
1149 5650 1490 5705 necessitate.
1524 5646 1688 5705 Certe
1718 5662 1817 5703 nec
1856 5646 2082 5702 liulinns

510 5710 1187 5797 neanicnephurusdll-um
1232 5718 1456 5797 Iosephi
1502 5719 1677 5797 locum
1713 5719 2079 5797 inseruerunt,

510 5796 568 5837 et
611 5781 872 5841 Eusebius
921 5786 1052 5843 satis
1087 5788 1272 5846 habuit
1316 5781 1470 5848 illum
1516 5790 1779 5859 indicare,
1830 5796 1884 5846 et
1919 5787 2082 5846 verba

2190 4675 2466 4746 Προφάσει
2511 4677 2621 4749 γὰρ
2666 4679 2993 4750 αὐτομολίας
3034 4682 3286 4753 ἀνῃρεῖτό
3314 4702 3398 4748 τις
3424 4684 3514 4739 διὰ
3550 4689 3649 4759 τὴν
3681 4693 3782 4745 οὐ-

2190 4770 2330 4822 σίαν.
2364 4769 2453 4841 Τῷ
2496 4769 2638 4842 λιμῷ
2669 4771 2725 4824 δὲ
2764 4774 2796 4843 ἡ
2832 4772 3058 4827 ἀπόνοια
3088 4774 3195 4827 τῶν
3252 4778 3595 4833 στασιαστῶν
3647 4798 3783 4836 συνο

2184 4945 2449 5022 quaidqu
2465 4961 2527 4999 ex
2581 4961 2663 5022 eu_
2691 4947 3039 5022 depromere,
3083 4958 3137 4999 nt
3179 4956 3309 5022 sunt
3346 4947 3663 5022 ἱΙΙτιῶσπερ
3717 4954 3781 5005 ὲν

2183 5017 2394 5087 εἱρκτῇ.
2415 5016 2544 5087 Qua:
2574 5017 2791 5087 quidem
2820 5016 3043 5084 ipsamet
3082 5017 3242 5071 verba
3276 5018 3496 5085 .luscphi
3536 5016 3662 5074 esse
3691 5036 3777 5075 sa-

2186 5085 2255 5164 tis
2286 5085 2544 5164 iudicavit
2597 5085 2856 5164 [Eusebius
2898 5102 3021 5164 cuiu
3066 5088 3233 5164 dixit:
3265 5089 3475 5164 Ὠσπερ
3493 5091 3553 5142 ὲν
3575 5092 3777 5164 εί-ρκτῇ

2185 5156 2427 5231 ῥήμασιν
2478 5157 2662 5231 αὐτοῖς
2694 5155 3119 5231 ἀπκλεισθῆναι
3169 5159 3355 5231 εἰςτά
3418 5150 3781 5231 Ἱεροσόλυμᾶ

2182 5226 2325 5301 ἀμφὶ
2371 5227 2693 5301 τριακοσίας
2752 5226 3026 5301 μυριάδας
3065 5227 3129 5301 τὸ
3174 5227 3380 5301 πλῆθος
3418 5226 3652 5301 κίστορεῖ.
3699 5226 3781 5287 ’1η

2184 5297 2416 5371 vulgatis
2447 5298 2776 5351 editionihus
2802 5297 3026 5371 deerant
3063 5298 3149 5371 lue
3173 5297 3349 5371 voces
3364 5297 3615 5371 ῥήμασιν
3676 5305 3783 5357 αὒ-

2183 5368 2317 5429 τοῖς,
2352 5380 2488 5434 quas
2524 5382 2622 5421 nos
2657 5382 2725 5421 ex
2764 5369 2997 5423 vetustis
3033 5368 3310 5424 codicibus
3333 5368 3496 5434 Mai,
3537 5370 3687 5426 Med.
3720 5382 3779 5427 et

2188 5435 2325 5489 Fnk.
2378 5436 2766 5508 suppleiimus.
2821 5438 3045 5493 Easdem
3080 5440 3252 5508 etiam_
3300 5454 3462 5494 voces
3506 5442 3687 5508 reperi
3724 5443 3780 5496 iu

2188 5451 2325 5489 ruri.
2378 5451 2766 5558 surpieinnus.
2821 5451 3045 5493 easdem
3080 5451 3242 5493 etiam
3300 5454 3462 5494 voces
3506 5451 3687 5508 reperi
3724 5451 3780 5496 iu

2187 5508 2374 5578 codice
2458 5507 2646 5578 legio,
2691 5522 2851 5578 qqu
2884 5522 3014 5578 usus
3076 5519 3160 5562 est
3222 5506 3358 5564 Rob.
3434 5508 3781 5578 Stephanus.

2187 5576 2288 5647 Qui
2348 5575 2594 5645 profecto
2646 5575 2808 5632 nimis
2840 5576 3066 5632 indulsit
3112 5580 3443 5647 conjectum
3472 5575 3609 5643 sua},
3638 5581 3782 5633 dum

2190 5643 2291 5699 has
2350 5643 2526 5702 voces
2573 5648 2839 5715 espunxit
2887 5647 3035 5711 hinc,
3095 5657 3153 5702 et
3193 5643 3353 5715 paulo
3412 5647 3552 5702 infra
3605 5651 3783 5705 resti—

2189 5715 2319 5790 tuit,
2383 5717 2487 5771 hoc
2542 5720 2702 5790 modo
2734 5732 2752 5769 :
2817 5718 3114 5790 ἀναγκαῖον
3289 5719 3559 5790 ῥήμασινξ
3585 5718 3786 5790 αὐτοῖς

2190 5785 2644 5858 ὑποσημήνασθαι
2660 5826 2674 5854 ,
2698 5796 2888 5844 contra
2910 5785 3320 5845 lidemomuiurii
3346 5785 3595 5860 exempla
3606 5788 3779 5848 rium.
