3894 6488
108 372 189 428 Εἰδ

1077 376 1431 435 HISTORIA}
1472 374 2038 436 ECULESIASTICE
2077 378 2207 435 LIB.
2249 379 2341 436 111.

3256 389 3365 448 εει

107 488 300 564 ίιιιμαζε,
319 490 413 545 καὶ
453 492 586 546 καθ’
613 495 838 566 ἡμέραν
873 498 1156 571 ἀμφότερα
1184 497 1581 573 προσεξενάπο
1612 500 1675 556 τά

1786 515 1928 567 rum,
1959 511 2013 556 et
2043 511 2338 572 utrumque
2367 500 2570 558 malum
2605 506 2780 575 magis
2812 519 2877 563 ac
2918 507 3092 579 magis
3122 511 3365 580 quotidie

106 584 237 637 δεινά.
261 582 496 654 Φανερὸς
538 584 651 655 μέν
689 604 760 656 γε
799 588 1035 661 οὐδαμοῦ
1083 594 1226 655 σῖτος
1278 588 1369 663 ἧν,
1410 591 1678 663 ἐπεισπη-

103 675 260 739 δῶντες
300 675 357 728 δὲ
399 675 727 747 διηρεύνων
787 680 888 745 τάς
930 682 1125 746 οἰκίας.
1176 682 1388 736 Ἔπειθ’
1423 683 1677 755 εὑρόντες

108 766 201 838 μὲν,
220 764 288 829 ὡς
314 767 755 838 ἀρνησαμένους
782 770 1052 842 ᾐκίζοντο·
1087 773 1160 844 μὴ
1203 773 1456 846 εὑρόντες
1486 773 1566 837 δὲ,
1599 774 1677 837 ὡς

104 855 482 928 ἐπιμελέστερον
561 861 897 931 κρύψαντας
962 864 1299 931 ἐϐασάνιζον.
1365 867 1675 939 Τεκμήριον

106 947 146 1000 δὲ
173 946 252 1001 τοῦ
288 949 335 1000 τ’
365 947 513 1018 ἔχειν
558 952 669 1004 καὶ
706 953 806 1024 μὴ,
853 955 922 1009 τά
952 955 1179 1027 σώματα
1211 956 1319 1009 τῶν
1349 956 1550 1010 ἀθλίων
1580 953 1669 1028 ἦν.

105 1033 178 1093 Ἦν
209 1040 252 1092 oi
291 1040 385 1110 μὲν
432 1040 519 1093 ἔτι
575 1045 957 1111 συνεστῶτες,
1007 1047 1253 1119 εὐπορεῖν
1298 1048 1507 1119 τροφῆς
1561 1049 1675 1101 ἐδό-

102 1150 217 1194 κων,
249 1134 295 1184 ei
337 1133 649 1205 τηκόμενοι
691 1136 753 1190 δὲ
794 1138 928 1209 ἤδη,
975 1138 1354 1210 παρωδεύοντο
1387 1139 1532 1211 (49),
1577 1139 1673 1193 καὶ

104 1225 288 1280 κτείνειν
338 1224 541 1294 ἄλογον
613 1227 805 1282 ἐδόκει
869 1229 998 1293 τοὺς
1058 1231 1149 1284 ὑπ’
1206 1229 1413 1293 ἐνδείας
1477 1230 1671 1303 τεθνη⁶

105 1317 312 1387 ξιμένονς
382 1316 619 1375 αὐτίκα.
700 1321 897 1375 Πολλοὶ
927 1322 984 1375 δὲ
1039 1322 1213 1394 λάθρα
1284 1323 1383 1385 τὰς
1450 1323 1673 1395 κτήσεις

103 1409 190 1470 ἐνίας
216 1407 765 1479 ἀντικατηλλάξαντο
806 1412 1028 1484 μέτρου,
1062 1413 1250 1487 πυρῶν
1286 1414 1404 1484 μὲν,
1435 1415 1483 1466 εί
1511 1411 1675 1465 πλου-

102 1497 299 1568 σιώτεροι
335 1500 681 1570 τυγχάνοιεν
711 1501 888 1568 ὅντες,
915 1505 964 1556 oi
991 1503 1047 1557 δὲ
1085 1504 1420 1577 πενέστεροι,
1454 1503 1668 1575 κριθῆς.

103 1596 287 1651 Ἔπειτα
337 1594 791 1660 κατακλείοντες
840 1597 1064 1662 ἑαυτοὺς
1112 1600 1192 1663 είς
1243 1599 1311 1653 τὰ
1366 1602 1672 1673 μυχαίτατα

1780 590 2218 659 ingravescebat.
2267 590 2336 646 Et
2376 590 2553 661 palam
2599 594 2820 664 quidem
2875 596 3083 653 nullum
3131 598 3185 653 in
3232 598 3365 655 urbe

1778 679 2105 736 frumentum
2133 694 2271 737 erat.
2301 681 2411 738 Sed
2441 685 2685 742 seditiosi
2725 689 3000 749 irruentes
3044 691 3097 745 in
3144 692 3362 757 domos,

1776 773 1960 827 omnia
1991 774 2377 830 scrutabantur
2402 789 2420 832 :
2448 784 2503 831 et
2527 776 2576 833 si
2606 779 2735 849 quid
2777 764 3136 851 reperissent,
3164 783 3362 838 :rdium

1776 863 2052 927 dominos,
2087 873 2275 934 utpote
2303 866 2399 935 qui
2431 865 2765 924 frumentum
2816 886 2876 926 se
2911 870 3120 927 habere
3168 887 3365 943 negas-

1779 962 1924 1020 sent,
1971 956 2271 1010 crudeliter
2303 957 2692 1014 verberabant.
2730 961 2888 1026 Quod
2939 962 2987 1015 si
3020 960 3166 1016 forte
3227 960 3364 1016 nihil

1776 1045 2121 1114 invenerant,
2140 1048 2296 1117 quasi
2316 1047 2632 1118 diligentius
2659 1051 3048 1119 occultassent,
3078 1055 3363 1111 tormentis

1774 1138 2186 1193 excruciabant.
2220 1137 2390 1195 Porro
2422 1155 2489 1195 an
2523 1142 2673 1197 cibos
2723 1142 3010 1209 haberent,
3041 1158 3230 1208 necne,
3273 1145 3364 1198 in-

1775 1229 1920 1282 dicio
1969 1238 2130 1284 erant
2166 1244 2396 1301 corpora
2428 1233 2779 1288 miserorum.
2836 1233 2973 1288 Nam
3031 1237 3122 1304 qui
3182 1235 3362 1292 adhuc

1777 1318 1935 1372 flrtna
1993 1329 2153 1374 crant
2203 1322 2544 1388 valetudine,
2597 1338 2692 1378 eos
2752 1325 3137 1382 alimentorum
3198 1328 3357 1397 copia

1774 1408 2056 1464 abundare
2085 1409 2402 1465 censebant.
2432 1411 2532 1478 Qui
2575 1427 2704 1466 vero
2730 1412 2843 1482 jam
2878 1415 3361 1482 contabescerent.

1774 1513 1869 1554 eos
1913 1500 2111 1555 missos
2155 1499 2449 1556 faciebant.
2513 1500 2725 1572 Quippe
2773 1520 2803 1557 a
2865 1506 3076 1560 ratione
3121 1506 3361 1563 alienum

1775 1590 2092 1656 videbatur,
2131 1593 2384 1648 homines
2424 1594 2764 1665 jamjamque
2815 1610 2928 1664 prae
2979 1597 3160 1651 inedia
3203 1599 3365 1654 mori-

100 1688 178 1742 τῶν
203 1690 395 1754 οίκιῶν,
423 1690 583 1754 τινὲς
626 1689 735 1760 μὲν
764 1691 857 1743 ὑπ’
879 1691 1053 1762 ἄκρας
1082 1692 1305 1758 ἐνδείας,
1338 1695 1672 1767 ἀνέργαστον

1779 1693 1950 1748 turus,
1988 1682 2135 1738 ferro
2168 1683 2500 1740 interficere.
2523 1686 2688 1757 ,Multi
2721 1702 2854 1743 vero
2893 1689 3032 1744 clam
3068 1690 3360 1747 facultates

100 1779 164 1831 τὸν
189 1783 317 1834 σῖτον
344 1780 566 1853 ἢσθιον,
602 1782 662 1834 oi
696 1781 758 1834 δὲ
793 1780 1043 1846 ἔπεσσον,
1068 1782 1144 1847 ὠς
1175 1784 1209 1855 ἦ
1238 1802 1297 1838 τε
1329 1786 1543 1859 ἀνάγκη
1577 1790 1670 1841 καὶ

1779 1791 1905 1832 suas
1955 1791 2064 1829 uno
2105 1774 2360 1831 frumenti
2411 1779 2660 1847 quidem,
2696 1780 2741 1835 si
2775 1781 2974 1836 divites
3033 1792 3241 1847 essent,
3273 1784 3360 1839 sin

98 1872 258 1938 τὸδέος
284 1873 548 1945 παρῄνει.
596 1871 722 1926 Καὶ
770 1872 1019 1945 τράπεζα
1055 1874 1155 1945 μὲν
1199 1852 1457 1948 οὐδαμοῦ-
1495 1852 1669 1952 παρε-

1779 1881 2063 1935 pauperes,
2119 1866 2310 1922 hordei
2369 1868 2549 1922 modio
2590 1870 2993 1939 permutabanl.
3053 1872 3259 1928 Deinde
3305 1875 3359 1928 in

97 1964 250 2031 τίθετο,
283 1963 377 2018 τοῦ
427 1964 494 2017 δὲ
532 1964 730 2036 πυρὸς
781 1964 1101 2034 ἐφέλκοντες
1144 1966 1277 2039 (50),
1314 1967 1388 2021 ἔτ’
1427 1968 1557 2041 ὼμά
1602 1970 1670 2025 τά

97 2058 207 2110 σιτία
232 2055 561 2128 διήρπαζον.
598 2055 853 2128 Ἐλεεινὴ
878 2055 921 2109 δ’
942 2051 1010 2128 ἦν
1040 2059 1073 2129 ἡ
1098 2059 1273 2129 τροφὴ
1300 2061 1394 2114 καὶ
1418 2061 1669 2134 δακρύων

95 2148 262 2217 ﬁngi)
303 2148 419 2212 θέα,
452 2148 582 2202 τῶν
616 2147 722 2218 μὲν
763 2147 1150 2219 δυνατωτέρων
1181 2150 1666 2218 πλεονεκτούντων,

97 2242 173 2295 tt}:
198 2241 246 2295 δὲ
271 2240 521 2295 ἀσθενῶν
561 2240 938 2314 ὀδυρομένων.
979 2241 1203 2295 Πάντων
1248 2244 1344 2313 μὲν
1373 2243 1439 2315 δὴ
1481 2245 1669 2300 παθῶν

98 2334 404 2404 ὑπερίσταται
458 2332 671 2403 λιμός’
728 2332 887 2385 οὐδὲν
932 2332 978 2386 δ’
1026 2332 1199 2397 οὕτως
1248 2335 1541 2390 ἀπόλλυσιν
1594 2338 1670 2402 ὡς

96 2428 296 2481 αἰδῶ.Ίῦ
321 2426 433 2500 γάρ
464 2426 662 2491 ἄλλως
696 2426 967 2497 ἐντροπῆς
1001 2426 1169 2494 ἄξιον,
1210 2429 1265 2481 ἐν
1299 2428 1472 2499 τούτῳ
1505 2447 1672 2483 κατα-

96 2518 344 2586 φρονεῖται.
384 2517 676 2580 Γυναῖκες
716 2516 852 2585 γοῦν
879 2515 1107 2589 ἀνδρῶν,
1144 2517 1238 2569 καὶ
1273 2517 1461 2581 παῖδες
1506 2518 1670 2572 πατέ-

96 2625 192 2678 ρων,
214 2608 299 2663 καὶ
328 2608 389 2661 τὸ
421 2608 829 2678 οἰκτρότατον,
867 2609 1099 2680 μητέρες
1129 2610 1338 2681 νηπίων
1363 2610 1669 2681 ἐξήρπαζον

95 2700 138 2763 ἑξ
169 2701 327 2754 αὐτῶν
355 2701 473 2754 τῶν
511 2700 822 2772 στομάτων
868 2700 967 2765 τάς
997 2701 1219 2774 τροφάς.
1252 2702 1359 2755 Καὶ
1397 2702 1505 2755 τῶν
1549 2702 1671 2773 φιλ-

94 2790 230 2846 τάτων
248 2791 302 2844 ὲν
328 2790 495 2863 χερσὶ
530 2789 990 2862 μαραινομένων,
1012 2791 1112 2844 οὐκ
1140 2787 1208 2862 ἦν
1231 2791 1396 2862 φειδὼ
1419 2793 1547 2856 τοὺς
1574 2792 1667 2846 τοῦ

96 2877 168 2948 ζῇν
214 2880 510 2949 ἀφελέσθαι
562 2880 947 2951 σταλαγμούς.
995 2881 1233 2935 Τοιαῦτα
1277 2882 1333 2936 δὲ
1373 2882 1666 2949 ἐσθίοντες,

96 2969 210 3040 ὅμως
236 2972 292 3025 οὐ
322 2973 715 3028 διελάνθανον.
766 2972 1051 3044 Πανταχοῦ
1089 2973 1135 3026 δ’
1159 2969 1251 3027 οὖν
1291 2975 1578 3044 ἐφίσταντο
1618 2977 1668 3027 οἱ

97 3065 372 3118 στασιασταὶ
408 3064 515 3118 καὶ
558 3063 785 3118 τούτων
831 3066 952 3127 ταῖς
983 3065 1284 3136 ἁρπαγαῖς.
1333 3065 1525 3119 Ὁπότε
1559 3066 1679 3139 γὰρ

1772 1959 1993 2013 intimos
2022 1958 2219 2012 aedium
2266 1974 2520 2016 recessus
2580 1975 2703 2015 sese
2753 1960 3056 2028 abdentes,
3116 1965 3357 2019 nonnulli

1772 2051 1989 2122 quidem
2021 2049 2185 2107 famis
2220 2052 2411 2107 ultima
2444 2054 2775 2109 necessitate
2805 2054 2981 2110 adacti
3009 2054 3193 2127 fruges
3219 2071 3358 2112 non-

1772 2143 1900 2197 dum
1928 2142 2143 2199 molitus
2165 2131 2554 2211 conredébant;
2592 2144 2682 2199 alii
2719 2160 2849 2201 vero
2878 2162 3073 2217 panem
3104 2149 3362 2205 conficie-

1771 2234 1921 2299 bant,
1956 2244 2219 2303 quantum
2263 2238 2564 2290 necessitas
2614 2245 2899 2306 metusque
2952 2238 3240 2293 suadebat.
3288 2239 3359 2294 Et

1772 2341 1955 2379 mensa
2014 2327 2233 2395 quidem
2297 2326 2487 2381 nullibi
2537 2329 2950 2395 apponebatnr:
2991 2329 3086 2383 sed
3151 2331 3361 2386 crudos

1770 2419 1945 2474 adhuc
1973 2420 2125 2475 cibos
2166 2435 2234 2475 ex
2286 2420 2411 2489 igne
2442 2421 2827 2476 abstrahentcs
2873 2422 3073 2493 singuli
3127 2424 3362 2495 diripie-

1772 2510 1922 2565 bant.
1958 2510 2289 2567 Miserahilis
2321 2527 2486 2582 porro
2512 2522 2635 2567 erat
2678 2512 2939 2569 alimonia
2970 2553 2984 2579 ,
3021 2514 3360 2585 dignumque

1771 2604 2029 2676 lacrytnis
2081 2604 2452 2675 spectaculum
2487 2621 2504 2661 :
2539 2620 2660 2661 cum
2722 2606 3061 2662 valentiores
3137 2608 3356 2678 quidem

1771 2705 1967 2751 cuncta
1995 2696 2374 2765 prmripercnt,
2416 2695 2751 2752 infirmiores
2795 2711 2927 2752 vero
2981 2697 3154 2752 vicem
3201 2710 3356 2752 suam

1772 2787 2042 2842 dolerent.
2075 2786 2282 2843 Omnes
2311 2787 2529 2856 quidem
2557 2789 2725 2843 animi
2761 2787 2988 2845 affectus
3017 2788 3174 2859 longe
3197 2800 3361 2858 supe-

1761 2866 1858 2935 ‘m
1889 2881 2062 2935 fames
2096 2897 2109 2934 :
2136 2881 2341 2936 nullum
2375 2891 2555 2936 tamen
2581 2896 2734 2952 aeque
2758 2885 2959 2938 evertit
2992 2897 3056 2938 ac
3081 2896 3352 2937 verecun-

1771 2973 1943 3027 diam.
2010 2973 2143 3027 Nam
2177 2972 2436 3043 quidquid
2486 2973 2620 3028 alias
2665 2979 2872 3028 honore
2916 2973 3137 3043 dignum
3171 2983 3257 3028 est
3293 2988 3360 3029 ac

1770 3065 2104 3129 reverentia,
2132 3066 2185 3119 in
2215 3066 2373 3121 famis
2401 3066 2727 3120 necessitate
2755 3067 3147 3120 contemnitur.
3182 3066 3353 3119 Deni-

96 3154 316 3209 κατίδοιεν
345 3155 883 3228 ἀποκεκλεισμένην
909 3157 1106 3221 οἰκίαν,
1137 3161 1360 3227 σημεῖον
1389 3154 1458 3230 ἦν
1485 3159 1664 3224 τοῦτο,

1779 3172 1875 3226 que
1899 3171 2096 3212 uxores
2120 3156 2274 3222 viris,
2309 3156 2411 3210 lilii
2429 3156 2783 3227 parentibus,
2840 3164 2895 3210 et
2938 3158 3081 3226 quod
3109 3156 3355 3211 omnium

96 3247 189 3311 τώς
222 3249 360 3304 ἔνδον
410 3246 850 3321 προσφέρεσθαι
891 3250 1117 3319 τροφήν.
1162 3248 1380 3315 Εὐθέως
1417 3249 1474 3304 δὲ
1519 3251 1669 3304 εἱσα-

1779 3249 2010 3302 maxime
2037 3247 2348 3303 miserabile
2378 3256 2515 3311 erat,
2564 3255 2770 3303 matres
2819 3246 3120 3301 infantibus
3166 3248 3353 3302 cibum

98 3338 312 3411 ρᾶξαντες
340 3343 445 3407 τὰς
487 3342 677 3415 θύρας
726 3340 868 3412 (51),
898 3342 1198 3413 εἰσεπήδων
1229 3343 1321 3396 καὶ
1372 3342 1532 3413 μόνον
1566 3344 1669 3397 οὐκ

99 3431 144 3483 ἑκ
176 3433 268 3487 τῶν
310 3435 626 3507 φαρύγγων
682 3431 1068 3497 ἀναθλίϐοντες
1119 3434 1246 3498 τοὺς
1285 3435 1513 3499 ἀκόλους
1541 3434 1668 3488 ἀνέ-

101 3537 240 3593 φερον.
273 3524 612 3579 Ἐτύπτοντο
655 3523 721 3576 δὲ
750 3522 1008 3593 γέροντες
1047 3524 1396 3593 ἀντεχόμενοι
1440 3525 1546 3577 τῶν
1590 3541 1670 3577 σι-

98 3611 211 3675 τίων,
246 3614 335 3667 καὶ
374 3614 569 3685 κόμης
636 3611 1061 3682 ἐσπαράσσοντο
1122 3614 1409 3679 γυναῖκες,
1460 3630 1668 3682 συγκα-

100 3697 345 3757 λύπτουσαι
378 3704 453 3757 τὰ
497 3707 561 3757 ὲν
593 3700 832 3774 χερσίνέ
865 3700 986 3754 οὐδέ
1012 3718 1097 3766 τις
1131 3697 1201 3773 ἦν
1235 3700 1416 3768 οἶκτος
1456 3705 1667 3768 πολιᾶς,

102 3790 353 3863 ἦνητίων,
395 3796 545 3850 ἀλλά
596 3794 1026 3866 συνεπαίροντες
1071 3794 1139 3848 τὰ
1184 3795 1353 3867 νήπια
1403 3796 1516 3868 (52)
1562 3797 1672 3851 τῶν

103 3880 263 3953 ᾦωμῶν
306 3886 759 3959 ἐκκρεμάμενα,
817 3885 1093 3939 κατέσειον
1152 3887 1233 3949 είς
1294 3886 1516 3956 ἔδαφος,
1559 3888 1672 3950 τοῖς

102 3973 371 4045 δὲφθάσασι
412 3979 522 4050 τὴν
560 3975 870 4047 εἰσδρομὴν
896 3976 1073 4030 αὐτῶν
1106 3976 1197 4031 καὶ
1238 3977 1673 4049 προκαταπιοῦσι

104 4065 646 4140 τδάρπαγησόμενον,
693 4066 775 4129 ὡς
820 4065 1167 4137 ἀδικηθέντες
1207 4063 1346 4140 ἦσαν
1382 4069 1671 4140 ὠμότεροι.

102 4157 248 4221 Δεινάς
271 4160 325 4212 δὲ
351 4160 624 4231 βασάνων
660 4156 820 4221 ὁδοὺς
847 4159 1102 4212 ἐπενόουν
1132 4159 1268 4231 πρὸς
1305 4159 1532 4232 ἔρευναν
1557 4177 1678 4233 τρο-

106 4246 200 4315 Ῡῆςν
230 4250 438 4321 ὄρὸδοις
472 4251 586 4322 μὲν
617 4249 1035 4320 ἐμφράττοντες
1063 4252 1175 4312 τοῖς
1210 4250 1414 4314 ἀθλίοις
1442 4252 1552 4305 τῶν
1592 4254 1677 4305 ati-

104 4337 367 4407 ὼίωντοὺς
399 4339 659 4416 πόρους,
698 4340 920 4413 ῥάϐδοις
963 4342 1019 4395 δὲ
1046 4341 1248 4408 ὀξείαις
1289 4345 1676 4418 ἀναπείροντες

104 4428 176 4493 τὶς
193 4432 357 4504 ἕδρας.
401 4434 493 4488 Τά
545 4434 763 4505 φρικτά
793 4433 851 4486 δὲ
883 4434 977 4487 καὶ
1006 4435 1196 4499 ἀκοαῖς
1239 4435 1443 4506 ἔπασχέ
1475 4453 1558 4501 τις
1596 4437 1677 4499 είς

1770 3356 1834 3394 ex
1869 3340 1976 3410 77
2001 3339 2117 3409 ipso
2145 3354 2241 3394 ore
2273 3338 2585 3408 rapiebant.
2616 3339 2684 3393 Et
2707 3337 3178 3394 marcescentibus
3208 3340 3359 3394 inter

1769 3433 1994 3489 brachia
2026 3432 2236 3496 liberis,
2280 3431 2482 3487 vitales
2516 3431 2675 3488 lactis
2719 3442 2904 3503 guttas
2957 3432 3200 3486 adimere
3246 3446 3354 3486 non

1771 3525 2011 3595 pigebat.
2079 3524 2398 3595 llnjusmodi
2456 3524 2612 3579 cibos
2654 3524 2781 3579 dum
2833 3532 3096 3593 caperent
3126 3561 3142 3588 ,
3185 3521 3359 3577 latere

1774 3625 1953 3670 tamen
1980 3630 2084 3669 non
2117 3622 2389 3685 poterant.
2419 3613 2553 3669 Nam
2585 3615 2789 3684 ubique
2813 3615 3203 3675 seditiosorum
3242 3628 3359 3668 ma-

1774 3722 1898 3770 nus,
1929 3707 2124 3777 prteda:
2155 3707 2381 3763 istorum
2418 3722 2495 3762 .ae
2541 3707 2746 3778 rapinis
2781 3705 3358 3776 imminebatzqnippe

1775 3800 1829 3853 hi
1860 3799 2031 3853 sicubi
2067 3798 2308 3854 clausam
2353 3799 2579 3855 domum
2626 3806 3056 3869 conspexerant,
3113 3812 3210 3854 eos
3262 3796 3358 3867 qui

1775 3892 1924 3946 intus
1955 3899 2179 3958 essent,
2212 3891 2394 3946 cibum
2435 3906 2656 3946 sumere
2699 3891 2806 3945 hoe
2861 3890 3066 3946 indicio
3112 3889 3361 3960 suspica-

1774 3983 2010 4044 bantur,
2061 3982 2358 4054 Statimque
2401 3982 2644 4039 ell'ractis
2673 3981 2885 4039 foribus
2930 3983 3253 4048 irruebant,
3304 3988 3362 4035 et

1775 4090 1941 4145 prepe
1999 4092 2065 4130 ex
2120 4076 2250 4145 ipsis
2296 4075 2544 4131 faucibus
2595 4090 2858 4143 expressa
2897 4076 3142 4129 ciborum
3185 4073 3359 4128 frusta

1777 4167 2126 4222 revocabant.
2165 4166 2508 4238 Vapulabant
2535 4181 2695 4222 senes
2726 4167 2818 4236 qui
2847 4180 3028 4221 escam
3052 4181 3088 4219 re
3110 4163 3362 4219 manibus

1779 4256 2049 4311 dimittere
2073 4254 2352 4311 nolebant.
2384 4255 2636 4311 Mulieres
2668 4270 2892 4325 quoque
2921 4254 3262 4310 occultantes
3291 4266 3357 4307 ea

1778 4363 1898 4417 qua:
1925 4348 1978 4401 in
2006 4347 2256 4402 manibus
2286 4347 2578 4411 habebant.
2611 4347 2816 4417 sparsis
2860 4345 3107 4401 crinibus
3153 4353 3339 4413 rapta-

1779 4441 2000 4494 bantur.
2045 4439 2202 4494 Nulla
2248 4454 2535 4503 canorum,
2589 4437 2732 4492 nulla
2768 4436 3011 4492 infantiae
3069 4436 3352 4491 miseratio

109 4519 450 4599 {ismara
480 4524 618 4589 ἑνὸς
642 4524 816 4597 ἄρτου
853 4525 946 4579 καὶ
974 4526 1062 4579 ἵνα
1099 4526 1315 4604 μηνύσῃ
1341 4527 1519 4599 δράκα
1552 4528 1675 4599 μίαν

1788 4538 1952 4586 erat:
1981 4531 2076 4586 sed
2138 4539 2322 4598 raptos
2368 4528 2422 4583 in
2473 4528 2705 4584 sublime
2746 4528 3002 4599 parvulos
3044 4540 3166 4580 cum
3227 4525 3359 4595 ipsis

109 4621 451 4693 κεκρυμμένην
505 4618 789 4689 ἀλφίτων.
825 4619 888 4671 Ol
924 4618 1245 4688 βασανισταὶ
1286 4619 1330 4673 δ’
1376 4621 1480 4673 οὐκ
1522 4620 1676 4673 tmt-

108 4719 205 4769 νων,
245 4712 335 4765 καὶ
363 4712 483 4784 γὰρ
510 4710 589 4765 ἂν
615 4706 786 4783 ἧττον
831 4708 980 4781 ὠμὸν
1025 4706 1092 4783 ἦν
1132 4711 1194 4764 τὸ
1228 4712 1359 4782 per“
1390 4712 1637 4784 ἀνάγκης
1662 4753 1676 4778 ,

162 4888 253 4960 (l9)
283 4892 462 4959 Ἤδη.
486 4904 497 4913 ‘
517 4889 971 4959 παρωδεύοντο.
1000 4888 1169 4943 Prava
1198 4890 1356 4959 huius
1381 4890 1484 4944 loci
1515 4890 1688 4945 inter—

113 4962 289 5032 punctio
312 4978 439 5032 qua:
474 4963 728 5017 habetur
758 4962 812 5013 in
841 4960 1081 5032 editione
1113 4960 1400 5032 Stephani,
1433 4961 1683 5032 Christo-

117 5027 402 5090 phorsontim
451 5032 513 5085 in
574 5044 827 5083 errorem
878 5030 1109 5083 induxit.
1162 5027 1323 5098 Atqui
1366 5031 1528 5085 facile
1568 5040 1688 5085 erat

117 5111 205 5172 {tam
248 5103 553 5172 restituere
602 5100 657 5152 in
702 5099 851 5152 hunc
895 5099 1147 5172 modum,
1197 5100 1248 5172 οζ
1293 5099 1594 5172 τηκόμενοι
1628 5100 1685 5153 δὲ

119 5162 210 5242 ἒβη,
233 5171 644 5242 παρωδεύοντο,
690 5168 1057 5242 ut__scribitur
1109 5162 1251 5237 apud
1292 5162 1684 5239 Nicephorum,

118 5244 156 5285 et
187 5238 229 5288 in
253 5236 436 5295 codice
460 5241 614 5294 Μαι.
653 5247 709 5291 et
736 5236 877 5292 Med.

126 5370 136 5381 ,
169 5305 262 5381 (ῥυ)
295 5311 406 5364 Τοῦ
429 5310 508 5364 δὲ
536 5308 737 5377 πυρὸς
761 5306 1139 5381 ἐφέλκοντες.
1173 5306 1692 5381 Nicephorushahet

122 5374 425 5450 ὑφέλκοντες.
503 5374 653 5450 Sed:
703 5374 958 5450 vulgum
989 5374 1151 5450 lectio
1190 5374 1399 5450 ‘tna'gis
1477 5380 1683 5449 placet,

122 5442 278 5519 gyippe
337 5464 462 5518 qua:
541 5442 867 5519 violentiam
935 5446 1097 5502 famis
1156 5442 1355 5504 clarius
1415 5442 1682 5519 designat.

122 5508 314 5582 Singuli,
354 5508 555 5589 inquit
611 5516 908 5585 Iosephus,
947 5519 1146 5589 crudos
1186 5520 1362 5575 adhuc
1405 5527 1462 5573 et
1510 5508 1682 5589 δ’ἐπιιὶ-

124 5594 269 5657 ςιξιιοδ
317 5586 477 5644 cibos
538 5589 609 5643 ad
662 5601 788 5641 sese
834 5586 1177 5642 attrahehant
1220 5603 1284 5641 ac
1329 5588 1681 5657 diripiebant.

123 5644 353 5728 “enim,
386 5658 715 5726 significant
765 5669 939 5728 voces
979 5657 1085 5728 illae
1145 5644 1466 5726 ἐφέλκοντες
1527 5658 1683 5728 διήρ-

126 5721 289 5797 ηζον.
325 5721 489 5793 Quo—tl
534 5738 725 5782 tamen
762 5732 868 5780 nec
909 5724 1141 5781 Ruﬁnus
1167 5721 1267 5783 nee
1298 5721 1687 5797 Christopho'r-

127 5799 257 5848 sonus
282 5796 706 5863 intellexerunt,
739 5805 800 5853 ut
830 5809 898 5852 ex
929 5797 1207 5868 utriusque
1239 5798 1487 5864 versione
1519 5796 1685 5869 appa-

1784 4621 1981 4690 quibus
2007 4622 2230 4690 penduli
2282 4621 2625 4676 inhaerebant
2669 4620 2950 4687 buccellis,
3009 4617 3124 4673 solo
3169 4616 3361 4672 aliide-

1786 4715 1941 4769 bant.
1999 4712 2056 4767 Si
2088 4714 2179 4783 qui
2211 4727 2342 4766 vero
2395 4713 2671 4768 incursum
2725 4726 2911 4767 eorum
2946 4709 3359 4780 prmvenissent,

1785 4897 1888 4944 ret.
1925 4888 2059 4943 Nam
2101 4888 2630 4956 Christophorsonns
2673 4885 2854 4952 vertit,
2886 4884 3045 4940 'aride
3078 4901 3168 4940 ore
3200 4885 3363 4956 rubri-

1783 4961 2010 5027 piabant,
2046 4961 2189 5026 quod
2220 4975 2250 5013 a
2299 4955 2478 5014 mente
2517 4959 2733 5025 .Insephi
2779 4956 2936 5027 longe
2971 4955 3364 5027 abest.,Signi-

1785 5029 2081 5083 licatenint
2123 5027 2414 5099 Josephus,
2459 5031 2683 5082 miseros
2714 5027 2833 5099 illus
2867 5026 3067 5099 cibaria
3112 5026 3212 5099 sibi
3238 5041 3361 5099 Inn-

1787 5109 1878 5153 tno
1904 5101 2169 5166 rapuisse.
2204 5095 2367 5165 idque
2416 5114 2483 5152 ex
2520 5098 2872 5166 sequentibus
2916 5095 3139 5166 Joscphi
3181 5095 3364 5166 verbis

1786 5162 2073 5222 manifeste
2125 5162 2489 5222 convincitur.
2554 5162 2610 5218 In
2665 5167 2851 5220 codice
2910 5162 3065 5219 tm:
3104 5173 3158 5218 et
3217 5162 3359 5217 Med.

1786 5237 1982 5362 Isi-gitlur
2041 5238 2393 5308 ἀφέλκοντες.
2439 5236 2529 5292 Sic
2583 5236 2748 5291 etiam
2802 5236 2856 5291 in
2919 5236 3074 5293 codd.
3121 5232 3253 5286 Fuk.
3303 5239 3360 5287 et

1829 5323 1909 5362 art
1940 5350 1955 5362 .

1829 5323 1955 5364 εινιι.

1855 5376 1964 5449 (51)
1998 5377 2444 5445 Εἰσαράξαντες
2482 5376 2589 5441 τὰς
2613 5377 2834 5449 θύρας.
2875 5374 2965 5429 Sic
2998 5372 3264 5449 Iosephus
3297 5383 3366 5427 ae

1782 5440 2119 5516 Nicep'ltorus
2139 5440 2163 5514 ;’
2184 5440 2254 5501 ita
2287 5440 2501 5517 quoque
2523 5440 2679 5500 codd.
2699 5440 2917 5500 'Mtlzar.
2949 5452 3002 5496 et
3034 5440 3193 5506 Fuk.,
3218 5441 3363 5517 bane

1784 5513 2072 5573 lectiunetn
2117 5513 2323 5572 omnes
2354 5513 2676 5585 interpretes
2728 5531 2835 5569 uno
2870 5528 3133 5585 consensu
3169 5513 3362 5585 secuti

1781 5597 1929 5641 sunt.
1969 5586 2024 5639 ln
2062 5586 2313 5641 Medicaeo
2345 5580 2731 5655 είσαράξαντες
2767 5585 3014 5640 habetur.
3039 5582 3205 5651 Editi,
3239 5580 3366 5649 ὲξά-

1786 5657 2109 5741 ραγεξςξᾲς
2133 5658 2373 5741 κεῖραςι.
2493 5737 2511 5741 -
3020 5732 3061 5741 ,,

1853 5728 1970 5799 (5‘2)
1998 5728 2074 5799 Td
2091 5720 2294 5799 νιῆπὶα.
2327 5723 2516 5799 Matius
2537 5723 2674 5797 apud
2700 5721 2990 5792 Josephum
3011 5732 3068 5782 et
3091 5720 3363 5793 Nicepho-

1783 5793 1902 5854 rttt'n
1937 5793 2135 5867 legitur
2162 5798 2231 5849 τὰ
2270 5793 2476 5850 παιδία.
