3894 6482
507 341 607 398 23!

510 551 681 606 fuere.
729 548 960 616 Quidam
1009 547 1153 602 enim
1185 561 1309 602 cum
1360 545 1696 600 festucarum
1749 545 2088 600 levissimum

507 643 717 712 pondus
749 640 1114 710 collegissent,
1151 648 1385 710 quatuor
1432 636 1631 692 Atticis
1664 638 1943 692 drachmis
1999 654 2090 692 ve-

511 734 864 790 numdabant.
915 733 1019 788 Sed
1056 733 1184 802 quid
1213 746 1347 802 opus
1371 741 1457 786 est
1497 730 1888 798 impudentiam
1929 739 2090 800 atque

510 826 910 895 improbitatem
937 825 1095 877 famis
1125 824 1178 877 in
1213 823 1375 877 rebus
1408 822 1725 876 iuanimatis
1757 821 2088 877 ostendere?

511 917 745 972 Facinus
793 917 1040 970 dicturus
1077 930 1232 979 sum,
1261 915 1570 984 cujusmodi
1609 928 1708 969 nec
1753 913 1892 984 apud
1938 914 2088 969 Grae-

515 1024 606 1063 cos
636 1024 734 1063 nec
797 1009 936 1077 apud
973 1007 1238 1062 barbaros
1266 1015 1476 1076 gestum
1517 1005 2075 1069 fuisse‘memoratur,

508 1107 562 1153 et
589 1101 731 1169 quod
767 1109 877 1152 tum
907 1099 1055 1153 dictu
1081 1099 1413 1152 horrendum
1441 1137 1458 1166 ,
1491 1107 1601 1153 tum
1635 1099 1823 1154 auditu
1859 1099 2091 1156 incredi~

507 1189 614 1243 bile
659 1189 948 1243 videbitur.
1001 1189 1186 1258 Itaque
1241 1189 1416 1243 libens
1464 1199 1614 1245 certe
1665 1191 2088 1246 acerbissimum

505 1280 648 1335 hunc
675 1295 862 1335 casum
893 1281 1114 1335 silentio
1150 1281 1533 1350 praeteriissem
1556 1322 1572 1348 ,
1606 1297 1673 1336 ne
1705 1284 1906 1350 posteri
1938 1282 2089 1337 fabu-

504 1371 584 1426 las
613 1387 676 1426 ac
708 1381 958 1442 portenta
993 1388 1078 1427 me
1112 1373 1259 1442 loqui
1289 1373 1626 1436 existiment,
1648 1374 1750 1428 nisi
1783 1389 1848 1429 ex
1883 1384 2084 1430 nostra:

503 1464 681 1518 anatis
711 1465 1026 1519 hominibus
1075 1473 1240 1519 testes
1279 1464 1538 1519 haberem
1577 1481 1744 1536 prope
1784 1466 2092 1520 innumera-

503 1556 662 1611 biles.
695 1557 964 1611 Caaterum
1011 1557 1128 1610 leve
1164 1571 1226 1610 ac
1275 1557 1528 1627 frigidum
1559 1559 1830 1626 quoddam
1855 1558 2085 1613 oﬂicinm

504 1649 696 1716 patria:
744 1657 1060 1716 prtestarem
1089 1687 1103 1712 ,
1151 1647 1197 1701 si
1235 1664 1354 1716 qua:
1392 1648 1532 1702 mala
1583 1665 1640 1703 re
1680 1649 1798 1719 ipsa
1834 1665 2086 1718 perpessa

503 1749 610 1805 est,
639 1740 887 1793 oratione
927 1739 1351 1794 dissimularem.
1401 1739 1595 1794 Mulier
1629 1743 1875 1809 quasdam
1913 1741 2081 1794 Maria

1215 336 1490 395 EUSEBII
1527 333 2012 394 CAESARIENSIS
2049 335 2200 392 OPP.
2242 335 2428 393 PARS
2465 339 2505 393 l.
2549 369 2616 379 -—
2657 337 3054 396 HlSTORlCA.

506 459 744 515 ciebant.
791 455 1078 514 Nonnullis
1119 465 1332 512 vetusta
1369 454 1498 512 freni
1552 457 1913 526 praesegmina
1963 457 2080 511 usui

2190 458 2367 529 εὑρεῖν
2411 457 2579 510 σιτίον
2631 456 2741 527 (60)

3670 341 3771 396 2ὖέ

2832 459 3012 520 ἄλλοις
3068 455 3290 532 ἐκοπία,
3353 454 3693 526 πανταχόθεν
3732 453 3776 512 δ’

2193 545 2395 616 ἄπορον
2434 540 2503 616 ἦν
2535 546 2636 616 ἤδη
2673 547 2767 599 καὶ
2803 544 2864 598 τὸ
2891 546 3089 616 εὑρεῖν,
3121 547 3149 598 ὁ
3176 544 3332 616 λιμὸς
3358 545 3413 598 δὲ
3451 544 3542 597 διὰ
3574 545 3776 616 σπλάγ-

2193 654 2333 706 χνων
2372 653 2430 689 τε
2465 638 2560 690 καὶ
2593 637 2804 707 μυελῶν
2835 636 3060 708 ἐχώρει,
3106 638 3198 690 καὶ
3241 637 3336 690 τοῦ
3378 635 3540 707 λιμοῦ
3585 637 3778 708 μᾶλλον

2192 727 2500 795 ἐξεκαίοντο
2535 731 2584 781 οί
2631 730 2814 800 Θυμοι,
2850 730 3150 801 σύμϐουλον
3191 729 3430 783 Λαϐοὖσα
3468 730 3570 800 τὴν
3615 731 3778 802 ὀργὴν

2195 818 2333 889 μετά
2363 819 2462 890 τῆς
2505 821 2774 890 ἀνάγκης,
2817 822 2909 874 ἐπὶ
2947 821 3046 892 τὴν
3090 821 3250 890 φύσιν
3295 819 3513 892 ἐχώρει.
3568 823 3679 874 Καὶ
3721 823 3778 877 τδ

2188 910 2400 975 τέκνον,
2441 907 2508 982 ἦν
2555 912 2599 964 δ’
2631 913 2766 983 αὐτῇ
2820 916 2950 975 παῖς
2989 913 3348 983 ὑπομάσθιος,
3392 914 3776 985 ἁρπασαμένη,

2197 1020 2216 1053 ‹
2248 1002 2476 1074 Βρέφος,
2509 998 2684 1065 εἶπεν,
2703 1003 2904 1069 ἄθλιον,
2926 1005 2982 1058 ἐν
3004 1005 3224 1076 πολέμῳ
3242 1007 3334 1059 καὶ
3350 1004 3496 1076 λιμῷ
3526 1005 3624 1059 καὶ
3658 1007 3779 1060 στά-

2193 1109 2294 1157 σει,
2330 1093 2434 1145 τίνι
2465 1109 2524 1144 σε
2566 1094 2747 1164 τηρῶ;
2781 1095 2849 1148 τά
2885 1095 2982 1164 μὲν
3023 1096 3172 1168 παρά
3208 1096 3528 1167 Ῥωμαίοις,
3571 1096 3778 1150 δουλεία

2192 1185 2297 1238 κᾶν
2325 1184 2580 1256 ζήσωμεν
2618 1187 2704 1237 ἐπ’
2731 1187 2914 1249 αὑτοῖς
2941 1186 3073 1256 (61),
3107 1187 3297 1257 φθάνει
3331 1188 3386 1241 δέ
3413 1189 3507 1240 καὶ
3539 1187 3777 1242 δουλείαν

2189 1276 2218 1328 ὁ
2247 1274 2425 1345 λιμὸς,
2455 1277 2504 1327 οἱ
2555 1276 2877 1329 στασιασταὶ
2923 1277 2977 1329 δὲ
3011 1278 3334 1348 ἀμφοτέρων
3380 1277 3773 1350 χαλεπώτεροι.

2194 1366 2326 1428 Ἴθι,
2359 1366 2516 1434 γενοῦ
2553 1386 2642 1438 μοι
2691 1369 2898 1442 τροφὴ,
2946 1369 3183 1432 καὶτοῖς
3235 1372 3588 1434 στασιασταῖς
3639 1373 3780 1442 ἐριν-

2188 1457 2282 1519 νῦς
2318 1456 2450 1527 (62),
2485 1457 2580 1522 καὶ
2610 1458 2687 1528 τῷ
2718 1457 2817 1528 βίῳ
2864 1457 3051 1527 μῦθος,
3091 1459 3119 1509 ὁ
3156 1458 3315 1528 μόνος
3361 1457 3630 1511 ἐλλείπων
3663 1461 3778 1522 ταῖς
3819 1439 3829 1460 ³

2202 1549 2466 1602 Ἰουδαίων
2502 1555 2824 1620 συμφοραῖς.
2850 1567 2869 1601 ι
2902 1552 3010 1604 Καὶ
3037 1549 3189 1604 ταῦθ’
3208 1550 3323 1620 ἅμα
3351 1551 3612 1618 λέγουσα,
3639 1551 3780 1604 κτεί-

2188 1657 2268 1692 νει
2301 1639 2390 1694 τὸν
2433 1641 2566 1694 υἱόν.
2605 1641 2814 1694 Ἔπειτ’
2857 1643 3174 1713 ὀπτήσασα,
3215 1640 3276 1693 τὺ
3315 1640 3414 1711 μὲν
3441 1642 3619 1712 ἣμισυ
3648 1659 3776 1696 κατ-

2191 1732 2387 1797 εσθίει,
2435 1731 2495 1785 τὸ
2539 1733 2596 1785 δὲ
2627 1733 2809 1787 λοιπον
2839 1733 3289 1803 κατακαλύψασα,
3329 1735 3651 1804 ἐφύλαττεν.
3681 1733 3781 1786 Εὑ-

505 1831 749 1896 nomine,
783 1830 1025 1884 Eleazari
1055 1830 1190 1894 lilia,
1215 1846 1282 1884 ex
1313 1832 1533 1897 regione
1554 1846 1674 1900 quae
1709 1841 1858 1886 trans
1887 1831 2080 1886 Jorda-

2190 1823 2319 1886 θέως
2349 1823 2393 1877 δ’
2429 1825 2477 1876 oi
2526 1827 2847 1877 στασιασταὶ
2896 1825 3182 1896 παρῆσαν,
3225 1827 3318 1880 καὶ
3364 1826 3465 1896 τῆς
3514 1825 3777 1895 ἀθεμίτου

505 1937 631 1976 nem
662 1922 765 1976 sita
806 1932 906 1981 est,
943 1923 1060 1975 vico
1092 1921 1386 1986 Bathezor,
1423 1938 1543 1991 qum
1577 1939 1678 1977 vox
1721 1924 1937 1993 hyssopi
1983 1924 2081 1979 do-

507 2028 652 2066 mum
689 2013 982 2082 signillcat,
1043 2027 1241 2082 genere
1268 2022 1430 2082 atque
1470 2013 1662 2083 opibus
1692 2014 1936 2078 illustris,
1962 2029 2082 2068 cum

506 2103 884 2174 Hierosolyma
934 2104 1300 2174 perfugisset,
1341 2121 1449 2158 una
1499 2120 1621 2158 cum
1665 2105 1872 2174 reliqua
1919 2106 2087 2158 homi-

508 2210 635 2249 num
665 2196 1012 2250 multitudine
1043 2197 1266 2252 obsessa
1294 2197 1604 2250 tenebatur.
1634 2195 1801 2265 llujus
1823 2195 2082 2264 reliquam

505 2301 723 2342 omnem
759 2287 1155 2357 supellectilem
1183 2327 1198 2353 ,
1248 2303 1412 2356 quam
1446 2287 1534 2340 illa
1567 2303 1632 2340 ex
1668 2288 1924 2342 ulteriore
1965 2287 2085 2342 Jor-

506 2378 661 2433 danis
695 2378 813 2448 ripa
863 2379 1062 2447 raptim
1113 2378 1400 2434 collectam
1431 2378 1485 2433 iu
1518 2379 1708 2433 urbem
1761 2378 2082 2444 advexerat,

501 2471 613 2542 jam
649 2471 868 2546 tyranni
920 2471 1279 2541 diripuerant.
1331 2468 1485 2540 lpsas
1534 2480 1714 2525 autem
1765 2486 2082 2540 magnarum

505 2575 668 2630 apum
688 2561 1046 2632 reliquias,et
1073 2561 1338 2631 quidquid
1386 2561 1630 2616 alimenti
1662 2562 1777 2630 ipsa
1821 2563 1920 2616 sibi
1951 2577 2086 2616 con-

505 2653 728 2720 quirere
759 2660 1013 2721 poterat,
1047 2653 1324 2707 irruentes
1355 2651 1602 2720 quotidie
1645 2652 1911 2708 satellites
1937 2652 2087 2708 aufe-

506 2747 721 2801 rebant.
758 2747 828 2801 Ea
874 2763 960 2801 res
1007 2747 1257 2800 mulieris
1291 2746 1532 2800 animum
1560 2746 1916 2801 acerbissima
1954 2762 2089 2816 qna-

506 2840 630 2895 dam
679 2841 1048 2910 indignatione
1096 2839 1412 2893 commovit.
1450 2839 1528 2894 .13
1561 2853 1935 2906 smpenumcro
1961 2853 2091 2892 con-

506 2931 662 2984 viciis
700 2939 755 2984 et
797 2931 931 2984 diris
967 2929 1452 2998 imprecationibus
1499 2929 1787 2998 praedones
1821 2931 1886 2983 de
1927 2931 2089 2984 indu-

503 3021 638 3076 stria
669 3019 722 3073 in
747 3021 1090 3090 semetipsum
1113 3019 1523 3075 iucitabat.Sed
1545 3034 1668 3076 cum
1698 3021 2088 3077 nemoillorum

504 3125 601 3166 seu
648 3110 728 3164 ira
773 3125 868 3164 seu
905 3110 1257 3164 miseratione
1299 3123 1629 3178 commotus,
1673 3113 1845 3180 ipsam
1881 3114 2091 3167 interli-

503 3212 693 3266 ceret,
730 3203 1064 3269 taederetque
1112 3201 1286 3270 ipsam
1331 3201 1454 3256 aliis
1499 3201 1682 3256 cibum
1715 3217 1910 3272 parare
1934 3243 1950 3267 ,
1987 3219 2086 3258 nec

502 3307 636 3348 vero
662 3292 772 3361 jam
804 3294 1031 3363 parandi
1065 3293 1204 3349 ullus
1235 3299 1428 3350 modus
1462 3304 1771 3366 superesset
1802 3311 1816 3348 :
1852 3309 2086 3363 cumque

505 3383 728 3439 interim
761 3383 931 3439 fames
971 3383 1281 3440 visceribus
1321 3400 1385 3441 ac
1421 3386 1536 3455 80
1575 3385 1824 3440 medullis
1869 3386 2087 3454 penitus

507 3473 807 3542 insideret,
838 3485 892 3530 et
932 3477 1231 3546 indignatio
1272 3478 1435 3546 longe
1481 3479 1654 3548 magis
1685 3493 1850 3546 quam
1901 3475 2086 3531 inedia

497 3566 886 3622 eli'ervesceret
907 3571 934 3630 ,'
953 3567 1148 3622 mulier
1197 3567 1353 3622 malis
1405 3567 1804 3622 consultoribus
1853 3582 1949 3622 usa
2002 3568 2086 3622 fu-

509 3673 636 3714 rore
661 3673 726 3711 ac
753 3657 1081 3712 necessitate
1107 3699 1122 3724 ,
1165 3658 1426 3713 adversus
1457 3667 1706 3711 naturam
1747 3657 1919 3726 ipsam
1957 3673 2089 3711 con-

508 3749 775 3816 surrexit;
814 3756 1154 3816 arreptoque
1211 3747 1321 3800 lilio
1366 3762 1525 3816 quem
1578 3747 1752 3800 adhuc
1801 3747 2084 3800 lactentem

2189 1915 2411 1984 κνίσσης
2452 1914 2777 1978 σπάσαντες,
2821 1915 3076 1984 ἠπείλουν
3119 1919 3167 1969 εί
3211 1918 3284 1988 μὴ
3319 1917 3516 1982 δείξειε
3562 1918 3626 1971 τὸ
3675 1935 3777 1971 πα·

2191 2005 2579 2078 ρασκευασθὲν,
2609 2007 2942 2075 ἀποσφάξειν
2987 2009 3158 2078 αὐτὴν
3201 2009 3421 2073 εὐθέως.
3459 2009 3528 2062 Ἡ
3576 2009 3636 2063 δὲ
3686 2009 3777 2062 καὶ

2190 2103 2383 2169 μοῖραν
2413 2101 2595 2162 αὐτοῖς
2629 2099 2860 2154 εἰποῦσα
2904 2101 3074 2172 καλὴν
3115 2102 3513 2172 τετηρηκέναι,
3556 2101 3627 2154 τά
3674 2100 3779 2154 λεί-

2185 2184 2330 2252 ψανα
2359 2185 2452 2237 τού
2486 2186 2676 2238 τέκνου
2711 2187 3120 2256 διανεκάλυφεν.
3145 2190 3282 2252 Τοὺς
3310 2190 3353 2242 δ’
3378 2190 3583 2255 εὐθέως
3608 2191 3776 2262 φρίκη

2188 2278 2281 2329 καὶ
2346 2279 2555 2346 φρενῶν
2621 2278 2875 2343 ἔκστασις
2934 2281 3092 2352 ᾔρει,
3156 2283 3250 2336 καὶ
3304 2284 3458 2354 παρά
3508 2283 3607 2355 τὴν
3661 2285 3779 2354 ὀψιν

2187 2369 2553 2440 ἐπεπήγεσαν.
2575 2371 2635 2423 Ἠ
2655 2371 2723 2434 δ’,
2749 2391 2767 2422 ι
2801 2373 2984 2443 Ἐμὸν,
3003 2373 3129 2444 ἔφη,
3154 2374 3312 2427 τοῦτο
3338 2376 3399 2428 τὸ
3428 2377 3620 2428 τέκνον
3650 2377 3781 2446 γνή-

2189 2477 2324 2524 σιον,
2363 2462 2456 2514 καὶ
2494 2461 2553 2514 τὸ
2593 2462 2755 2534 ἔργον
2791 2465 2944 2536 ἐμόν.
2989 2467 3228 2534 Φάγετε,
3266 2469 3359 2520 καὶ
3398 2469 3508 2539 γὰρ
3542 2466 3656 2536 ἐγὼ
3691 2468 3780 2537 βέ-

2187 2555 2396 2626 ϐρωκα.
2434 2557 2525 2626 Μὴ
2576 2557 2807 2628 γένησθε
2864 2559 3000 2628 μήτε
3054 2557 3435 2630 μαλακώτεροι
3484 2561 3778 2627 γυναικὸς,

2191 2646 2328 2715 μήτε
2372 2645 3081 2718 συμπαθέστεροιμητρός.
3120 2649 3181 2702 El
3217 2649 3261 2702 δ’
3311 2651 3472 2720 ὑμεῖς
3510 2650 3778 2715 εὐσεϐεῖς,

2188 2735 2285 2788 καὶ
2327 2735 2424 2806 τὴν
2458 2737 2598 2807 ἐμὴν
2633 2738 3043 2810 ἀποστρέφεσθε
3079 2739 3288 2803 Θυσίαν,
3323 2741 3431 2810 ἐγὼ
3470 2743 3570 2812 μὲν
3607 2745 3779 2814 ἧμισδ

2191 2826 2464 2898 βέϐρωκα,
2487 2829 2580 2882 καὶ
2607 2829 2667 2882 τὸ
2679 2829 2861 2883 λοιπὸν
2892 2830 2936 2883 δ’
2965 2832 3087 2902 ἐμοὶ
3111 2833 3366 2902 μεινάτω.
3394 2853 3412 2884 ι
3437 2835 3596 2889 Μετά
3629 2835 3781 2890 ταῦθ’

2189 2921 2239 2971 οί
2279 2922 2374 2991 μὲν
2413 2922 2707 2993 τρέμοντες
2738 2923 2984 2995 ἐξῄεσαν,
3024 2927 3160 2998 πρὸς
3191 2926 3247 2979 ἐν
3278 2928 3436 2982 τοῦτο
3467 2929 3654 2994 δειλοὶ,
3692 2933 3782 2986 καὶ

2195 3011 2345 3080 μόλις
2371 3013 2574 3084 ταύτης
2597 3015 2698 3086 τῆς
2725 3019 2932 3090 τροφῆς
2957 3021 3022 3090 τῇ
3058 3020 3223 3090 μητρὶ⁸
3253 3024 3778 3093 παραχωρήσαντες.

2205 3103 2537 3176 Ἀνεπλήσθη
2575 3107 2620 3160 δ’
2664 3109 2866 3173 εὑθέως
2909 3110 3003 3180 ὅλη
3033 3110 3125 3164 τοῦ
3167 3110 3370 3180 μύσους
3405 3115 3436 3183 ἡ
3473 3114 3650 3181 πόλις,
3689 3116 3781 3171 καὶ

2193 3195 2296 3263 πρὸ
2339 3197 2603 3268 ὀμμάτων
2649 3201 2879 3265 ἕκαστος
2922 3201 2982 3255 τὸ
3027 3202 3196 3265 πάθος
3240 3203 3662 3275 ἀναλαμϐάνων,
3706 3207 3781 3271 ὡς

2190 3289 2322 3360 παρ’
2365 3291 2516 3362 αύτῷ
2558 3293 2822 3364 τολμηθὲν
2867 3294 2988 3368 (6⁸5)
3035 3294 3222 3359 δεινῶς
3269 3297 3512 3368 ἔφριττε.
3568 3300 3780 3370 Σπουδὴ

2193 3379 2248 3431 δὲ
2278 3381 2462 3436 λοιπὸν
2492 3383 2602 3436 τῶν
2637 3383 3012 3455 λιμωττόντων
3053 3389 3146 3443 ἐπί
3176 3389 3266 3442 τὸν
3301 3389 3530 3444 θάνατον
3561 3386 3651 3463 ἦν,
3687 3410 3779 3446 και

2194 3474 2543 3543 μακαρισμὸς
2573 3475 2680 3527 τῶν
2722 3475 3044 3544 φθασάντων
3092 3482 3219 3553 πρὶν
3248 3481 3480 3536 ἀκοῦσαι
3512 3484 3604 3538 καὶ
3653 3484 3778 3538 θεά-

2191 3563 2386 3616 σασθαι
2423 3565 2568 3618 κακά
2590 3565 2908 3636 τηλικαῦτα.
2936 3589 2953 3620 ι
2989 3571 3224 3627 Τοιαῦτα
3259 3576 3358 3646 τῆς
3399 3576 3492 3629 ἰοι
3510 3578 3675 3634 ἳαίων
3701 3581 3778 3640 εἰς

2190 3654 2280 3707 τὸν
2305 3657 2538 3726 Χριστὸν
2566 3657 2660 3710 τοῦ
2692 3659 2825 3714 Θεοῦ
2857 3664 3198 3735 παρανομίας
3230 3683 3288 3718 τε
3327 3669 3422 3721 καὶ
3455 3669 3484 3722 δ
3506 3670 3779 3734 δσσεϐείας

2191 3747 2504 3820 τάπίχειρα.

508 3839 745 3896 habebat
773 3858 786 3894 :
814 3838 1151 3895 lnfortunate
1190 3855 1345 3910 puer,
1371 3841 1544 3910 inquit
1571 3879 1588 3906 ,
1619 3840 1758 3894 inter
1790 3849 1864 3893 tot
1905 3839 2026 3894 belli
2055 3879 2072 3905 ,
2107 3841 2285 3904 famis,
2345 3856 2407 3896 ac
2465 3843 2748 3899 seditionis
2778 3845 2938 3912 mala,
3000 3847 3086 3901 cui
3119 3857 3170 3902 te
3207 3864 3418 3904 servem
3442 3852 3463 3904 ἳ
3486 3851 3639 3920 Apud
3668 3851 3778 3906 Ro-

509 3947 701 3987 manos
739 3932 998 4000 quidem,
1034 3934 1246 3987 tametsi
1299 3931 1480 3986 vivere
1539 3932 1714 3996 detur,
1765 3932 2001 3986 servitus
2061 3948 2156 3986 nos
2212 3944 2412 3988 manet.
2448 3935 2552 3990 Sed
2604 3952 2745 3992 nunc
2793 3941 3107 3993 servitutem
3159 3942 3330 4010 ipsam
3383 3944 3645 4012 prmvenit
3700 3945 3780 3998 l’a-

507 4039 627 4078 mes
669 4041 682 4078 :
723 4023 932 4079 factiosi
981 4038 1113 4077 vero
1156 4034 1381 4095 utraque
1438 4024 1745 4080 calamitate
1792 4024 2103 4078 acerbiores
2153 4035 2297 4080 sunt.
2350 4027 2580 4083 Proinde
2635 4031 2752 4084 est‘o
2803 4031 2932 4084 mihi
2984 4032 3202 4101 quidem
3265 4033 3460 4097 cibus,
3528 4035 3778 4092 factiosi:

504 4129 641 4170 vero
685 4114 862 4181 furia,
899 4115 1209 4170 hominibus
1242 4124 1418 4170 autem
1484 4113 1707 4179 fabula,
1762 4113 1905 4184 quod
1963 4114 2136 4168 solum
2183 4113 2356 4167 adhuc
2405 4117 2556 4171 deest
2599 4118 2844 4174 cladibus
2883 4118 3217 4175 Judaeorum.
3269 4119 3393 4176 llazc
3431 4122 3663 4189 dicens,
3709 4126 3774 4178 {i-

505 4211 636 4270 llum
665 4211 894 4282 jugulat.
928 4210 1153 4266 Coctum
1181 4209 1372 4265 deinde
1421 4209 1536 4277 ipsa
1593 4207 1807 4277 quidem
1863 4207 2142 4262 dimidiam
2185 4220 2393 4278 partem
2438 4212 2716 4266 comedit:
2753 4213 2894 4282 quod
2929 4210 3193 4282 reliquum
3222 4224 3360 4279 erat,
3389 4228 3638 4286 opertum
3698 4218 3780 4274 in-

506 4307 666 4364 terim
725 4305 1004 4362 servabat.
1048 4305 1182 4360 Cum
1235 4319 1370 4386 ecce
1413 4311 1638 4374 repente
1691 4303 2084 4372 superveniunt
2135 4304 2420 4371 seditiosi,
2455 4313 2509 4359 et
2543 4305 2960 4361 sceleratissimo
3018 4306 3208 4362 nidore
3265 4309 3488 4364 naribus
3550 4312 3772 4378 hausto,

505 4409 739 4459 mortem
779 4399 998 4455 mulieri
1030 4401 1215 4456 statim
1252 4401 1552 4466 minantur,
1610 4400 1712 4455 nisi
1770 4399 1950 4455 cibum
1999 4400 2158 4470 qu'eni
2212 4410 2522 4472 paraverat,
2554 4402 2654 4457 sibi
2695 4402 2996 4458 exhiberet.
3028 4404 3097 4458 At
3128 4403 3239 4469 illa,
3267 4405 3465 4460 bonam
3491 4407 3622 4477 ipsis
3646 4424 3776 4480 par-

577 4560 687 4632 (60)
722 4559 938 4632 Εὑρεῖν
968 4561 1181 4632 σιτίονῄ
1219 4562 1450 4629 ἄλλοις.
1491 4561 1543 4616 ld
1592 4571 1678 4616 est
1715 4561 2080 4632 prmdonibus,

2190 4561 2322 4616 Dido
2346 4561 2455 4632 ait:

505 4629 614 4684 non
632 4631 755 4684 sibi.
788 4629 970 4699 Itaque
999 4645 1102 4684 non
1135 4630 1310 4700 placet
1340 4633 1500 4685 lectio
1523 4633 1608 4685 illa
1634 4629 1752 4700 quie
1781 4633 1846 4685 ad
1872 4633 2074 4700 margi-
2366 4631 2622 4684 Omnibus
2648 4631 2831 4684 umbra
2860 4632 2987 4686 locis
3012 4633 3194 4686 adero.

508 4714 651 4770 nem,
685 4701 937 4756 editionis
969 4700 1636 4770 Genevcnsisrascribitur
1671 4701 1867 4768 ἄλλως,
1914 4717 2076 4770 quam

509 4769 746 4840 Savilius
778 4786 1006 4840 quoque?
1036 4771 1104 4823 ad
1145 4784 1296 4840 oram
1320 4769 1552 4840 libi-[sui
1592 4774 1862 4839 apposuit.
1908 4769 2078 4824 Porro

509 4838 723 4892 codices
753 4837 919 4893 uestri
967 4839 1130 4904 Mam,
1163 4837 1298 4892 Med.
1329 4854 1393 4892 ac
1431 4839 1562 4892 Fuk.
1592 4837 1838 4894 voculam
1882 4841 1968 4894 hic
1997 4842 2080 4894 iu-

510 4917 779 4980 tcrserunt
802 4909 995 4980 sepsiv
1026 4927 1080 4962 τι
1124 4908 1303 4980 σιτίον
1341 4909 1518 4972 ἄλλοις
1552 4911 1766 4973 ἐκοπία,
1813 4915 2078 4979 quomodo

505 4975 705 5048 legitur
741 4975 902 5048 etiam
940 4981 1080 5048 apud
1121 4978 1509 5048 Nicephorum.

577 5046 688 5128 (οι)
719 5045 1005 5128 Ζήσωμεὶι
1031 5048 1135 5128 ἐπ’·
1162 5045 1387 5128 adfor}.
1537 5049 1682 5128 apud
1698 5047 2074 5128 "Nicephorum

504 5115 723 5184 legitur,
748 5115 907 5184 atque
941 5121 1009 5170 ita
1037 5120 1205 5172 codex
1227 5117 1386 5181 Mam,
1432 5115 1660 5172 Methet
1697 5117 1908 5172 Savihi.
1942 5115 2075 5169 Vul—

503 5183 644 5256 gata:
661 5183 879 5254 Josepbi
910 5188 1199 5251 editiOues,
1226 5189 1314 5240 ἐπ’
1339 5186 1555 5250 αὑτούς.

575 5256 687 5327 (62)
728 5258 857 5323 Τοῖς
901 5257 1297 5324 στασιασταῖς
1337 5258 1598 5327 ἐριννύς.
1649 5255 1886 5326 Erinnyn
1941 5256 2080 5310 dixit

499 5322 772 5394 Joéephus
824 5322 928 5381 non
983 5329 1170 5380 eodem
1206 5322 1376 5383 sensu
1413 5343 1519 5396 quo
1553 5322 1767 5391 'Grazci,
1798 5322 1886 5394 qui
1945 5331 2076 5396 deas

505 5398 762 5466 quasdam
789 5398 928 5466 apud
961 5397 1162 5450 inferos
1203 5413 1321 5451 esse
1378 5395 1686 5461 credebant,
1731 5413 1849 5465 qua:
1879 5395 2072 5453 noxios

505 5463 751 5536 homines
797 5463 860 5521 ac
909 5469 1176 5536 praecipue
1229 5468 1391 5522 caulis
1435 5484 1556 5522 reos
1595 5463 2069 5536 persequerentur.

647 5533 884 5609 Erinnyn
909 5531 1175 5609 dixit'pro
1198 5539 1420 5609 ποινήν.
1457 5531 1787 5592 Οτιεόέὺδηί
1805 5539 1948 5609 enim
1974 5535 2073 5609 ,ιμτ

503 5601 624 5674 dmi,
670 5601 890 5669 perinde
946 5623 1007 5660 uc
1035 5601 1233 5669 ϐία-εἰ,
1275 5601 1498 5662 um'hras
1537 5621 1721 5662 eormn
1764 5608 1857 5674 qui
1905 5606 2070 5660 occisi

507 5671 742 5750 fuerant,
787 5677 1034 5750 persequi
1088 5676 1466 5750 interfectores
1494 5693 1641 5740 suos,
1680 5671 1951 5750 ctpoeuas
2004 5675 2072 5728 ab

505 5740 611 5795 illis
636 5740 947 5811 exposcere.
963 5740 1070 5800 ’δὶς
1111 5749 1252 5814 apud
1285 5748 1565 5819 Virgilium
1603 5750 1658 5802 in
1700 5740 1841 5801 libro
1874 5756 2072 5817 quarto

2188 4701 2386 4756 Eodem
2422 4717 2580 4776 sensu
2640 4702 2846 4776 accipio
2897 4705 3054 4756 verba
3118 4703 3204 4776 illa
3238 4719 3360 4776 qure
3408 4705 3662 4776 leguntur
3715 4709 3767 4763 in

2186 4787 2304 4840 cap.
2344 4787 2393 4823 Iv
2420 4770 2742 4842 chneseos:
2795 4769 3214 4842 νοαξεαηῃιιὶηὸδ
3244 4774 3432 4842 fratris
3460 4769 3542 4830 iui
3568 4779 3772 4832 clamat

2187 4844 2365 4917 (utine
2391 4841 2455 4894 de
2478 4852 2637 4917 terra.
2663 4841 2860 4917 ld_e_st:
2895 4840 3084 4917 Frater
3117 4840 3253 4896 tuus
3277 4859 3448 4917 quem
3471 4848 3635 4917 impie
3671 4865 3771 4903 oc-

2185 4911 2387 4972 cidisti,
2414 4911 2646 4984 postulat
2664 4911 2877 4984 utilium
2901 4912 3400 4984 u_|ciscar,et_c:ndis
3419 4911 3772 4984 illiuspcnnas

2181 4997 2208 5031 a
2241 4991 2291 5054 te
2326 4984 2556 5049 exigam.
2608 4981 2866 5054 Sequitur
2910 4981 3103 5033 deinde
3137 5000 3148 5034 :
3200 4982 3372 5052 Vagus
3413 4996 3464 5038 ει
3507 4981 3770 5054 profugus

2179 5051 2293 5124 eris
2320 5067 2481 5124 super
2509 5060 2725 5103 terram.
2763 5050 2817 5103 Id
2875 5061 2978 5115 est,
3014 5054 3199 5104 umbra
3237 5050 3420 5108 fratris
3480 5050 3550 5108 tui
3597 5050 3770 5124 (iu-em

2176 5120 2446 5241 pecidisti,
2511 5129 2866 5190 persequetur
2934 5130 2983 5174 te
3050 5124 3278 5192 ubique,
3331 5134 3385 5178 ct
3425 5120 3637 5178 aderit—
3685 5129 3769 5180 in-

2203 5199 2345 5241 esta.

2203 5199 2345 5244 esta.

2249 5259 2362 5333 (63)
2389 5260 2542 5333 _IIa_p’
2583 5258 2743 5325 αὐτῷ
2772 5259 3089 5333 τολμηθὲν.
3125 5261 3178 5314 lu
3232 5260 3536 5333 Nicephoro
3566 5264 3771 5333 legitur

2179 5331 2307 5400 παρ’
2341 5330 2526 5392 αὑτοῦ,
2563 5331 2832 5400 quomodo
2863 5334 3086 5385 llulinus
3129 5343 3183 5384 et
3218 5330 3476 5388 Gelenius
3510 5335 3559 5388 iu
3597 5330 3766 5390 Iose-

2182 5399 2302 5476 pho_
2336 5402 2583 5453 videntur
2635 5399 2848 5476 legisse.
2888 5401 3038 5476 lf‘erri
3099 5413 3276 5476 tamen
3325 5407 3765 5476 potestAvulgata

2184 5469 2370 5540 lectio;
2421 5480 2477 5523 ut
2510 5485 2703 5522 sensus
2740 5473 2832 5536 sit,
2866 5472 3105 5540 singulos
3138 5474 3286 5528 cives
3317 5469 3464 5528 tame
3498 5469 3767 5528 facinoris

2182 5539 2322 5592 illius
2352 5541 2588 5614 horrore
2619 5541 2895 5606 perculsos
2933 5539 3126 5604 fuisse,
3164 5546 3317 5612 quasi
3347 5545 3482 5614 apud
3513 5559 3571 5597 se
3598 5554 3660 5597 et
3709 5548 3763 5598 in

2182 5609 2671 5680 propriisﬂtedibus
2735 5621 3105 5680 perpetratum
3164 5609 3393 5668 lbissetX
3440 5613 3643 5668 Tamen
3705 5615 3764 5667 in

2179 5679 2352 5756 codic.
2406 5678 2543 5756 Μαι.
2587 5687 2641 5756 et
2703 5678 2847 5756 Mch
2898 5682 3159 5756 scribitur
3221 5685 3353 5756 ταρ⁹
3413 5681 3577 5739 αὑτοῦ
3631 5686 3764 5739 τολ-

2181 5746 2369 5818 μηθέν.
2401 5751 2575 5820 Atque
2606 5752 2677 5804 ita
2714 5755 2882 5808 codex
2921 5749 3152 5809 Fuketii.
