3894 6534
174 331 268 389 233
1151 330 1497 390 HISTORIA}
1535 330 1740 389 ECCLE

1848 330 2089 386 ιετιωιε
2130 328 2256 387 LIB.
2296 326 2383 389 ιιι.
3311 326 3419 396 est

174 456 268 503 tem
299 458 378 501 .se
436 456 770 505 reservasse
817 451 1189 520 respondens,
1238 449 1499 521 reliquias
1543 448 1641 504 tilii
1695 449 1779 505 sui
1841 449 2062 505 detexit.
2124 447 2334 504 llorror
2380 448 2667 506 confestim
2721 460 3016 520 stuporque
3050 466 3145 509 eos
3197 454 3415 513 invasit.

174 538 385 595 Stabant
410 542 739 609 spectaculo
768 543 1001 599 attoniti.
1034 543 1173 599 Tum
1209 544 1427 609 mulier,
1453 543 1626 609 Meus,
1657 544 1854 614 inquit,
1893 554 1981 599 est
2005 544 2171 611 filius,
2199 558 2379 599 meum
2430 544 2532 600 hoe
2583 543 2819 599 facinus.
2856 545 3014 601 Edite
3037 559 3155 613 vos,
3203 550 3420 616 quando

180 643 227 689 et
266 633 376 705 ipsa
409 636 660 691 comedi.
707 636 887 694 Nolite
929 648 1022 694 aut
1070 639 1270 695 femina
1314 638 1614 705 molliores,
1648 646 1743 693 aut
1773 646 1948 694 matre
1977 639 2322 709 benigniores
2368 636 2561 694 videri.
2617 636 2772 704 Quod
2827 638 2873 693 si
2915 636 3151 695 fortasse
3183 638 3418 709 religiosi

171 725 323 788 estis,
354 733 407 780 et
452 725 529 779 ab
576 741 679 782 esu
727 728 962 785 victima
1017 744 1150 786 mea:
1206 730 1549 797 abhorretis,
1604 743 1705 802 ego
1764 730 2041 786 dimidiam
2084 730 2301 800 quidem
2342 737 2551 800 partem
2588 726 2702 797 iam
2752 731 3101 801 consumpsi,
3154 729 3420 802 reliquum

169 816 372 889 perinde
417 817 561 872 mihi
614 830 860 876 maneat.
913 821 1041 877 Post
1082 823 1198 879 haec
1241 823 1319 878 illt
1355 834 1653 878 trementes
1709 822 2068 888 abscessere,
2126 824 2195 878 ad
2254 823 2357 879 hoc
2407 838 2575 879 unum
2620 822 2799 892 pavidi
2845 833 3006 894 atque
3044 822 3325 891 imbelles,
3366 837 3422 880 et

172 910 260 962 hoc
288 922 490 979 genere
520 909 783 966 alimenti
810 926 954 982 agre
1025 922 1184 969 matrt
1233 922 1442 970 rettcto.
1498 913 1665 969 Fama
1725 915 1983 970 continuo
2033 915 2171 970 tanti
2240 914 2459 970 sceleris
2497 930 2597 985 per
2641 922 2811 971 totam
2861 917 3133 973 civitatem
3178 918 3421 988 dispersa

169 1007 276 1064 est,
302 1007 358 1052 et
381 998 635 1069 quisque
670 1000 888 1058 facinus
914 1002 1041 1057 illud
1067 1013 1197 1060 ante
1238 1004 1430 1060 oculos
1464 1018 1772 1076 proponens
1802 1047 1818 1072 ,
1858 1015 2116 1075 tanquam
2171 1019 2200 1059 a
2250 1004 2427 1075 seipso
2476 1015 2845 1075 perpetratum
2894 1015 3082 1075 esset,
3140 1007 3417 1063 horrebat.

168 1089 356 1146 Exinde
379 1090 581 1145 cuncti
611 1091 763 1148 fame
792 1096 1032 1165 oppressi
1063 1096 1130 1150 ad
1187 1104 1421 1154 mortem
1479 1099 1626 1151 omni
1670 1096 1851 1153 studio
1904 1097 2341 1161 contendebant,
2407 1105 2462 1153 et
2509 1097 2694 1153 beatos
2746 1097 2869 1152 ill‘os
2927 1100 3263 1166 censebant,
3322 1099 3416 1169 qui

166 1191 435 1252 antequam
487 1192 687 1240 tantas
720 1186 1057 1243 calamitates
1102 1199 1195 1243 aut
1227 1189 1400 1244 oculis
1430 1198 1522 1243 aut
1547 1191 1735 1259 auditu
1769 1192 2113 1260 accepisSettt
2134 1231 2149 1257 ,
2181 1191 2293 1245 fato
2324 1191 2537 1260 abrepti
2588 1191 2823 1247 fuerant.
2874 1191 3044 1262 Igitur
3103 1191 3413 1249 Iudaeorum

166 1278 321 1334 scelus
376 1288 554 1348 atque
616 1280 959 1351 impietatem
1015 1284 1270 1339 adversus
1296 1282 1465 1339 Deum
1518 1278 1704 1341 Iesum
1738 1284 2028 1341 Christum
2061 1284 2372 1355 huiusmodi
2396 1284 2528 1339 ultio
2553 1292 2846 1351 consecuta
2875 1292 2980 1339 est.

698 1372 1096 1428 ΚΕΦΑΛΔΙΟΝ
1132 1376 1209 1429 Z'.

168 1462 280 1529 Περὶ
298 1458 419 1514 τῶν
437 1462 842 1533 τοῦζΧριστοῦ
855 1465 1236 1535 προῤῥήσεων
1248 1466 1385 1539 (Nic.
1408 1468 1554 1526 ΗΕ.
1573 1472 1744 1543 nul).

222 1575 554 1649 Παραθεῖναι
600 1577 650 1629 δ’
678 1576 867 1643 αὐτοῖς
904 1578 1077 1647 ἄξιον,
1104 1581 1202 1653 τὴν
1233 1582 1438 1656 ἀψευδῆ
1484 1585 1578 1638 τοῦ
1624 1586 1734 1639 Σωι

165 1668 303 1743 τῆθος
330 1668 495 1739 ἡμῶν
539 1669 885 1743 πρόρρησιν,
911 1672 977 1726 δι’
1000 1669 1069 1746 ἦς
1098 1675 1236 1729 αὐτὰ
1266 1676 1437 1731 ταῦτα
1466 1677 1616 1749 δηλοῖ
1642 1671 1745 1732 ὧδέ

166 1776 263 1823 πως
290 1761 704 1832 προφητεύων·
749 1782 771 1815 ι
803 1764 939 1819 Οὐαὶ
980 1765 1037 1819 δὲ
1088 1768 1208 1830 ταῖς
1251 1768 1310 1820 ἐν
1341 1770 1541 1841 γαστρὶ
1587 1770 1747 1840 ἑχού-

169 1870 268 1916 sat;
296 1854 386 1907 καὶ
412 1857 546 1919 ταῖς
575 1855 948 1923 θηλαζούσαις
981 1859 1039 1912 ὲν
1066 1859 1302 1924 ἐκείναις
1330 1864 1450 1923 ταῖς
1474 1862 1708 1936 ἡμέραις
1726 1879 1740 1892 ·

166 1948 515 2018 προσεύχεσθε
548 1950 635 2014 δὲ,
670 1948 762 2004 ἵνα
793 1950 869 2022 μὴ
925 1951 1142 2024 γένηται
1181 1953 1336 2025 ὑμῶν
1377 1956 1411 2027 ὴ
1452 1956 1596 2028 φυγὴ
1632 1975 1746 2029 χει-

171 2040 345 2111 μῶνος,
402 2041 548 2112 μηδὲ
626 2043 909 2115 σαϐϐάτῳ.
975 2042 1168 2100 Ἔσται
1220 2046 1330 2119 γὰρ
1382 2048 1504 2102 τότε
1570 2049 1746 2121 θλίψις

168 2128 371 2199 μεγάλη,
414 2131 507 2184 οἶα
541 2131 652 2186 οὐκ
688 2132 906 2201 ἐγένετο
935 2133 1029 2187 ἀπ’
1061 2135 1239 2206 ἀρχῆς
1278 2136 1482 2209 κόσμου
1512 2138 1618 2205 ἕως
1650 2140 1743 2194 τοῦ

169 2220 263 2284 νῖν,
299 2222 418 2276 οὐδὲ
474 2223 557 2295 μὴ
604 2222 857 2296 γένηται.
886 2243 905 2277 ι
960 2226 1288 2296 Συναγαγὼν
1327 2228 1385 2282 δὲ
1438 2232 1614 2286 πάντα
1655 2233 1745 2287 τὸν

170 2310 255 2364 τῶν
281 2314 653 2387 ἀνῃρημένων
706 2317 938 2390 ἀριθμὸν
975 2322 1004 2375 ὁ
1038 2324 1414 2393 συγγραφεὺς,
1458 2321 1601 2395 λιμῷ
1653 2326 1745 2378 καὶ

172 2400 289 2472 ξίφει
333 2406 614 2479 μυριάδας
654 2406 855 2464 ἑκατὸν
881 2412 976 2465 καὶ
1001 2411 1132 2468 δέκα
1170 2413 1532 2486 διαφθαρῆναί
1580 2433 1741 2487 φησι,

169 2496 272 2560 τοὺς
300 2496 355 2549 δὲ
379 2498 617 2563 λοιποὺς
657 2500 979 2567 στασιώδεις
1007 2506 1103 2557 καὶ
1141 2504 1484 2577 λῃστρικοὺς,
1515 2506 1620 2561 ὑπὸ
1650 2508 1743 2562 ἀλ-

170 2587 320 2659 λήλων
352 2590 496 2661 μετά
528 2592 639 2664 τὴν
674 2593 881 2649 ἅλωσιν
912 2590 1371 2669 ἐνδεικνυμένους,
1411 2600 1742 2674 ἀνῃρῆσθαι,

171 2680 260 2732 τῶν
295 2680 348 2734 δὲ
390 2681 534 2736 νέων
569 2682 705 2747 τοὺς
738 2682 1105 2755 ὑψηλοτάτους
1142 2688 1237 2743 καὶ
1281 2688 1464 2743 κάλλει
1492 2689 1741 2761 σώματος

1766 1386 1818 1442 Δ
1860 1399 1872 1408 .

2453 1368 2683 1433 CAPUT
2719 1375 2823 1431 VII.

2259 1467 2336 1524 De
2357 1471 2781 1542 praedictionibus
2807 1468 3024 1526 Christi.

1921 1572 2110 1655 Opera:
2148 1581 2384 1651 pretium
2430 1590 2608 1636 autem
2645 1581 2810 1636 fuerit
2855 1582 2942 1637 his
2979 1582 3271 1656 adiungere
3297 1600 3417 1642 cer-
3499 1568 3506 1593 ⁸

1850 1674 2122 1729 tissimum
2147 1672 2460 1729 Servatdris
2489 1672 2659 1728 nostri
2686 1674 2991 1741 oraculum,
3018 1690 3124 1743 quo
3149 1675 3265 1733 htec
3297 1677 3415 1747 ipsa

1849 1766 2174 1837 praedixerat
2207 1766 2292 1820 his
2320 1764 2500 1821 verbis
2535 1778 2551 1819 :
2586 1784 2605 1817 ι
2650 1765 2740 1821 Vae
2793 1767 3197 1838 praegnantibus
3231 1773 3285 1823 et
3314 1786 3416 1825 nu—

1850 1856 2079 1913 tricibus
2124 1856 2179 1912 in
2229 1857 2338 1911 illis
2382 1856 2593 1912 diebus.
2626 1856 2789 1912 Orate
2831 1867 3013 1913 autem
3043 1873 3112 1914 ne
3146 1858 3271 1931 fuga
3306 1860 3411 1931 ει

1849 1960 2029 2007 vestra
2061 1950 2338 2022 contingat
2362 1949 2541 2005 hieme
2566 1951 2651 2006 vel
2678 1950 2938 2007 Sabbato.
2971 1953 3087 2008 Erit
3119 1954 3264 2010 enim
3289 1964 3418 2010 tunc

1846 2040 2111 2111 temporis
2136 2039 2416 2096 calamitas
2448 2054 2645 2111 magna
2670 2079 2686 2104 ,
2718 2040 3023 2111 cuiusmodi
3054 2041 3290 2096 nondum
3316 2040 3419 2097 fuit

1848 2132 1918 2187 ab
1950 2132 2108 2188 initio
2157 2131 2387 2199 mundi,
2425 2145 2524 2187 nec
2570 2131 2797 2203 posthac
2823 2132 2947 2187 erit.
3001 2150 3024 2186 ι
3069 2126 3246 2195 Porro
3275 2131 3416 2188 idem

1847 2222 1939 2279 ille
1985 2222 2231 2279 historia:
2262 2221 2498 2290 scriptor
2543 2222 2860 2278 universum
2905 2238 3193 2278 numerum
3224 2237 3415 2281 eorum

1846 2314 1937 2381 qui
1972 2311 2055 2367 vel
2087 2309 2268 2381 gladio
2308 2309 2392 2365 vel
2429 2311 2572 2364 fame
2592 2311 2905 2381 perierunt,
2938 2304 3095 2367 simul
3131 2300 3417 2384 colligens,

1845 2405 2104 2461 undecies
2131 2413 2355 2459 centena
2392 2402 2670 2460 hominum
2707 2403 2877 2458 millia
2920 2404 3146 2472 periisse
3181 2406 3416 2461 scribit:

1849 2497 2149 2553 seditiosos
2188 2508 2319 2552 vero
2343 2504 2395 2550 et
2426 2496 2709 2565 praedones
2746 2495 2839 2566 qui
2872 2496 3275 2566 superfuerant,
3297 2509 3419 2566 post

1843 2595 1998 2650 urbis
2020 2593 2291 2649 excidium
2322 2601 2509 2647 mutuo
2538 2587 2737 2646 indicio
2765 2588 3072 2653 damnatos,
3106 2601 3297 2658 pmnas
3321 2587 3418 2643 de‘

1844 2689 1989 2743 disse
2018 2705 2033 2742 :
2062 2696 2115 2743 et
2139 2702 2207 2741 ex
2250 2684 2537 2755 iuventute
2570 2683 2787 2752 quidem
2813 2695 2929 2747 eos,
2959 2682 3051 2751 qui
3083 2682 3417 2750 proceritate

171 2766 521 2841 διατέροντας,
578 2773 919 2844 τετηρῆσθαι
971 2775 1253 2850 θριάμϐῳ,
1303 2778 1400 2832 τοῦ
1445 2779 1503 2833 δὲ
1552 2779 1739 2835 λοιποῦ

1848 2779 2089 2850 corporis
2115 2788 2170 2833 et
2191 2770 2367 2833 forma
2400 2776 2615 2833 caeteris
2643 2782 2988 2846 prazstarent,
3023 2773 3090 2829 ad
3119 2786 3415 2828 ornamen-

174 2861 411 2933 πλήθους,
458 2865 599 2929 τοὺς
647 2860 796 2939 ὑπὲρ
837 2869 1204 2925 ἑπτακαίδεκα
1236 2870 1354 2943 ἐτη,
1383 2872 1636 2945 δεσμίους
1662 2876 1742 2939 είς

173 2952 364 3009 sini
388 2954 684 3026 Αἴγυπτον
716 2957 858 3029 ἔργα
905 2961 1392 3035 παραπεμφθῆναι,
1427 2960 1643 3028 πλείους
1684 2964 1742 3019 δὲ

174 3047 238 3109 εἰς
262 3048 351 3112 τὰς
408 3049 695 3121 ἐπαρχίας
743 3049 1155 3127 διανενεμῆσθαι
1196 3053 1636 3127 φθαρησομένους
1683 3058 1740 3111 ὲν

174 3142 263 3203 τοῖς
313 3141 571 3214 θεάτροις
632 3142 840 3215 σιδήρῳ
886 3144 980 3200 καὶ
1026 3144 1267 3219 θηρίοις,
1313 3147 1440 3212 τοὺς
1502 3141 1547 3203 δ’
1593 3148 1741 3213 ἐντὸς

174 3230 517 3290 ἑπτακαίδεκα
571 3234 743 3297 ἐτῶν,
792 3235 1171 3307 αἰχμαλώτους
1234 3236 1498 3311 ἀχθέντας
1551 3240 1740 3295 διαπε·

174 3325 411 3394 ⁴δρᾶσθαι,
458 3327 680 3382 τούτων
732 3327 789 3381 δὲ
826 3329 1000 3399 μόνων
1048 3325 1139 3385 τὸν
1186 3330 1434 3404 ἀριθμὸν,
1476 3333 1555 3398 είς
1586 3332 1738 3388 ἐννέα

175 3417 410 3485 μυριάδας
449 3419 570 3491 (64)
616 3418 834 3490 ἀνδρῶν
866 3421 1213 3493 συναχθῆναι.
1243 3424 1425 3478 Ταῦτα
1454 3424 1511 3478 δὲ
1551 3424 1739 3479 τοῦτον

176 3502 389 3577 ἐπράχθη
446 3509 550 3562 τὸν
598 3509 830 3579 τρόπον,
887 3511 1123 3583 δευτέρῳ
1178 3514 1279 3584 τῆς
1329 3512 1738 3569 Οὐεσπασιανοῦ

175 3591 417 3676 βασιλείας
461 3599 606 3664 ἔτει,
655 3598 969 3666 ἀκολούθως
1002 3605 1122 3666 ταῖς
1158 3607 1595 3675 προγνωπικαῖς
1644 3605 1737 3659 τοῦ

175 3687 345 3762 Κυρίου
374 3696 469 3748 καὶ
500 3695 774 3767 Σωτῆρος
798 3695 957 3767 ἡμῶν
996 3681 1171 3769 Ἰησοῦ
1217 3700 1450 3776 Χριστοῦ
1492 3697 1738 3773 προρρή-

1842 2878 1955 2924 tum
1994 2868 2253 2938 triumphi
2294 2875 2643 2925 reservatus:
2676 2879 2743 2921 ex
2774 2865 2983 2935 reliqua
3036 2873 3221 2919 autem
3276 2863 3416 2919 mula

1844 2961 2075 3016 titudine
2101 2974 2216 3028 eos,
2253 2959 2345 3030 qui
2373 2961 2660 3029 septimum
2701 2959 2977 3014 decimum
3003 2956 3179 3011 aetatis
3209 2966 3415 3010 annum

1842 3058 2216 3115 exceSserant,
2249 3050 2463 3105 vinctos
2486 3047 2553 3103 ad
2582 3046 2801 3103 metalla
2828 3046 3132 3101 exercenda
3172 3045 3225 3100 in
3248 3042 3417 3117 Egy-

1844 3154 1995 3213 ptum
2032 3145 2326 3214 perductos
2353 3150 2476 3198 esse
2522 3159 2538 3197 :
2587 3140 2855 3211 plurimos
2885 3154 3016 3196 vero
3048 3148 3148 3209 per
3194 3140 3415 3209 provin-

1843 3236 1955 3289 cias
2003 3236 2365 3301 distributos,
2413 3235 2504 3305 qui
2557 3234 2609 3287 itt
2658 3232 2896 3302 publicis
2944 3231 3269 3302 spectaculis
3317 3241 3414 3286 aut

1844 3326 1997 3382 ferro
2024 3338 2118 3382 aut
2146 3325 2335 3382 bestiis
2360 3333 2812 3381 consumerentur
2845 3326 2860 3377 :
2898 3323 3209 3391 quicunque
3230 3333 3410 3388 autem

1842 3419 2083 3474 minores
2126 3425 2309 3473 essent
2339 3417 2495 3472 annis
2538 3414 2923 3486 septemdecim
2948 3453 2967 3481 ,
2999 3428 3094 3469 eos
3141 3414 3195 3469 in
3240 3416 3414 3471 servi-

1840 3517 2010 3565 tutem
2044 3509 2308 3564 abductos
2340 3506 2441 3562 sub
2467 3520 2670 3561 corona
2716 3506 2971 3562 veniisse.
3016 3504 3258 3572 Quorum
3290 3504 3414 3574 qui-

1840 3602 1958 3657 dem
1990 3614 2274 3654 numerum
2305 3599 2370 3654 ad
2400 3596 2692 3668 nonaginta
2721 3610 2894 3666 usque
2930 3596 3213 3651 hominum
3238 3596 3410 3651 milia

1838 3693 2150 3763 pervenisse
2189 3686 2443 3746 affirmat.
2487 3690 2551 3745 Et
2580 3690 2695 3744 haec
2722 3689 2941 3759 quidem
2982 3703 3124 3745 anno
3168 3690 3413 3744 secundo

176 3796 312 3848 σεσιν,
355 3786 478 3858 θείᾳ
520 3787 766 3859 δυνάμει
806 3786 993 3861 ῶσπερ
1041 3786 1140 3861 ἥδη
1189 3791 1428 3863 παρόντα
1457 3809 1738 3865 προεωρα-

1848 3785 2175 3857 principatus
2204 3782 2524 3853 Vespasiani
2556 3780 2780 3850 Augusti
2809 3780 2877 3835 ad
2904 3779 3049 3835 hunc
3076 3781 3295 3835 modum
3324 3796 3415 3849 ge:

174 3874 300 3939 κότος
331 3879 490 3942 αὐτὰ,
533 3879 1007 3950 ὲπιδακρύσαντός
1035 3896 1096 3934 τε
1129 3882 1223 3935 καὶ
1251 3883 1734 3955 ἀποκλαυσαμένου

1848 3888 1921 3932 sta
1955 3885 2120 3942 sunt,
2144 3874 2298 3943 iuxta
2343 3873 2659 3930 Servatoris
2709 3872 2887 3928 nostri
2925 3871 3274 3927 vaticinium.
3304 3873 3406 3938 Qui

175 3966 285 4020 κατᾶ
318 3971 413 4042 τὴν
458 3971 578 4025 τῶν
617 3970 786 4042 ἱερῶν
834 3971 1230 4041 εῦαγγελιστῶν
1264 3975 1593 4048 Γραφὴν,ὀῖ
1640 3975 1735 4029 καὶ

1848 3968 2017 4024 divina
2051 3968 2308 4037 praditus
2330 3967 2552 4030 virtute,
2578 3978 2644 4020 ea
2678 3978 2798 4034 qua:
2831 3971 3056 4019 ventura
3086 3973 3264 4027 erant,
3287 3972 3411 4019 tan-

173 4056 311 4122 αὑτάς
338 4060 502 4115 αὐτοῦ
553 4060 978 4133 παρατέθεινται
1006 4063 1106 4128 τὰς
1132 4063 1321 4131 λέξεις,
1346 4066 1467 4120 τοτὲ
1503 4062 1601 4138 μὲν
1632 4068 1736 4139 φήσω

1848 4060 2000 4129 qtiam
2031 4057 2320 4128 praesentia
2349 4056 2520 4112 multo
2543 4064 2672 4111 ante
2701 4055 3029 4126 prteviderat
3056 4073 3071 4112 :
3103 4066 3160 4112 et
3192 4056 3410 4129 illacry-

176 4110 330 4214 σαντος
358 4149 433 4215 ὡς
473 4152 623 4224 πρὸς
637 4110 830 4223 Γαύτὴν
859 4153 957 4226 τὴν
990 4110 1542 4227 Ἰεέουσαλίῖμονι
1563 4110 1733 4229 ἐγνῖιίίς

1848 4110 2015 4206 matus
2033 4110 2225 4205 rfuerat
2257 4157 2419 4218 atque
2452 4148 2824 4217 ingemuerat,
2864 4156 2922 4201 ttt
2950 4110 3406 4218 evangelistarunt

176 4241 247 4292 καί
269 4259 325 4312 γε
353 4246 414 4298 σὺ
447 4248 509 4298 ἐν
548 4247 614 4317 τῇ
659 4244 851 4316 ἡμέρᾳ
888 4245 1057 4319 ταύτῃ
1087 4247 1156 4301 τὰ
1189 4249 1322 4322 πρὸς
1351 4250 1573 4323 εἰρήνην
1611 4268 1692 4304 σοι
1714 4269 1731 4283 ·

1848 4244 2035 4313 scripta
2070 4252 2357 4297 testantur.
2393 4237 2457 4295 Hi
2483 4241 2628 4295 enim
2678 4239 2793 4307 ipsa
2824 4250 3039 4308 quoque
3069 4238 3215 4292 illius
3242 4239 3407 4293 verba

175 4329 248 4383 νῦν
270 4332 319 4386 δὲ
349 4335 565 4408 ἐκρύϐη
597 4335 711 4388 ἀπὸ
738 4334 1029 4407 ὀφθαλμῶν
1060 4356 1175 4396 σου.
1200 4340 1321 4394 "Ott
1349 4339 1570 4412 ἥξουσιν
1600 4342 1733 4413 ὴμέ-

1848 4335 2179 4401 retulerunt,
2211 4332 2410 4401 quibus
2445 4330 2607 4385 modo
2637 4329 2915 4384 civitatem
2962 4328 3134 4397 ipsam
3162 4330 3408 4398 compel-

177 4438 246 4492 ραι
277 4426 360 4478 ἐπὶ
393 4428 475 4492 σὲ,
509 4430 609 4481 καὶ
650 4427 1006 4499 περιϐαλοῦσί
1042 4448 1123 4485 σοι
1166 4432 1214 4485 οἱ
1258 4433 1443 4505 ἐχθροί
1485 4451 1581 4488 σου
1628 4435 1727 4505 χά-

1848 4432 1992 4496 ians,
2024 4425 2204 4481 aiebat
2228 4424 2273 4457 ³⁸
2309 4447 2321 4479 ;
2353 4441 2372 4474 ι
2413 4421 2472 4479 Si
2512 4421 2861 4490 cognovisses
2901 4426 2956 4472 et
3006 4429 3061 4472 tu
3091 4420 3143 4473 in
3174 4420 3261 4476 die
3312 4421 3407 4475 illo

178 4530 319 4585 ρακα,
358 4520 452 4573 καὶ
513 4518 993 4592 περικυκλώσουσί
1052 4539 1133 4587 σε,
1183 4524 1279 4577 καὶ
1332 4523 1612 4592 συνέξουσί
1667 4541 1728 4579 σε

1848 4535 1955 4590 qua:
2004 4520 2069 4573 ad
2101 4532 2295 4588 pacem
2330 4526 2476 4570 tuam
2510 4513 2839 4569 conducunt.
2865 4509 3016 4565 Nunc
3045 4521 3232 4567 autem
3262 4513 3405 4569 abs-

176 4605 421 4675 πάντοθεν,
467 4611 570 4665 καὶ
621 4611 907 4680 ὲδαφιοῦσί
956 4630 1014 4665 σε
1057 4614 1148 4666 καὶ
1200 4614 1267 4668 τὰ
1316 4616 1481 4670 τέκνα
1544 4633 1666 4670 σουο
1704 4638 1722 4667 ι

1848 4597 2047 4663 rondita
2094 4616 2223 4663 sunt
2269 4605 2337 4660 ab
2369 4603 2544 4660 oculis
2587 4603 2696 4657 tuis
2725 4620 2740 4658 :
2768 4602 2896 4670 quia
2914 4601 3138 4661 venient
3170 4603 3288 4659 dies
3316 4621 3409 4659 su-

177 4695 270 4748 τοτὲ
292 4697 363 4762 δὲ,
387 4699 463 4764 ὡς
492 4699 629 4770 περὶ
652 4698 751 4751 τοῦ
784 4698 941 4752 λαοῦ·
978 4719 996 4751 t
1025 4701 1213 4754 Ἔσται
1244 4702 1351 4775 γὰρ
1380 4703 1593 4773 ἀνάγκη
1634 4719 1729 4773 με·

1848 4713 1926 4753 »ει-
1958 4707 2031 4762 te,
2066 4706 2121 4753 et
2153 4694 2576 4752 circumdabunt
2605 4703 2658 4749 te
2685 4693 2889 4749 inimici
2925 4693 2998 4748 tui
3021 4694 3187 4760 vallo,
3218 4705 3273 4751 et
3296 4697 3408 4753 cin.

177 4784 285 4859 τάλη
314 4791 400 4843 ἐπὶ
446 4786 553 4860 τῆς
606 4793 747 4861 γῆς,
795 4791 888 4844 καὶ¹
940 4792 1076 4864 ὀργὴ
1108 4792 1187 4863 τῷ
1220 4791 1336 4865 λαῷ
1381 4792 1577 4865 τούτῳ.
1615 4792 1727 4846 Καὶ

1848 4797 1956 4856 gent
1986 4797 2036 4842 te
2071 4787 2308 4857 undique
2332 4826 2347 4850 ,
2391 4794 2449 4841 et
2478 4785 2866 4855 espugnahunt
2901 4791 2954 4839 te
2975 4823 2992 4849 ,
3022 4793 3076 4840 et
3102 4786 3224 4842 solo
3256 4788 3404 4843 adae-

179 4879 426 4935 πεσοῦνται
456 4885 519 4938 ὲν
554 4883 790 4954 στόματι
832 4883 1104 4954 μαχαίρας
1152 4884 1245 4938 καὶ
1287 4884 1728 4956 αἰχμαλωτισθή-

1848 4881 2074 4948 ιιιοιιυηι
2098 4919 2113 4945 ,
2150 4889 2208 4933 et
2252 4878 2394 4934 tllios
2442 4886 2565 4933 tuos
2597 4877 2825 4940 elident;
2860 4894 2879 4928 ι
2913 4876 3078 4933 modo
3105 4878 3172 4933 de
3203 4881 3404 4950 p0pulo

182 4981 323 5024 σονται
356 4976 433 5038 είς
484 4975 670 5029 πάντα
717 4973 787 5027 τά
828 4973 953 5046 ἔθνη
978 4992 993 5006 θ
1036 4975 1131 5028 καὶ
1169 4975 1521 5047 Ἰερουσαλὴμ
1569 4975 1723 5030 ἔσται

1852 4983 1950 5040 pso
1996 4968 2176 5023 aiebat
2208 4985 2223 5023 :
2259 4984 2278 5019 ι
2315 4968 2437 5022 Erit
2474 4966 2620 5022 enim
2665 4965 2845 5020 clades
2872 4981 3066 5037 magna
3094 4978 3156 5024 et
3184 4970 3266 5025 ira
3305 4970 3398 5027 Dei

180 5066 449 5137 πατουμένη
493 5065 604 5120 ὑπὸ
647 5065 841 5129 ἐθνῶν,
871 5066 1029 5139 ἄχρις
1062 5061 1123 5121 οὗ
1161 5068 1488 5140 πληρωθῶσι
1540 5069 1721 5141 καιροὶ

1848 5062 2086 5116 ιιινθτειιε
2134 5061 2279 5114 hunc
2312 5059 2605 5129 populum;
2640 5066 2696 5114 et
2724 5058 2919 5113 cadent
2972 5058 3025 5112 in
3059 5074 3156 5114 ore
3185 5062 3346 5130 gladii
3377 5099 3397 5129 ,

181 5146 366 5207 ἓθνῶν.)
404 5156 519 5209 Καὶ
568 5154 769 5209 πάλιν
810 5173 827 5206 ι
861 5155 1026 5209 Ὅταν
1054 5156 1109 5211 δὲ
1157 5156 1302 5227 ἴδητε
1344 5157 1721 5229 κυκλουμένην

1848 5164 1882 5208 :t
1905 5155 2102 5223 captivi
2132 5153 2398 5209 ducentur
2429 5153 2484 5206 in
2509 5167 2700 5208 omnes
2726 5160 2936 5221 gentes.
2984 5150 3050 5205 Et
3098 5151 3398 5208 Jerusalem

182 5236 262 5293 ὕπὸ
295 5246 672 5318 στρατοπέδων
706 5245 804 5317 τὴν
843 5245 1211 5321 Ἰερουσαλὴμ,
1242 5249 1359 5303 τότε
1406 5249 1602 5318 γνῶτε,
1639 5249 1721 5301 ὅτι

1848 5246 2130 5301 :alcabitur
2170 5260 2198 5299 a
2250 5244 2498 5315 gentibus
2524 5288 2537 5311 ,
2571 5244 2742 5299 donec
2786 5242 3111 5311 impleantur
3153 5252 3395 5315 tempora

180 5326 365 5399 ἠγγυιεν
393 5339 425 5408 ἡ
467 5339 758 5410 ἐρήμωσις
788 5336 977 5408 αὐτῆς.
1005 5357 1023 5390 ι
1055 5339 1358 5413 Συγκρίνας
1391 5340 1450 5396 δέ
1495 5357 1580 5405 τις
1625 5334 1723 5404 τὰς

1848 5338 2092 5409 gentium.
2129 5356 2149 5389 ι
2180 5335 2249 5391 Ει
2283 5350 2508 5391 rursus:
2561 5352 2580 5387 t
2625 5334 2760 5391 Cum
2792 5345 2970 5391 autem
2996 5334 3240 5391 videritis
3283 5337 3398 5391 cir-

233 5443 271 5477 "
290 5445 412 5506 Luc.
440 5467 556 5507 ιιι.

235 5558 329 5633 (ﬁt)
351 5563 450 5629 Εις
467 5564 655 5635 ἐννέα
678 5561 994 5632 μυριάδας.
1020 5562 1390 5619 Hallucinatur
1416 5563 1704 5635 Eusebigts.
1812 5564 1978 5635 millia
2016 5565 2348 5635 pervenisse.
2382 5562 2561 5620 Locus
2590 5574 2672 5621 est
2704 5565 2776 5620 in.
2801 5564 2903 5620 fine
2928 5563 3053 5635 libri
3098 5579 3171 5620 Vl.
3203 5562 3393 5633 Itaque

182 5621 329 5697 Retine
351 5621 484 5688 enim
513 5621 793 5702 Josep'ltu's
833 5621 1254 5704 ltocr'dicit,psed
1297 5645 1508 5689 tantum
1557 5630 1705 5690 atIir-
1813 5621 2031 5693 merito'
2060 5635 2583 5704 (lhristophorsonus
2631 5637 2731 5692 hoc
2784 5635 2903 5690 loco
2958 5634 3177 5691 Eusebii
3232 5621 3393 5691 veil.»

185 5709 286 5765 mat,
313 5718 595 5775 numerum
628 5718 821 5775 eorum
856 5703 947 5772 qui
980 5713 1092 5775 toto
1129 5702 1252 5757 belli
1291 5715 1532 5774 tempore
1562 5707 1705 5774 capti
1815 5703 2208 5775 aliquantulum
2243 5702 2572 5761 immolavit.

184 5777 341 5825 tanta
375 5772 658 5833 Romanis.
714 5773 783 5826 ad
836 5773 1123 5844 nonaginta
1180 5772 1709 5844 septeni—ltotnittutu

528 5867 817 5926 Pnnos.
867 5865 983 5926 Gn.
1028 5863 1172 5927 XX.
2819 5875 2839 5893 "
3130 5869 3169 5927 8

3477 5396 3488 5464 ι
