3894 6492
539 275 658 338 235

1253 276 1520 335 susum
1557 274 2032 334 cmsamssszs
2071 273 2224 332 OPP.
2263 272 2443 330 PARS
2479 274 2520 332 ι.
2562 305 2631 315 -
2668 274 3064 337 msromca.
3132 238 3137 249 ’

3681 260 3797 343 7256

544 398 794 453 cumdari
823 398 892 453 ab
946 397 1189 454 exercitu
1216 396 1516 455 Jerusalem
1541 437 1557 463 ,
1610 406 1736 453 tunc
1771 398 1965 453 scitote
1986 398 2078 469 qui

2186 456 2187 459 η
2214 394 2307 450 ⁸τοῦ
2341 394 2592 467 Σωτῆρος
2618 393 2777 467 ἡμῶν
2805 395 2978 464 λέξεις
3003 398 3124 460 ταῖς
3165 396 3378 463 λοιπαῖς
3418 397 3513 453 τοῦ
3547 414 3795 472 συγγραο

548 488 1005 559 appropinquavit
1047 487 1311 543 desolatio
1354 488 1475 558 ejus
1517 487 1586 542 “.
1640 505 1662 540 ι
1707 487 1864 555 Quod
1897 485 1943 543 si
1990 487 2113 557 quis

548 577 860 636 Servatoris
906 580 1083 636 nostri
1108 581 1280 635 verba
1306 594 1432 635 cum
1464 581 1531 640 iis
1559 588 1862 651 comparet,
1896 596 2016 652 qua:
2043 580 2111 639 ab

547 672 769 743 eodem;
796 671 1077 741 Scriptore
1124 674 1191 729 de
1223 672 1480 728 universo
1514 671 1658 728 bello
1684 682 2111 729 commemorata

541 774 692 833 sunt,
722 765 841 820 ﬁeri
872 780 978 820 non
1012 772 1189 836 potest
1214 764 1344 835 quin
1379 763 1680 820 admiretur
1706 765 2108 836 praescientiam

541 875 607 915 ac
658 858 1061 930 praedictionem
1106 856 1416 912 Servatoris
1459 857 1677 923 nostri,
1714 872 1948 928 eamque
1982 874 2110 916 vere

540 952 785 1006 divinam
815 960 871 1006 et
901 964 1063 1020 supra
1106 948 1219 1020 82
1266 948 1492 1004 modum
1525 949 1851 1019 stupendam
1879 965 2003 1006 esse
2030 950 2108 1005 la-

538 1054 737 1102 teatur.
769 1045 849 1099 Ac
879 1044 949 1098 de
992 1043 1059 1097 iis
1089 1042 1304 1111 quidem
1343 1057 1463 1112 qua:
1492 1041 1764 1098 universa:
1793 1041 2105 1099 Judarorum

534 1136 682 1206 genti
723 1145 844 1206 post
873 1134 1184 1205 passionem
1236 1134 1447 1189 Domini
1475 1134 1860 1204 contigerunt,
1896 1145 1953 1190 et
1983 1143 2108 1205 post

532 1241 694 1282 voces
736 1225 860 1281 illas
891 1225 1088 1295 quibus
1139 1222 1407 1278 latronem
1440 1223 1658 1294 quidem
1687 1233 1743 1280 et
1771 1224 2102 1279 homicidam

529 1316 726 1372 mortis
762 1314 1029 1385 supplicio
1060 1312 1305 1379 liberari,
1340 1313 1516 1383 ipsum
1555 1327 1686 1370 vero
1716 1324 1993 1370 auctorem
2023 1315 2103 1369 vi-

528 1416 597 1463 tze
620 1424 653 1465 e
678 1408 857 1465 medio
886 1406 998 1461 tolli
1024 1406 1259 1478 populus
1288 1407 1471 1462 omnis
1519 1405 1977 1473 succlamaverat,
2008 1404 2102 1463 Jo-

525 1502 682 1569 sephi
725 1499 1025 1555 narrationi
1053 1497 1350 1569 quidquam
1394 1496 1596 1555 addere
1628 1499 1851 1556 minime
1872 1514 2099 1556 necesse

2213 487 2358 559 φέως
2396 488 2656 561 ἱστορίαις
2698 490 2817 552 ταῖς
2840 490 2968 562 περὶ
3010 488 3102 543 τοῦ
3137 490 3337 554 παντὸς
3366 490 3630 562 πολέμου,
3674 492 3796 556 πῶς

2209 580 2312 636 οὐκ
2340 581 2405 635 ἂν
2436 581 2891 655 ἀποθαυμάσειεν,
2935 580 3085 634 θείαν
3110 582 3185 646 ὠς
3218 581 3433 656 ἀληθῶς
3479 583 3575 637 καὶ
3626 584 3799 656 ὑπερ-

2212 673 2361 743 φυῶς
2391 673 2687 747 παράδοξον
2714 673 2811 747 τὴν
2834 674 3136 746 ¹ιτρόγνωσίν
3160 691 3219 727 τε
3247 674 3340 727 καὶ
3366 674 3673 748 πρόρρησιν
3698 675 3793 729 τοῦ

2212 768 2460 840 Σωτῆρος
2496 768 2653 840 ήμῶν
2681 767 3038 840 ὁμολογήσας.
3076 766 3212 838 Περὶ
3241 767 3341 839 μὲν
3376 763 3471 821 οῦν
3506 766 3618 821 τῶν
3650 768 3794 839 μετά

2208 859 2270 911 τὸ
2304 862 2567 933 σωτήριον
2595 860 2765 924 πάθος
2800 859 2895 914 καὶ
2937 858 3034 923 τὰς
3079 859 3260 928 φωνάς
3294 860 3513 923 ὲκείνας
3554 861 3613 914 ὲν
3641 856 3731 925 αἷς
3755 862 3792 932 ή

2208 949 2316 1004 τῶν
2348 950 2613 1006 Ἰουδαίων
2645 950 2853 1021 πληθὺς
2885 950 2975 1004 τὸν
3008 950 3104 1021 μὲν
3140 948 3341 1023 λῃστὴν
3373 950 3467 1005 καὶ
3494 950 3662 1019 φονέα
3697 949 3791 1002 τοῦ

2208 1040 2435 1095 θανάτου
2487 1041 2831 1116 παρῄτηται,
2876 1041 2968 1095 τὸν
3016 1040 3072 1094 δὲ
3116 1040 3355 1113 ἀρχηγὸν
3402 1042 3503 1114 τῆς
3548 1040 3701 1112 ζωῆς
3730 1042 3791 1108 ιε

2205 1131 2385 1207 αὐτῶν
2428 1131 2699 1187 ἱκέτευσεν
2742 1132 2995 1205 ἀρθῆναι,
3036 1131 3113 1203 τῷ
3161 1133 3323 1186 παντὶ
3359 1132 3790 1205 συμϐεϐηκότων

2204 1224 2375 1291 ἔθνει,
2415 1226 2565 1280 οὐδὲν
2597 1226 2663 1280 ἂν
2707 1225 2814 1279 δέοι
2858 1228 2981 1289 ταῖς
3027 1226 3289 1305 ἱστορίαις
3327 1224 3605 1293 ἐπιλέγειν
3650 1225 3791 1296 (65).

2204 1315 2390 1370 Ταῦτα
2413 1317 2456 1371 δ’
2485 1316 2550 1371 ἂν
2579 1318 2663 1387 εἴη
2691 1316 2896 1369 δίκαιον
2936 1316 3015 1369 ἔτι
3063 1315 3392 1389 προσϐῆναι,
3420 1315 3456 1369 ἀ
3489 1314 3692 1383 γένοιτ’
3720 1312 3791 1368 ἂν

2204 1409 2586 1481 παραστατικά
2654 1407 3058 1480 φιλανθρωπίας
3106 1408 3204 1479 τῆς
3256 1406 3577 1476 παναγάθου
3646 1423 3789 1480 προ-

2202 1501 2370 1567 νοίας,
2396 1501 2805 1573 τεσσαράκοντα
2834 1503 2917 1573 ἐφ’
2957 1502 3098 1565 ὅλοις
3139 1501 3282 1556 ἔτεσι
3313 1501 3450 1572 μετά
3493 1500 3594 1571 τὴν
3640 1500 3792 1553 κατά

522 1604 627 1648 est.
657 1594 750 1648 Illa
782 1607 910 1647 vero
936 1591 1174 1659 adjicere
1214 1606 1427 1660 aequum
1461 1590 1623 1647 luerit
1647 1631 1665 1655 .
1697 1591 1894 1662 quibus
1926 1592 2074 1649 divin

2199 1593 2295 1647 τοῦ
2325 1594 2559 1667 Χριστοῦ
2588 1594 2815 1665 τόλμαν,
2845 1593 2935 1647 τὸν
2958 1592 3076 1648 κατ’
3102 1592 3281 1647 αὐτῶν
3304 1592 3525 1663 ὀλεθρον
3546 1589 3788 1664 ὕπερθε-

522 1681 778 1737 Numinis
806 1679 1094 1735 clementia
1120 1693 1190 1734 ac
1212 1678 1557 1749 providentia
1588 1680 1899 1737 declaratur
1931 1699 1947 1736 :
1976 1697 2078 1754 qua

2204 1666 2499 1758 μένης,[’έν
2543 1686 2688 1750 ὅσοις
2740 1684 2849 1740 τῶν
2895 1685 3205 1739 ἀποστόλων
3232 1684 3325 1738 καὶ
3368 1682 3478 1737 τῶν
3520 1680 3789 1755 μαθητῶν

520 1772 741 1844 quidem
769 1779 895 1841 post
916 1770 1190 1842 piaculum
1222 1770 1279 1825 in
1307 1769 1589 1827 Christum
1618 1772 1941 1842 admissum,
1959 1752 2078 1844 qua-

2196 1752 2443 1843 πλείους,
2481 1776 2733 1844 Ἰἀκωϐός
2773 1795 2833 1831 τε
2878 1777 3093 1864 αύτὸςό
3136 1776 3261 1847 τῇδε
3297 1752 3532 1844 πρῶτος
3553 1752 3786 1831 ἐπίσκο-

520 1862 774 1935 dragiuta
795 1877 1063 1917 annorum
1094 1861 1272 1932 spatio
1292 1902 1310 1931 ,
1344 1862 1577 1918 exitium
1607 1862 1823 1920 illorum
1857 1865 2078 1922 distulit.

2195 1887 2324 1938 πος,
2368 1868 2461 1923 τοῦ
2503 1868 2708 1941 Κυρίου
2753 1861 3102 1941 χρηματίζων
3145 1867 3401 1939 ἀδελφὸς,
3432 1868 3512 1921 ἔτι
3553 1867 3634 1939 τῷ
3682 1867 3787 1941 βίῳ

520 1957 642 2026 Quo
673 1955 729 2010 in
759 1965 1001 2025 tempore
1032 1953 1263 2022 apostoli
1302 1969 1369 2011 ac
1411 1954 1667 2025 discipuli
1708 1970 1845 2026 pene
1873 1972 2078 2021 omnes.

2195 1963 2501 2036 περιόντες,
2551 1963 2645 2017 καὶ
2675 1964 2760 2016 ἐπ’
2801 1963 2969 2034 αὐτῆς
3000 1962 3100 2033 τῆς
3138 1960 3527 2035 Ἱεροσολύμων
3568 1960 3786 2024 πόλεως

498 2060 577 2105 πει
617 2046 854 2103 Jacobus
884 2045 1002 2116 ipse
1030 2046 1237 2115 primus
1267 2045 1370 2101 loci
1403 2045 1549 2103 illius
1576 2046 1885 2120 episcopus,
1919 2048 1967 2106 is
1993 2051 2078 2121 qui

2193 2055 2292 2121 τάς
2323 2053 2601 2127 διατριϐὰς
2641 2040 2973 2126 ποιούμενοι,
3009 2053 3169 2126 ἕρκος
3207 2050 3395 2124 ὥσπερ
3430 2051 3787 2125 ὀχυρώτατον

519 2141 692 2197 frater
725 2139 940 2197 Domini
978 2138 1282 2204 dicebatur,
1312 2139 1490 2196 adhuc
1517 2140 1839 2211 superstites
1862 2182 1879 2209 ,
1918 2151 1977 2199 et
2029 2143 2087 2199 in

516 2234 638 2303 ipsa
685 2230 1185 2303 Hierosolymorum
1238 2230 1459 2287 civitate
1504 2232 1802 2303 degentes,
1836 2234 2088 2291 lirmissi-

516 2340 665 2379 mum
701 2322 803 2379 loci
824 2324 1211 2379 munimentum
1230 2325 1562 2392 perstabant,
1588 2340 1710 2379 cum
1740 2325 1924 2382 divina
1953 2326 2086 2383 Pro-

516 2415 754 2469 videntia
782 2415 961 2469 adhuc
982 2428 1079 2469 eos
1108 2414 1504 2485 patientissime
1536 2418 1853 2485 sustineret,
1875 2420 1919 2474 si
1945 2419 2088 2477 forte

515 2506 933 2561 commissorum
963 2502 1252 2562 criminum
1299 2508 1675 2578 pmniteutiam
1714 2522 1961 2581 agentes,
1985 2527 2087 2567 ve-

514 2600 662 2652 niam
705 2608 763 2652 et
803 2599 1031 2653 salutem
1059 2600 1321 2667 consequi
1366 2610 1586 2670 possent
1618 2618 1633 2656 :
1671 2617 1902 2673 cumque
1928 2605 2077 2674 ejus-

510 2691 656 2745 modi
696 2690 963 2759 patientia
1011 2692 1235 2748 minime
1291 2703 1547 2749 contenta
1582 2694 1679 2749 Dei
1722 2696 2073 2768 benignitas,

511 2784 802 2839 horrendis
835 2785 1155 2854 quibusdam
1203 2785 1371 2857 signis
1400 2803 1464 2842 ac
1498 2788 1767 2857 portentis
1814 2790 2078 2846 divinitus

507 2874 692 2937 editis,
723 2874 1065 2930 calamitates
1088 2873 1244 2945 ipsis,
1276 2874 1380 2930 nisi
1406 2878 1779 2947 patuitentiam
1810 2879 2073 2951 egissent,

2190 2147 2497 2219 παρέμενον
2544 2144 2621 2217 τῷ
2664 2146 2850 2218 τόπῳ,
2892 2146 2989 2217 τῆς
3044 2145 3195 2210 θείας
3246 2144 3556 2215 ἐπισκοπῆς
3606 2142 3787 2196 είσέτι

2190 2239 2312 2294 τότε
2361 2236 2850 2310 μακροθυμούσης,
2891 2237 2939 2290 εί
2971 2237 3077 2308 ἀρα
3106 2235 3236 2289 ποτὲ
3270 2234 3549 2306 δυνηθεῖεν
3582 2233 3674 2302 ἐφ’
3699 2227 3785 2297 οἷς

2191 2330 2422 2402 ἔδρασαν
2478 2331 2942 2401 μετανοήσαντες,
2991 2326 3318 2399 συγγνώμης
3359 2327 3455 2380 κα)⁸
3499 2325 3784 2396 σωτηρίας

2190 2423 2393 2491 τυχεῖν,
2437 2421 2530 2474 καὶ
2580 2419 2713 2492 πρὸς
2762 2421 2830 2492 τῇ
2876 2417 3107 2489 τοσαύτῃ
3156 2416 3541 2489 μακροθυμίᾳ,
3593 2432 3784 2487 παρα-

2190 2512 2373 2580 δόξους
2417 2512 2713 2585 θεοσημίας
2759 2512 2865 2566 τῶν
2906 2511 3203 2582 μελλόντων
3254 2510 3437 2572 αὐτοῖς
3477 2508 3554 2580 μὴ
3602 2523 3781 2579 μετα-

2193 2608 2415 2677 νοήσασι
2469 2604 2841 2677 συμϐήσεσθαι
2897 2601 3335 2675 παρασχομένης.
3373 2602 3441 2653 ’Δ
3486 2600 3582 2654 καὶ
3632 2600 3783 2655 αύτά

2187 2697 2407 2769 μνήμης
2455 2697 2735 2769 ἠξιωμένα
2785 2695 2921 2767 πρὸς
2965 2694 3058 2748 τοῦ
3106 2691 3473 2764 δεδηλωμένου
3529 2708 3785 2764 συγγρα-

2185 2787 2359 2858 φέως,
2414 2787 2564 2842 οὐδὲν
2620 2782 2730 2841 οἷον
2790 2790 2901 2852 τοῖς
2948 2785 3075 2858 τῇδε
3124 2782 3405 2855 προσιοῦσι
3458 2783 3527 2854 τῇ
3582 2785 3779 2853 γραφῇ

2182 2880 2524 2953 παραθεῖναι.

504 2977 798 3023 eventuras
827 2968 1239 3038 praenuntiant.
1284 2968 1414 3037 Qua:
1447 2971 1664 3040 quidem
1702 2972 1854 3044 signa
1887 2990 2011 3030 cum
2058 2988 2091 3029 a
2152 2974 2465 3046 supradicto
2524 2973 2766 3029 historia:
2804 2973 3073 3043 scriptore
3105 2969 3301 3026 litteris
3352 2966 3608 3023 mandata
3632 2966 3776 3023 sint’

510 3077 620 3117 non
655 3061 1062 3116 incommodum
1100 3059 1268 3114 fuerit
1317 3065 1487 3117 nostri
1520 3080 1737 3138 quoque
1782 3072 1960 3140 operis
1989 3069 2288 3125 lectoribus
2320 3065 2582 3122 exhibere

1106 3153 1334 3210 CAPUT
1364 3155 1496 3214 Vlll.

962 3244 1041 3300 De
1068 3246 1235 3316 signis
1258 3255 1381 3301 ante
1406 3245 1620 3301 bellum.

577 3341 805 3413 Sumpto
836 3344 1002 3412 igitur
1038 3345 1090 3397 in
1136 3358 1330 3399 manus
1380 3343 1521 3398 libro
1547 3384 1563 3409 ,
1594 3342 1764 3399 recita
1788 3334 1924 3399 inihi
1955 3357 2075 3413 qum

505 3435 561 3490 in
592 3445 747 3491 sexto
778 3436 1140 3491 Historiarum
1167 3437 1439 3491 volumine
1480 3434 1797 3491 referuntur
1839 3436 1925 3490 his
1954 3451 2075 3491 ver-

498 3527 617 3585 bis:
654 3545 673 3579 ι
700 3526 766 3582 Et
786 3529 940 3585 falsis
970 3531 1185 3599 quidem
1237 3530 1343 3584 illis
1387 3530 1626 3596 vatibus,
1687 3546 1854 3599 seque
1906 3547 1936 3585 a
1967 3531 2075 3587 Deo

500 3623 699 3676 missos
745 3622 1179 3687 mentientibus,
1227 3621 1415 3677 infelix
1454 3623 1688 3693 populus
1727 3622 1889 3678 ﬁdem
1920 3624 2074 3680 adhi-

502 3713 687 3766 bebat.
727 3712 1084 3768 Evideutibus
1110 3723 1292 3768 autem
1319 3715 1601 3785 prodigiis,
1631 3724 1686 3770 et
1717 3714 1956 3770 futuram
1987 3731 2075 3771 so-

500 3803 786 3857 litudinem
817 3805 1329 3874 prtenuntiantibus,
1354 3820 1531 3875 neque
1558 3806 1919 3862 advertebant
1949 3809 2070 3863 ani-

504 3907 620 3949 mos
666 3909 843 3965 neque
874 3896 1191 3951 credebant.
1224 3897 1332 3953 Sed
1379 3906 1634 3967 tanquam
1661 3899 1904 3963 attoniti,
1934 3914 2069 3955 ocu-

2713 3150 3108 3209 ΚΕΦᾹΛΔΙΟΝ
3141 3150 3221 3203 H’.

2172 3248 2315 3318 Περὶ
2330 3247 2446 3303 τῶν
2466 3246 2577 3315 πρὸ
2595 3247 2703 3300 τοῦ
2718 3245 2982 3315 πολέμου
2997 3242 3261 3327 σημείων
3274 3242 3415 3315 (Νἰο.
3438 3240 3486 3305 Η
3496 3239 3775 3310 .Ε.ιιι,ι).

2245 3343 2357 3397 Καὶ
2388 3342 2453 3413 δὴ
2488 3339 2667 3394 λαϐὼν
2711 3336 2982 3408 ἀνάγνωθι
3032 3335 3101 3389 τὰ
3133 3335 3272 3390 κατὰ
3320 3336 3421 3408 τὴν
3445 3336 3610 3406 ἕκτην
3656 3337 3776 3388 τῶν

2185 3432 2480 3503 Ἰστοριῶν
2501 3431 2649 3503 αύτῷ
2679 3429 3021 3502 δεδηλωμένα
3051 3430 3107 3482 ὲν
3139 3428 3367 3492 τούτοιςο
3398 3446 3418 3479 ι
3469 3428 3574 3480 Τδν
3627 3427 3772 3495 γοῦν

2175 3527 2355 3581 ἄθλιον
2386 3526 2575 3596 δῆμον,
2603 3526 2651 3577 οί
2704 3523 2802 3594 μὲν
2831 3520 3141 3585 ἀπατεῶνες
3175 3521 3267 3574 καὶ
3295 3519 3773 3590 καταψευδόμενοι

2176 3616 2268 3672 τοῦ
2286 3615 2442 3679 Θεοῦ,
2471 3613 2772 3685 τηνικαῦτα
2796 3611 3147 3684 παρέπειθον,
3175 3614 3285 3675 τοῖς
3306 3611 3349 3665 δ’
3380 3612 3637 3683 ἐναργέσι
3669 3614 3771 3665 καὶ

2174 3710 2606 3784 προσημαίνουσι
2634 3709 2732 3780 τὴν
2768 3707 3061 3780 μέλλουσαν
3088 3705 3305 3759 ἔσεσθαι
3338 3707 3573 3777 ἐρημίαν
3600 3706 3772 3776 τέρα-

2175 3822 2258 3859 σιν
2305 3802 2428 3856 οὔτε
2474 3803 2759 3873 προσεῖχον
2799 3798 2921 3852 οὕτε
2960 3798 3261 3862 ἐπίστευον,
3300 3796 3415 3850 ἀλλ’
3456 3797 3533 3859 ὡς
3587 3798 3768 3867 ἐμϐε-

2172 3892 2548 3968 ϐροντημένοι,
2579 3890 2673 3943 καὶ
2711 3891 2847 3960 μήτε
2878 3888 3098 3961 ὄμματα
3134 3889 3269 3958 μήτε
3303 3885 3480 3957 ψυχὴν
3518 3885 3767 3956 ἔχοντες,

499 3984 679 4055 lisque
694 3995 750 4040 et
768 3997 951 4041 mente
966 3989 1132 4056 capti,
1153 3988 1321 4056 ipsius
1340 3989 1429 4043 Dei
1449 3990 1716 4058 praeconia
1734 4005 1799 4047 ac
1812 3992 2069 4048 vaticinia

2186 3985 2278 4040 τῶν
2320 3982 2414 4038 τοῦ
2464 3982 2598 4037 Θεοῦ
2633 3981 3000 4053 κηρυγμάτων
3052 3980 3381 4050 παρήκουον·
3424 3977 3584 4031 τοῦτο
3630 3979 3765 4052 μὲν,

499 4078 726 4147 insuper
761 4078 1098 4142 habuerunt;
1138 4081 1371 4147 primum
1415 4096 1538 4134 cum
1583 4096 1746 4152 supra
1788 4083 2068 4138 civitatem

496 4170 650 4224 stetit
678 4169 830 4224 sidus
850 4169 1026 4224 simile
1046 4169 1245 4241 gladio,
1268 4179 1326 4228 et
1358 4170 1488 4226 anni
1514 4172 1691 4242 spatio
1722 4172 1917 4229 ardere
1943 4188 2068 4242 pcr-

2172 4080 2260 4133 ὄτε
2299 4077 2409 4150 (66)
2442 4077 2581 4148 ὑπὲρ
2605 4074 2702 4144 τὴν
2727 4073 2877 4125 πόλιν
2908 4072 3104 4143 ἄστρον
3135 4071 3265 4140 ἔστη
3293 4070 3540 4142 ῥομφαίᾳ.
3575 4087 3767 4143 παρα.

2169 4170 2417 4241 πλήσιον,
2448 4170 2543 4223 καὶ
2568 4168 2901 4240 παρατείνας
2940 4166 3028 4217 ἐπ’
3054 4164 3296 4218 ἐνιαυτὸν
3331 4165 3605 4235 κομήτης·
3627 4163 3766 4217 τοῦ-

495 4262 1063 4332 severavitcometes;
1109 4261 1305 4319 deinde
1352 4278 1476 4319 cum
1525 4274 1654 4321 ante
1703 4260 2065 4321 deiectionem

2186 4281 2228 4317 το
2249 4263 2293 4317 δ’
2325 4262 2488 4334 ἡνίκα
2522 4261 2628 4333 πρὸ
2678 4260 2778 4329 τῆς
2817 4256 3169 4320 ἀποστάσεως
3210 4257 3305 4308 καὶ
3343 4254 3439 4309 τοῦ
3482 4256 3619 4327 πρὸς
3662 4257 3765 4310 τὸν

491 4352 808 4423 primusque
857 4353 982 4409 belli
1036 4361 1255 4419 motus,
1307 4353 1506 4426 pupula
1556 4354 1625 4410 ad
1674 4352 1872 4411 festum
1922 4356 2066 4411 diem

2186 4352 2403 4423 πόλεμον
2427 4352 2745 4423 κινήματος,
2776 4343 3160 4421 ἀθροιζομένου
3200 4346 3294 4400 τοῦ
3326 4345 3459 4400 λαοῦ
3483 4347 3620 4419 πρὸς
3655 4348 3762 4420 τὴν

489 4445 820 4515 Azymorum
868 4454 1240 4516 congregato,
1285 4456 1440 4502 sexto
1496 4446 1621 4533 idus
1668 4446 1875 4517 Aprilis
1926 4448 2064 4503 hora

2186 4443 2277 4499 τῶν
2304 4442 2527 4514 ἀζύμων
2559 4441 2774 4514 ἑορτὴν,
2814 4439 2973 4512 ὀγδόῃ
3000 4437 3259 4492 Ξανθικοῦ
3292 4438 3460 4509 μηνὸς
3486 4438 3630 4491 κατά
3662 4457 3761 4493 νυ-

491 4534 665 4588 noctis
712 4550 854 4590 noua
880 4576 897 4601 ,
937 4544 1090 4592 tanta
1124 4546 1345 4608 repente
1387 4537 1478 4594 lux
1524 4531 1669 4596 circa
1706 4539 1878 4595 altare
1922 4550 2062 4594 tem-

2186 4539 2294 4602 ιτὸς
2346 4537 2572 4607 ὲννάτην
2620 4534 2788 4607 ὥραν,
2832 4532 3055 4586 τοσοῦτο
3112 4531 3225 4601 φῶς
3276 4531 3611 4602 περιέλαμψε
3659 4533 3759 4586 τὸν

489 4625 748 4696 plumque
801 4627 1137 4684 circumfusa
1196 4638 1321 4695 est,
1375 4639 1434 4685 ut
1494 4631 1583 4687 die
1625 4631 1737 4702 jam
1800 4631 2062 4687 clarissi-

492 4731 615 4769 mus
659 4731 781 4772 esse
835 4718 1116 4774 videretur
1172 4737 1187 4774 :
1235 4734 1409 4791 eaque
1466 4721 1555 4777 lux
1623 4726 1771 4780 hora:
1821 4726 1929 4796 83
1988 4726 2064 4781 di-

491 4804 671 4859 midiae
728 4807 905 4874 spatio
929 4810 1246 4876 permansit.
1305 4811 1458 4877 Quod
1516 4813 1786 4883 imperitis
1838 4815 2059 4883 quidem

490 4893 693 4949 bonum
756 4910 916 4952 omen
968 4913 1092 4955 esse
1162 4899 1450 4958 videbatur
1521 4917 1536 4956 :
1602 4905 1697 4960 sed
1772 4918 2055 4961 sacrorum

555 5028 602 5063 “
630 5029 765 5087 Luc.
801 5047 917 5090 ιιι.

558 5170 672 5244 (65)
683 5171 817 5248 Ταῖς
851 5175 1137 5248 ἱστορίαις
1155 5177 1476 5248 ἐπιλέγειν.
1502 5177 1637 5231 Male
1665 5177 2049 5248 CltristOplior—

484 5256 652 5297 sonus
678 5245 846 5298 vertit
871 5247 927 5297 in
952 5246 1051 5297 huc
1071 5246 1291 5301 historia
1322 5245 1575 5303 disserere
1598 5264 1703 5302 non
1728 5256 1803 5300 est
1837 5247 2052 5299 omnino

485 5327 709 5384 necesse.
748 5310 969 5368 Rectius
997 5313 1297 5380 Musculus,
1324 5334 1430 5373 non
1472 5334 1602 5384 opus
1638 5326 1713 5371 est
1740 5328 1794 5369 ut
1818 5315 2051 5368 historiis

484 5380 744 5452 (addamus
796 5385 1020 5452 aliquid.
1054 5385 1326 5441 Historias
1366 5380 1524 5443 vocat
1572 5386 1840 5441 Eusebius
1887 5384 2054 5439 libros

484 5450 704 5530 Josephi
743 5452 822 5507 De
852 5450 1058 5510 acidio
1084 5457 1232 5530 urbis
1265 5456 1794 5530 _Il_ie_rosolymitanw,
1825 5471 1932 5510 non
1961 5454 2053 5509 hi-

484 5526 903 5596 stqgi_t_r_m__su_am,
927 5534 985 5596 ut
1014 5526 1233 5596 putavit,
1256 5526 1806 5596 Christophorsonus.

554 5582 669 5673 (66)
699 5586 855 5673 Vltlg.
878 5582 1055 5673 ἐοῦτό
1072 5594 1193 5665 μὲν
1212 5595 1331 5673 ὕειΣ
1342 5582 1547 5673 βοὶ-ὧι)
1569 5596 1681 5662 ὅτε,
1702 5606 1776 5673 ut
1794 5592 2049 5673 est_apud

480 5657 777 5735 Josephum
808 5657 860 5715 in
890 5657 1098 5728 lib.vu',
1118 5680 1242 5735 pag.
1263 5666 1389 5720 960.
1408 5657 1680 5721 Cmteruui
1715 5657 2050 5734 Nicephorius

482 5731 699 5799 quidem
735 5740 939 5790 astrum
972 5734 1087 5809 hoc
1119 5731 1303 5806 'gla'dio
1347 5735 1545 5807 simile,
1590 5748 1645 5794 et
1675 5731 1921 5792 coriietcii
1948 5735 2048 5811 μυί

2171 4628 2353 4702 βωμὸν
2402 4628 2497 4680 κα)¹
2538 4627 2629 4679 τὸν
2658 4624 2805 4690 ναὸν,
2859 4623 2935 4687 ὡς
2975 4622 3151 4676 δοκεῖν
3182 4623 3397 4693 ἡμέραν
3430 4618 3566 4675 εἶναι
3608 4621 3759 4693 λαμ-

2169 4720 2343 4794 πράν·
2380 4716 2659 4791 καὶ-τοῦτο
2692 4714 3009 4786 παρέτεινεν
3063 4714 3146 4782 ἐφ’
3186 4712 3437 4783 ἡμίσειαν
3463 4711 3636 4783 ὥραν.
3685 4716 3755 4765 ’ὐ

2165 4808 2277 4874 τοῖς
2307 4810 2404 4881 μὲν
2436 4809 2683 4880 ἀπείροις
2716 4804 2919 4874 ἀγαθὸν
2951 4803 3127 4857 ἐδόκει
3166 4802 3325 4867 εἶναι,
3365 4804 3479 4864 τοῖς
3502 4802 3559 4854 δὲ
3594 4804 3753 4872 ἱερο-

2165 4900 2550 4975 γραμματεῦσι
2587 4898 2699 4970 (67)
2758 4896 2863 4968 πρὸ
2919 4895 3025 4949 τῶν
3074 4893 3490 4965 ἀποϐεϐηκότων
3534 4893 3753 4960 εὐθέως

2159 5189 2256 5241 per
2288 5189 2487 5227 annum
2531 5174 2849 5228 continuum
2887 5172 3155 5241 apparuit,
3186 5189 3349 5227 unum
3375 5174 3630 5244 idemque
3669 5178 3753 5230 si-

2159 5248 2259 5298 dus
2287 5260 2410 5297 esse
2437 5244 2790 5306 existimavit,
2826 5258 2931 5296 non
2963 5254 3127 5307 recte,
3157 5255 3214 5295 ut
3240 5246 3453 5311 opinor.

2230 5314 2342 5387 (67)
2366 5314 2500 5387 Τοῖς
2527 5311 2597 5366 δὲ
2621 5312 3172 5387 ἱερογραμματεῦσι.
3200 5311 3349 5387 Legi:
3381 5312 3578 5387 peritos
3609 5327 3749 5387 ver.

2162 5382 2508 5447 tit'Rulinus,
2558 5398 2680 5454 non
2718 5385 2877 5437 male.
2916 5383 3120 5454 Scriba:
3157 5385 3302 5454 enim
3347 5383 3485 5454 apud
3515 5382 3752 5440 Judasos

2161 5456 2323 5508 iidem
2352 5463 2508 5508 erant
2555 5466 2624 5522 ac
2671 5451 2802 5522 legis
2847 5452 3004 5520 periti
3048 5467 3141 5507 seu
3182 5451 3316 5520 legis
3370 5451 3648 5522 doctores,
3684 5466 3747 5508 u'

2162 5533 2313 5579 recte
2342 5524 2546 5579 notavit
2568 5520 2823 5577 Petavius
2857 5523 2909 5577 in
2942 5520 3500 5577 animadversionibus
3528 5520 3594 5573 ad
3622 5522 3747 5575 hmo

2162 5594 2325 5647 resim
2349 5608 2417 5646 xv
2447 5590 2762 5662 Epiphanii.‘
2781 5592 2983 5645 Horum
3013 5606 3208 5662 munus
3232 5602 3350 5647 erat
3377 5603 3561 5646 sacros
3596 5590 3751 5659 legis

2163 5662 2330 5718 libros
2358 5661 2655 5724 custOdire.
2699 5664 3028 5730 eosdemque
3066 5661 3252 5731 [egere
3294 5675 3505 5731 coram,
3534 5662 3750 5729 populo

2164 5735 2218 5787 in
2262 5732 2462 5804 templo
2516 5734 2664 5789 etin
2709 5729 2999 5804 synagoga.
3064 5729 3218 5788 Unde
3276 5731 3332 5787 in
3395 5729 3571 5800 capite
3641 5746 3751 5786 vm
