3894 6480
245 344 340 400 937

1227 344 1585 403 lHlSTORlAE
1621 343 2185 404 ECCLESlA-STICE
2224 342 2354 400 LIB;
2393 342 2484 400 Ill.

3397 346 3509 404 ξω

244 461 424 534 ἐκρίθη
465 460 604 533 (68).
642 463 755 516 Καὶ
809 462 947 516 κατά
976 463 1077 536 τὴν
1108 470 1276 538 αὐτην
1313 466 1529 551 ἑορτὴν,
1559 467 1688 539 βοῦς
1721 468 1818 540 μὲν

1939 467 2121 522 scribae
2155 506 2171 531 ,
2232 481 2295 520 ea
2363 479 2483 534 quae
2546 461 2787 532 posthaic
2850 467 3207 530 evenerunt,
3251 466 3508 534 portendi

243 554 455 624 ἀχθεῖσα
489 554 601 607 ὑπὸ
631 555 730 608 τοῦ
775 557 1076 628 ἀρχιερέως
1111 558 1246 629 πρὸς
1274 557 1374 630 τὴν
1406 559 1616 624 θυσίαν,
1640 561 1824 614 ἔτεκεν

244 649 370 718 ἀρνα
430 647 487 699 ἐν
534 646 622 717 τῷ
684 647 816 719 ἱερῷ
847 648 1015 719 μέσῳ.
1061 649 1124 702 Ἠ
1149 649 1192 701 δ’
1222 650 1512 722 ἀνατολικὴ
1546 652 1689 722 πύλη
1724 652 1824 706 τοῦ

245 740 493 811 ἐνδοτέρω
524 740 710 812 χαλκῆ
736 741 836 812 μὲν
851 737 985 796 οὖσα
1001 743 1092 795 καὶ
1112 742 1513 814 στιϐαρωτάτη,
1535 744 1824 818 κλειομένη

242 833 291 886 δὲ
322 833 443 904 περ)⁵
463 833 655 905 δείλην
685 835 840 906 μόλις
856 836 944 888 ὑπ’
965 835 1264 908 ἀνθρώπων
1278 835 1472 902 εἴκοσι,
1497 839 1592 892 καὶ
1609 841 1826 911 μοχλοῖς

246 927 334 995 μὲν
364 927 766 999 ἐπερειδομένη
797 927 906 1000 (69)
938 929 1310 1000 σιδηροδέτοις,
1356 932 1680 1004 κατάπηγας
1715 935 1825 1005 (70)

243 1017 282 1070 δ’
304 1017 497 1086 ἔχουσα
526 1017 894 1088 βαθυτάτους,
921 1019 1073 1093 ὤφθη
1092 1023 1230 1075 κατά
1259 1021 1450 1086 νυκτὸς
1480 1023 1630 1096 ὤραν
1661 1027 1827 1098 ἕκτην

243 1110 556 1180 αὐτομάτως
589 1112 916 1184 ἠνοιγμένη.
951 1113 1105 1166 Μετά
1136 1114 1191 1167 δὲ
1225 1115 1324 1186 τὴν
1353 1115 1545 1187 ἑορτὴν
1593 1117 1829 1189 ἡμέραις

241 1205 292 1256 ού
320 1204 539 1267 πολλαῖς
576 1203 833 1276 ὓστερον,
878 1207 976 1276 μιᾷ
1007 1208 1100 1260 καὶ
1133 1208 1302 1261 εἰκάδι
1347 1209 1690 1279 Ἀρτεμισίου
1725 1229 1828 1280 μη-

241 1297 337 1360 νὸς,
357 1298 552 1366 φάσμα
581 1292 635 1350 τί
662 1295 938 1369 δαιμόνιον
962 1299 1116 1370 ὤφθη
1156 1301 1334 1371 μεῖζον
1362 1302 1621 1366 πίστεως.
1650 1303 1827 1374 Τέρας

238 1389 277 1442 δ’
303 1389 364 1440 ἂν
395 1389 576 1452 ἔδοξεν
613 1385 759 1443 εἶναι
792 1391 852 1442 τὸ
887 1390 1274 1462 ῥηθησόμενον,
1307 1393 1356 1446 εἱ
1408 1393 1482 1464 μὴ
1528 1394 1621 1447 καὶ
1677 1394 1830 1466 παρά

239 1484 342 1544 τοῖς
369 1480 740 1550 θεασαμένοις
773 1481 1038 1552 ἱστόρητο,
1081 1484 1174 1536 καὶ
1213 1482 1282 1536 τὰ
1315 1483 1831 1556 ἐπακολουθήσαντα

242 1569 396 1640 πάθη,
427 1569 540 1624 τῶν
583 1572 834 1641 σημείων
866 1567 934 1642 ἦν
958 1571 1104 1636 ἀξία.
1146 1573 1260 1646 Πρὸ
1297 1573 1406 1647 γὰρ
1439 1576 1592 1646 ἡλίου
1625 1576 1830 1640 δύσεως

243 1660 383 1732 ὤφθη
426 1662 693 1733 μετέωρα
742 1663 872 1734 περὶ
905 1666 1082 1717 πᾶσαν
1118 1663 1215 1735 τὴν
1245 1664 1428 1738 χώραν
1471 1667 1692 1738 ἀρματα
1736 1668 1830 1721 καὶ

243 1753 506 1824 φάλαγγες
528 1754 758 1806 ἔνοπλοι
786 1755 1093 1808 διάττουσαι
1124 1755 1232 1808 τῶν
1253 1757 1450 1824 νεφῶν,
1474 1760 1569 1812 καὶ
1600 1757 1832 1812 κυκλού-

1881 612 1890 620 ,
1929 558 2020 613 illo
2050 558 2202 626 signo
2229 557 2416 612 statim
2457 555 2797 624 judicarunt.
2840 553 2898 610 lu
2928 555 3118 608 eadem
3171 569 3386 626 quoque
3415 573 3510 612 so-

1927 652 2206 708 lemnitate
2239 667 2405 706 vacca
2436 667 2560 706 cum
2594 665 2624 704 a
2656 650 2915 718 pontiﬁce
2946 649 3013 703 ad
3056 649 3388 705 sacrificium
3412 653 3512 706 ad-

1929 746 2249 809 duceretur,
2277 759 2472 814 agnum
2505 743 2557 797 in
2592 742 2769 797 medio
2799 741 3003 811 templo
3034 742 3197 796 enixa
3242 751 3350 798 est.
3397 742 3509 799 Sed

1928 845 1984 892 et
2013 837 2178 907 ianua
2229 835 2508 890 interioris
2559 835 2790 890 sacrarii
2835 834 3034 890 orienti
3079 833 3338 900 obversa,
3387 851 3511 906 qua:

1931 938 2040 985 tota
2073 943 2213 985 aerea
2267 937 2322 982 et
2369 928 2617 982 immensi
2654 929 2912 998 ponderis
2960 937 3098 992 erat,
3141 937 3198 983 et
3238 944 3361 1000 quae
3406 929 3513 985 sub

1928 1035 2217 1091 vesperam
2258 1022 2346 1076 vix
2377 1035 2406 1074 a
2443 1020 2631 1090 viginti
2674 1019 2993 1074 hominibus
3026 1019 3409 1089 claudebatur,
3454 1029 3512 1077 et

1929 1114 2180 1169 vectibus
2216 1114 2433 1182 quidem
2465 1111 2614 1167 ferro
2649 1111 2924 1172 obvinctis
2951 1113 3346 1176 sustinebatur,
3387 1130 3512 1183 pcs-

1929 1207 2079 1261 snlos
2106 1222 2236 1260 vero
2269 1206 2536 1261 altissime
2583 1205 2637 1259 in
2684 1213 2889 1260 terram
2923 1206 3196 1261 demissos
3245 1206 3509 1271 habebat,

1931 1298 2082 1352 circa
2122 1307 2330 1352 sextam
2383 1297 2558 1352 noctis
2607 1297 2797 1352 horam
2831 1298 2945 1352 visa
2994 1305 3081 1352 est
3127 1308 3324 1368 sponte
3357 1299 3514 1370 pate-

1933 1387 2101 1442 facta.
2133 1388 2328 1443 Paucis
2359 1386 2558 1442 deinde
2583 1397 2707 1456 post
2741 1387 3096 1444 festivitatem
3129 1389 3345 1444 exactis
3391 1389 3513 1445 die-

1930 1478 2055 1545 bus,
2085 1479 2460 1550 prodigiosum
2490 1480 2766 1549 quoddam
2815 1490 3089 1548 spectrum
3140 1483 3398 1550 apparuit
3448 1485 3515 1536 li-

1932 1576 2054 1629 dem
2091 1587 2306 1628 omnem
2345 1587 2632 1642 superans.
2669 1571 2749 1628 Ac
2773 1573 3017 1642 profecto
3049 1575 3102 1630 id
3147 1577 3291 1644 quod
3322 1577 3514 1631 dictu-

1933 1681 2029 1719 rus
2065 1679 2208 1730 sum,
2245 1662 2429 1718 fabula
2462 1679 2586 1720 esse
2613 1666 2912 1731 videretur,
2971 1667 3073 1721 nisi
3107 1668 3174 1721 ab
3202 1669 3286 1734 iis,
3321 1669 3414 1738 qui
3445 1669 3516 1722 il-

1933 1757 2024 1812 lud
2053 1765 2393 1827 spectarunt,
2430 1757 2704 1826 proditum
2737 1768 2908 1823 esset,
2953 1768 3009 1814 et
3053 1759 3360 1815 subsecuta:
3397 1760 3514 1816 cla-

245 1863 394 1918 μεναι
425 1844 527 1910 τὰς
549 1846 770 1909 πόλεις.
806 1847 958 1900 Κατὰ
986 1847 1042 1900 δὲ
1073 1847 1171 1918 τὴν
1197 1850 1393 1920 ἑορτὴν
1419 1850 1452 1921 ἢ
1480 1852 1829 1923 Πεντηκοστὴ

1939 1850 2034 1905 des
2066 1847 2328 1917 ejusmodi
2358 1849 2588 1923 ostentis
2615 1849 3035 1922 haudquaquam
3073 1851 3311 1920 impares
3343 1851 3515 1906 exsti-

241 1939 495 2003 καλεῖται,
528 1939 762 2010 νύκτωρ
813 1941 862 1991 οἱ
895 1940 1059 2011 ἱερεῖς
1095 1941 1454 2013 παρελθόντες
1485 1945 1564 2008 εἱς
1591 1945 1652 1998 τὸ
1685 1947 1828 2016 ἱερὸν

243 2031 415 2103 ὥσπερ
448 2032 645 2095 αὐτοῖς
674 2032 798 2095 ἔθος
827 2028 913 2102 ἦν,
937 2033 1073 2104 πρὸς
1097 2034 1195 2096 τάς
1221 2035 1580 2107 λειτουργίας,
1612 2037 1829 2108 πρῶτον

246 2125 333 2196 μὲν
382 2125 664 2194 κινήσεως
697 2123 905 2193 ἔφασαν
949 2125 1436 2198 ἀντιλαμϐάνεσθαι
1473 2130 1566 2182 καὶ
1595 2130 1825 2194 κτύπου,

246 2217 368 2287 μετά
389 2218 446 2272 δὲ
476 2217 665 2271 ταῦτα
683 2217 872 2286 φωνῆς
907 2217 1126 2290 ἀθρόαςο
1156 2220 1585 2293 Μεταόαίνωμεν
1611 2221 1721 2291 (71)
1753 2223 1831 2275 ὲν·

240 2309 434 2365 τεῦθεν.
480 2311 565 2365 Τὸ
602 2312 663 2365 δὲ
696 2311 902 2365 τούτων
929 2311 1320 2383 φοϐερώτερον·
1354 2312 1560 2383 Ἰησοῦς
1593 2312 1703 2384 γάρ
1747 2331 1828 2376 τις

243 2401 342 2467 υἱὸς
373 2404 656 2466 Ἀνανίου,
679 2404 790 2456 τῶν
821 2404 1062 2467 ἰδιωτῶν,
1098 2404 1374 2476 ἄγροικος,
1415 2405 1521 2477 πρὸ
1548 2406 1828 2477 τεσσάρων

242 2495 365 2547 ἑτῶν
392 2496 487 2549 τοῦ
532 2495 800 2566 πολέμου,
835 2496 904 2549 τὰ
938 2496 1169 2567 μάλιστα
1196 2496 1296 2568 τῆς
1326 2497 1533 2560 πόλεως
1551 2499 1829 2569 εἰρηνευο-

246 2589 400 2660 μένης
449 2592 556 2642 καὶ
604 2589 956 2659 εύθυνούσης,
1007 2588 1176 2642 ἐλθὼν
1208 2590 1300 2642 ἐπὶ
1332 2590 1433 2661 τὴν
1478 2590 1672 2662 ἑορτὴν
1704 2591 1761 2643 ὲν

246 2681 686 2751 σκηνοποιέσθαι
723 2682 933 2746 πάντας
963 2681 1080 2745 ἔθος
1109 2677 1176 2753 ἦν
1207 2681 1282 2753 τῷ
1315 2682 1434 2752 Θεῷ
1464 2683 1574 2752 (72)
1607 2683 1746 2736 κατά
1770 2684 1829 2737 τὸ

246 2769 393 2840 ἱερὸν,
415 2771 689 2840 ἐξαπίνης
725 2772 960 2842 ἀναὸοᾷν
987 2770 1203 2849 ἤρξατοο
1234 2771 1387 2841 Φωνὴ
1418 2773 1511 2824 ἀπ’
1546 2773 1826 2844 ἀνατολῆς,

245 2864 380 2935 φωνὴ
409 2865 530 2918 ἀπὸ
554 2863 786 2926 δύσεως,
823 2863 973 2935 φωνὴ
1017 2863 1124 2916 ἀπὸ
1146 2861 1254 2916 τῶν
1275 2864 1555 2936 τεσσάρων
1589 2866 1825 2936 ἀνέμων,

248 3017 417 3073 Εεᾱτθε
469 3019 661 3073 scriha
702 3025 758 3072 et
814 3017 946 3084 legis
991 3019 1181 3074 doctor
1212 3033 1308 3087 pro
1347 3020 1536 3074 eodem
1576 3021 1828 3076 sumitur.

250 3089 343 3143 Sed
373 3092 489 3143 haec
523 3089 639 3154 jam
674 3091 745 3142 ab
777 3089 902 3142 aliis
930 3098 1110 3142 notata
1151 3101 1296 3143 sunt.
1334 3089 1486 3156 Quod
1517 3107 1645 3144 vero
1677 3110 1704 3144 a
1733 3108 1829 3145 ne-

249 3161 381 3213 mine
425 3161 613 3214 adhuc
661 3159 1020 3214 observatum
1077 3168 1180 3222 est,
1233 3161 1563 3228 prmcipunm
1617 3161 1829 3215 illorum

1939 1941 2160 1997 tissent.
2227 1921 2442 1996 Etenim
2471 1951 2600 1996 ante
2633 1941 2765 1997 solis
2793 1956 3046 1998 occasum
3077 1957 3174 2009 per
3203 1943 3515 1998 universam

1938 2033 2214 2103 regionem
2250 2047 2445 2088 currus
2471 2033 2523 2086 in
2558 2048 2685 2090 aere
2727 2035 2986 2090 sublimes
3023 2033 3174 2101 lerri,
3207 2043 3262 2089 et
3293 2045 3518 2091 armata:

1938 2123 2232 2196 phalanges
2256 2139 2355 2194 per
2382 2123 2585 2178 caelum
2617 2124 2952 2188 discurrere,
2984 2125 3259 2194 urbesque
3284 2125 3522 2180 circum-

1935 2215 2143 2272 vallare
2187 2227 2315 2272 sunt
2357 2215 2506 2272 visae.
2541 2217 2706 2272 Festo
2740 2228 2923 2271 autem
2957 2216 3046 2271 die
3072 2217 3162 2287 qui
3195 2215 3522 2273 Pentecoste

1939 2309 2272 2380 appellatur,
2308 2311 2617 2366 sacerdotes
2677 2318 2844 2365 noctu
2891 2309 3150 2378 templum
3192 2310 3425 2380 ingressi
3452 2311 3524 2366 ad

1940 2407 2192 2462 obeunda
2225 2424 2290 2462 ex
2323 2423 2472 2464 more
2513 2407 2844 2472 ministeria,
2878 2409 3112 2478 primum
3145 2409 3364 2478 quidem
3405 2424 3526 2464 moo-

1941 2509 2054 2552 tum
2114 2514 2178 2554 ac
2233 2499 2516 2569 strepitum
2579 2514 2640 2554 se
2695 2499 2982 2554 exaudisse
3062 2499 3340 2565 dixerunt,
3407 2511 3520 2556 tum

1939 2589 2135 2646 deinde
2179 2605 2366 2645 vocem
2413 2605 2564 2659 quasi
2619 2590 2882 2646 conferta:
2939 2591 3309 2647 multitudinis
3354 2593 3520 2648 simul

1941 2683 2264 2738 clamantis:
2301 2682 2594 2754 Migrcmus
2624 2683 2772 2736 hinc.
2804 2681 2956 2749 Quod
2990 2698 3118 2737 vero
3145 2685 3230 2738 his
3265 2685 3522 2741 omnibus

1940 2775 2098 2845 longe
2131 2775 2434 2830 terribilius
2463 2785 2547 2829 est
2579 2791 2590 2826 :
2631 2774 2790 2829 Jesus
2817 2775 3036 2844 quidam
3074 2775 3304 2830 Ananiae
3356 2778 3520 2842 lilius,

1940 2868 2025 2922 vir
2061 2867 2308 2937 plebeius
2357 2875 2413 2921 et
2467 2867 2730 2931 rusticus,
2789 2866 3160 2936 quadriennio
3205 2866 3521 2936 priusquam

1941 3021 2008 3077 Hi
2049 3036 2170 3092 p05t
2205 3031 2481 3076 cautorem
2529 3030 2584 3076 et
2623 3021 3010 3092 horoscopum,
3038 3018 3202 3073 tertio
3234 3019 3352 3074 loco
3391 3035 3524 3088 pro-

1947 3091 2211 3147 cedebant
2247 3094 2299 3145 iu
2323 3095 2598 3160 templum,
2627 3091 2742 3144 alas
2761 3091 2824 3160 riu
2853 3093 3365 3160 capiteigestantes.
3385 3102 3504 3143 atra

1944 3175 2184 3216 mentum
2223 3174 2275 3217 et
2304 3159 2569 3215 calamum
2602 3176 2721 3214 cum
2755 3159 2893 3212 lihro
2925 3159 3272 3226 prmfereutcs
3297 3160 3348 3212 in
3398 3175 3522 3213 ma-

501 3211 626 3294 l'uit,
752 3211 1101 3298 pontiﬁcibus
1127 3211 1430 3284 assiderent}
1458 3211 1562 3282 una
1859 3211 1901 3268 C
1937 3211 2820 3286 ιῖἱιῖἶὶέῖἰᾷῑὖιυῖἶιεὲιῖιψιιθέέευιέιί
2853 3211 3312 3298 liiéroglytilticos'
3351 3211 3524 3283 etvde

249 3300 483 3369 niorihus
543 3301 596 3352 in
633 3299 862 3369 judiciis
889 3309 942 3352 et
992 3299 1207 3369 publico
1235 3301 1468 3354 concilio
1516 3303 1656 3368 quod
1704 3319 1831 3354 συν-

250 3368 407 3440 έδριον
447 3367 750 3440 vocabant.
789 3369 1018 3440 Docetid
1049 3367 1223 3440 Lucas
1252 3371 1302 3422 in
1328 3385 1484 3438 capp.
1517 3367 1568 3424 vt
1603 3381 1656 3424 ct
1693 3387 1826 3425 χχιιι

251 3439 470 3493 Acutum
515 3439 914 3509 apostolorum.
950 3439 1073 3492 Fuit
1123 3439 1288 3506 igitur
1339 3439 1388 3492 id
1433 3456 1624 3494 nomen
1655 3443 1828 3509 magi-

251 3519 441 3564 stratus
472 3511 620 3578 apud
644 3508 886 3566 Judazos.
917 3510 1066 3580 sicut
1091 3510 1224 3575 apud
1267 3509 1506 3564 Grmcos.
1547 3509 1613 3562 Et
1638 3508 1827 3580 quem-

251 3581 532 3634 admodum
561 3583 924 3649 γραμματεῖς
947 3581 997 3630 in
1029 3578 1250 3649 Graecia
1280 3582 1637 3634 concionihus
1659 3578 1714 3636 et
1743 3581 1830 3649 jn-

253 3653 397 3704 dit-iis
429 3648 764 3714 intererant,
810 3649 1093 3717 legumque
1114 3657 1168 3702 et
1208 3648 1620 3716 plebiscitorum
1651 3667 1714 3704 ac
1740 3648 1830 3706 Se-

252 3719 824 3773 natus-consultorum
864 3719 1157 3773 custodiam
1197 3718 1490 3785 habebant,
1539 3721 1618 3775 sic
1663 3722 1829 3775 etiam

254 3793 434 3844 serica:
464 3790 609 3858 apud
629 3789 853 3844 Judaeos
878 3789 1008 3856 legis
1037 3798 1196 3841 erant
1225 3789 1496 3844 custodes.
1530 3789 1664 3844 Eum
1684 3802 1831 3846 certe

255 3860 507 3914 honorem
553 3875 663 3913 non
713 3863 967 3928 exiguum
1016 3859 1204 3928 fuisse,
1253 3871 1478 3928 apparet
1512 3875 1579 3915 ex
1646 3861 1830 3916 multis

257 3929 520 4000 Evangelii
554 3930 713 3993 locis,
739 3931 791 3981 iu
816 3927 1020 4000 quibus
1048 3927 1218 4000 fastus
1239 3927 1424 4000 eorum
1455 3943 1509 3984 et
1543 3930 1829 3986 insolentia

258 4015 284 4051 a
306 3998 594 4054 Servatore
621 3999 1031 4066 perstringitur.
1065 3998 1261 4052 Eodem
1300 3999 1458 4069 plane
1496 4002 1654 4054 modo
1689 4003 1830 4069 apud

258 4069 462 4125 Gnccos
491 4071 870 4141 γραμματεῖς,
907 4070 955 4121 id
980 4069 1262 4122 estscribw
1293 4068 1512 4134 publici,
1547 4072 1600 4124 in
1637 4068 1830 4136 magna

256 4153 401 4194 erant
435 4143 730 4209 dignitate.
768 4143 899 4192 bam
928 4151 982 4192 et
1004 4154 1196 4192 nomen
1229 4153 1418 4193 eorum
1451 4152 1833 4194 senatus-con-

258 4209 399 4264 sultis
421 4227 487 4264 ac
539 4209 849 4280 plebiscitis
884 4209 1284 4278 praztigebatur,
1310 4221 1368 4262 ut
1386 4222 1452 4262 ex
1471 4210 1834 4279 Aristophane

261 4280 374 4334 alibi
407 4283 594 4336 notavi
637 4299 650 4334 :
683 4290 741 4333 et
791 4281 843 4336 iu
887 4280 1236 4334 cuncionibus
1277 4294 1530 4348 magnam
1562 4281 1833 4335 habebant

262 4353 656 4414 auctoritatem,
686 4360 912 4416 utpatet
932 4365 995 4403 ex
1034 4351 1097 4403 iis
1120 4365 1236 4419 qua:
1271 4347 1439 4403 rél'efrt
1466 4348 1526 4404 Β.
1557 4349 1735 4405 Lucas
1769 4352 1832 4404 de

263 4422 425 4474 scriba
480 4421 706 4490 publico
727 4421 962 4473 civitatis
986 4420 1338 4490 Ephesiorum
1386 4420 1438 4472 in
1485 4422 1666 4487 capite
1716 4435 1828 4474 XIX.

262 4493 401 4558 Apud
433 4489 656 4546 Judaeos
693 4492 910 4560 quidem
941 4506 1004 4544 eo
1034 4489 1584 4560 honoratioreserant
1616 4493 1830 4553 scribae,

262 4550 360 4631 quo
379 4561 549 4616 Juda2i
583 4550 938 4629 prce-ueteris
963 4560 1212 4631 gentibus
1238 4573 1391 4613 suam
1415 4559 1585 4628 legem
1605 4550 1832 4616 veneraL
1866 4550 1910 4606 Ι)

265 4630 464 4686 bantur.
504 4631 680 4700 Cujus
715 4632 908 4685 scribae
938 4630 1040 4684 nun
1089 4631 1568 4700 solumcustodes,
1639 4646 1828 4686 verum

263 4701 414 4754 etiam
450 4699 784 4770 interpretes
821 4710 996 4754 erant.
1031 4701 1168 4766 Quin
1209 4699 1372 4753 etiam
1410 4700 1834 4756 consulebantur

267 4779 508 4838 tanquam
541 4774 825 4841 prophetae
862 4773 1077 4840 qmdam
1108 4780 1162 4823 et
1191 4770 1463 4824 antistites
1493 4779 1550 4824 et
1590 4773 1830 4826 omnium

266 4844 670 4908 sapientissimi,
704 4842 798 4910 qui
827 4842 1028 4908 optime
1067 4842 1563 4912 interpretarentur
1585 4843 1736 4912 signa
1769 4855 1834 4894 ac

265 4913 518 4978 prodigia,
546 4922 605 4966 et
627 4915 721 4980 qui
760 4912 896 4974 legis
933 4925 1131 4980 arcana
1168 4910 1383 4978 penitus
1413 4910 1626 4980 cognita
1647 4910 1830 4965 habe-

267 4991 397 5048 rent.
419 4984 509 5036 Sic
529 4985 582 5035 in
605 4979 844 5036 Matthaei
869 4995 987 5048 cap.
1015 4995 1065 5032 xl
1092 4979 1332 5034 Herodes
1350 4979 1557 5034 scribas
1579 4982 1830 5038 consulit.

267 5047 328 5102 Et
354 5052 401 5103 in
426 5054 526 5106 hoc
549 5051 777 5117 Iosephi
805 5047 1114 5118 loco’quem
1141 5066 1251 5120 pra:
1273 5051 1523 5104 manilius
1551 5051 1829 5116 habemus,

268 5123 495 5192 prodigia
537 5124 594 5176 in
646 5123 788 5192 cmlo
833 5122 942 5192 visa
972 5123 1099 5189 quid
1142 5121 1471 5186 Stguiliceut,
1530 5121 1834 5192 prccdicuut

269 5190 468 5260 scribae.
501 5193 734 5247 Eosdem
764 5191 977 5258 λογίους
1005 5191 1159 5260 paulo
1198 5202 1316 5258 post
1353 5201 1514 5245 vocat
1540 5190 1829 5260 Josephus.

270 5254 424 5333 Porro
455 5267 811 5332 magistratus
840 5254 1014 5314 turnis
1033 5254 1530 5333 Hier‘OSulytttoruttt
1556 5263 1644 5328 qui
1671 5254 1835 5333 στρα-

268 5331 418 5398 τηγός
449 5331 756 5392 dicebatur.
805 5347 960 5385 suum
999 5335 1232 5386 habebat
1264 5331 1524 5395 scribam,
1579 5342 1636 5384 ut
1679 5331 1836 5385 docet

268 5396 520 5469 Iosephus
570 5407 623 5456 in
679 5405 772 5457 lib.
807 5418 898 5455 xx.
941 5401 1046 5456 Sed
1079 5417 1146 5453 an
1195 5401 1280 5454 hic
1327 5402 1504 5456 scriba
1567 5401 1728 5454 fuerit
1765 5418 1833 5456 ex

274 5483 484 5528 numero
543 5474 762 5527 illorum
837 5471 969 5539 legis
1036 5472 1417 5536 interpretum,
1482 5470 1695 5526 diﬂicile
1753 5482 1837 5526 est

275 5539 456 5614 dicere.
495 5542 771 5598 Caeterum
807 5542 1267 5614 ἱερογραμματεῖς
1305 5547 1464 5596 erant
1497 5544 1638 5614 apud
1664 5540 1833 5612 ΑΕθῖ-

275 5610 402 5675 ptios
423 5616 642 5682 quidam
684 5610 1020 5677 sacerdotes,
1038 5610 1139 5680 qui
1176 5625 1456 5682 sacrorum
1495 5610 1834 5681 disciplinain

278 5680 563 5748 glareanas
585 5685 802 5738 litteras
825 5685 1224 5747 custodiebant,
1262 5691 1317 5734 et
1355 5680 1534 5734 l'utura
1577 5680 1836 5748 praedice-

280 5745 411 5824 baut.
449 5754 523 5809 De
557 5755 762 5824 quibus
783 5751 1046 5822 Iosephus
1080 5754 1134 5805 in
1177 5745 1271 5815 lib.
1307 5766 1366 5814 ιι,
1401 5765 1521 5824 cap.
1552 5745 1606 5816 5,
1641 5752 1730 5806 ubi
1761 5753 1837 5805 ἱε-

285 5819 394 5886 ρέας
425 5819 594 5880 νοω(
611 5837 753 5894 quos
799 5819 958 5892 supra
1014 5819 1477 5894 ἱερογραμματεῖς
1526 5834 1830 5878 vocaverat.

1933 3302 2366 3372 cosmographia,
2431 3302 2930 3372 diequegterrarmu
2985 3297 3314 3372 et'gEgypti
3387 3300 3518 3360 situ,

1933 3373 2064 3426 item
2105 3368 2170 3426 de
2196 3371 2316 3425 Nilo
2350 3386 2414 3425 ac
2443 3368 2675 3424 de’locis
2700 3371 2750 3421 iu
2788 3372 3044 3422 honorem
3074 3368 3299 3422 deorum
3324 3383 3522 3423 conse-

1932 3445 2121 3508 cratis,
2169 3442 2430 3495 custodia:
2469 3455 2581 3494 sua:
2625 3439 2859 3493 creditos
2898 3439 3195 3508 habebant,
3238 3448 3311 3508 ut_
3331 3439 3524 3494 scribit

1933 3503 2184 3567 Clemens
2208 3511 2608 3565 Alexandrinus
2628 3511 2680 3562 iu
2715 3509 2808 3561 lib.
2835 3523 2907 3560 vr.
2929 3507 3201 3561 Lucianus
3220 3509 3270 3560 in
3295 3503 3522 3571 Longa:-

1929 3584 2013 3636 vis
2029 3593 2243 3651 gentem
2287 3584 2426 3637 hanc
2463 3595 2559 3635 seu
2595 3579 2858 3633 familiam
2884 3581 3050 3634 fuisse
3072 3578 3146 3631 ait
3178 3578 3322 3648 apud
3353 3575 3522 3648 Egy-

1974 3653 2095 3708 tios.

1931 3667 2118 3792 Ρυᾶῗέ)
2144 3720 2266 3790 Πρὸ
2299 3720 2891 3792 τῶνάποϐεϐηκότω
2924 3714 3275 3792 ἐκρίθηῙ-Ιιο
3317 3714 3520 3792 diserte

1935 3785 2369 3862 quinq'ue'nostri
2401 3793 2638 3855 codices,
2678 3791 2875 3862 Regius
2897 3785 3279 3862 s_cili_cct,Maz;
3293 3800 3357 3862 a_c
3377 3787 3516 3862 aled.

1933 3855 2056 3916 cum
2077 3855 2214 3915 Fuk.
2236 3877 2299 3915 ac
2317 3862 2616 3916 Saviliano.
2641 3855 2810 3927 Atque
2827 3859 2905 3912 sic
2923 3858 3222 3928 legitetiam
3241 3855 3520 3928 Gelenips,

1933 3943 1994 3986 ut
2019 3948 2084 3987 ex
2109 3933 2360 3986 versione
2385 3932 2502 4000 ejus
2529 3925 2776 4000 apparet.
2807 3925 3048 3998 Vulgaia:
3075 3926 3294 3994 Josephi
3328 3925 3523 4000 editio-

1934 4018 2056 4064 nes.
2091 4002 2227 4074 πρὸς
2272 4001 2380 4055 τῶν
2413 3995 2543 4074 ’ἀπη
2567 3995 2736 4074 ’ῥᾳοά
2771 3995 3066 4074 [erri'nprl
3105 3995 3522 4074 potest._Neque

1935 4075 2078 4126 enim
2121 4065 2308 4127 Graece
2337 4073 2535 4125 dicitur
2561 4065 2697 4142 πρὸς
2728 4067 3279 4142 τῷνᾼάποόεϐηκὸτων
3302 4065 3519 4138 ἐκρίθη.

1937 4143 2171 4214 Dixisset
2194 4143 2370 4214 potius
2390 4142 2527 4214 πρὸς
2553 4138 2622 4214 τά
2650 4138 3055 4214 ἀποθεύηκὸταἶ

2008 4213 2118 4284 (69)
2141 4205 2403 4280 Μοχλοῐς
2558 4205 3024 4284 ἐπερειδομένη..
3041 4205 3344 4284 Intelligere
3369 4205 3521 4260 vide-

1937 4275 2289 4338 turca'rdines
2315 4275 2450 4349 quos
2470 4275 2688 4335 Gallice
2701 4275 2887 4349 gonﬁds,
2909 4275 3312 4349 Latinegonfm
3347 4289 3515 4329 voca-

1936 4371 2076 4408 mus.
2107 4351 2176 4405 lis
2219 4346 2363 4406 enim
2404 4366 2638 4422 appensa
2674 4346 2976 4422 est_ianua.
3020 4347 3156 4422 Male
3183 4346 3520 4422 interpretes

1935 4440 2082 4478 seras
2125 4414 2704 4475 ver-terunt.d"ostha:c
2743 4418 3007 4472 Eusebius
3040 4415 3223 4470 omisit
3253 4414 3517 4468 nonnulla

1939 4509 2057 4565 qua!
2089 4493 2228 4560 apud
2259 4491 2551 4565 Josephum
2590 4491 2974 4565 legunturlde
3011 4501 3078 4565 eo_
3118 4483 3362 4565 prodigio
3387 4499 3520 4565 cou—

1938 4557 2137 4617 l‘estin‘t
2165 4557 2500 4628 magistratui
2549 4557 2818 4615 nuntiato.
2858 4559 2950 4613 Sic
2994 4557 3138 4612 enim
3185 4557 3522 4628 interpretor

1934 4649 2058 4687 eum
2101 4632 2190 4701 qui
2235 4623 2540 4702 στρατηγός
2577 4647 2606 4684 a
2647 4629 2883 4702 Jnsepho
2912 4627 3234 4702 appellatur.
3284 4623 3362 4702 De
3409 4639 3518 4694 quo

1934 4695 2328 4757 olﬁcio'multa
2395 4695 2580 4757 notavi
2640 4701 2706 4754 ad
2770 4695 3280 4752 librum-ultimum
3336 4695 3515 4746 Amm.

1934 4771 2418 4842 Marcellini.‘Ejus
2447 4773 2729 4842 dignitatis
2764 4769 3018 4842 meminit
3051 4769 3222 4842 etiam
3246 4762 3520 4842 Jusephus

1934 4844 1988 4898 in
2023 4845 2117 4896 lib.
2151 4857 2226 4896 vu
2254 4835 2580 4908 Detexcidio,
2614 4857 2734 4911 pag.
2762 4839 2888 4911 960,
2909 4849 2964 4892 et
3000 4837 3186 4911 Lucas
3211 4835 3265 4889 in
3296 4835 3523 4911 Actibus

1935 4927 2054 4982 cap.
2079 4912 2134 4975 5,
2167 4912 2256 4965 ubi
2285 4903 2627 4982 magistratui
2658 4903 2836 4979 ιῖιιιριὶ
2875 4919 3026 4964 recte
3053 4908 3282 4962 vertitur
3312 4906 3366 4960 in
3403 4903 3522 4957 vul-

1973 4993 2059 5037 ata
2083 4982 2342 5036 editione.
3011 5017 3018 5022 .

1936 4999 2059 5053 gata
2083 4999 2342 5036 emuone.
3011 5017 3018 5022 .

1942 5121 1985 5124 η
2008 5051 2118 5124 (70)
2149 5050 2526 5124 Κατάπηγας.
2557 5048 2746 5124 melius
2777 5049 3130 5124 καταπῆγας,
3163 5056 3217 5100 ιιι
3244 5053 3336 5124 est
3377 5041 3522 5123 apud

1940 5117 2302 5192 Nicephorum
2350 5117 2415 5176 et
2452 5122 2767 5192 Jusephutu.
2819 5117 2999 5189 Atque
3051 5123 3118 5192 ita
3149 5117 3406 5192 scribitur
3443 5117 3518 5192 ,ιιι

1935 5181 2125 5247 codice
2155 5193 2291 5246 Maz.
2330 5202 2386 5248 et
2422 5181 2595 5256 Med.,'
2621 5191 2822 5260 quibus
2864 5181 3219 5246 consentiunt
3261 5181 3522 5238 Fuketia-

1936 5279 2039 5318 nus
2072 5273 2126 5316 et
2157 5263 2490 5318 Savilianus.

2009 5334 2121 5401 (7|)
2162 5331 2638 5400 Μεταϐαίνωμεγ.
2692 5329 2773 5386 In.
2829 5329 3012 5386 codice
3047 5325 3206 5401 Maz_._,
3250 5323 3395 5401 Med.
3457 5337 3524 5377 ac

1935 5403 2074 5459 Fuk.
2103 5396 2359 5457 scribitur
2389 5396 2808 5473 μεταϐαίνομεν,
2847 5401 3000 5473 quod
3014 5413 3118 5473 non
3140 5396 3416 5473 ιῇεριὶςίιπέιἐ
3468 5459 3492 5472 _

2011 5473 2122 5544 σε)
2161 5462 2940 5544 Σκηνοσὶοιεῖσθαιίπάντὶις
2971 5467 3106 5544 ἔθος
3148 5462 3246 5544 ἦῆ
3267 5462 3521 5544 τῷμθεῷ.

1939 5536 2071 5599 Post
2104 5536 2238 5598 haec
2275 5536 2451 5598 'verha
2507 5542 2715 5610 virgula
2763 5550 2978 5594 notatur
3018 5539 3070 5590 in
3111 5536 3302 5592 codice
3333 5536 3524 5603 Regio,

1938 5614 2077 5669 Maz.
2103 5624 2157 5669 et
2196 5612 2329 5667 Fuk.
2365 5621 2420 5666 et
2451 5610 2930 5682 apudAJosephum
2956 5625 2972 5674 ;
2994 5623 3180 5682 quam
3228 5613 3526 5682 _mterpuu-

1939 5687 2180 5738 ctionem
2209 5683 2380 5738 secuti
2420 5679 2545 5754 sunt
2577 5679 2850 5754 Musculus
2873 5679 3521 5754 et__Ch_ristophorsouus.

1939 5754 2052 5876 Ειιιῖ
2082 5770 2211 5834 vero
2242 5769 2362 5808 cum
2398 5751 2627 5808 Gelenio
2666 5751 2896 5808 alteram
2923 5748 3332 5806 distinctionem
3367 5748 3524 5812 sequi

1940 5841 2024 5876 tua
2053 5840 2126 5876 υΙ.

1940 5840 2126 5880 malm.
