  <div class='ocr_page' id='page_1' title='image "/cluster/home/n/w/nwhite01/storage/ocr_20150623/20/hvd.32044012984548/131.png"; bbox 0 0 3894 6480; ppageno 0'>
   <div class='ocr_carea' id='block_1_1' title="bbox 519 385 628 455">
    <p class='ocr_par' dir='ltr' id='par_1_1' title="bbox 519 385 628 455">
     <span class='ocr_line' id='line_1_1' title="bbox 519 385 628 455; baseline -0.018 0"><span class='ocrx_word' id='word_1_1' title='bbox 519 385 628 455; x_wconf 63' lang='grc' dir='ltr'><strong>εει</strong></span> 
     </span>
    </p>
   </div>
   <div class='ocr_carea' id='block_1_2' title="bbox 1235 377 3050 454">
    <p class='ocr_par' dir='ltr' id='par_1_2' title="bbox 1235 377 3050 454">
     <span class='ocr_line' id='line_1_2' title="bbox 1235 377 3050 454; baseline -0.003 -1"><span class='ocrx_word' id='word_1_2' title='bbox 1235 387 1502 454; x_wconf 81' lang='lat' dir='ltr'><strong>EUSEBII</strong></span> <span class='ocrx_word' id='word_1_3' title='bbox 1540 377 2016 451; x_wconf 70' lang='lat' dir='ltr'><strong>CAESARIENSIS</strong></span> <span class='ocrx_word' id='word_1_4' title='bbox 2051 389 2201 448; x_wconf 80' lang='lat' dir='ltr'><strong>OPP.</strong></span> <span class='ocrx_word' id='word_1_5' title='bbox 2243 389 2425 446; x_wconf 82' lang='lat' dir='ltr'><strong>PARS</strong></span> <span class='ocrx_word' id='word_1_6' title='bbox 2457 386 2506 448; x_wconf 78' lang='lat' dir='ltr'><strong>l,</strong></span> <span class='ocrx_word' id='word_1_7' title='bbox 2539 418 2615 432; x_wconf 96' lang='lat'><strong>—</strong></span> <span class='ocrx_word' id='word_1_8' title='bbox 2652 389 3050 447; x_wconf 69' lang='lat' dir='ltr'><strong>HISTORICA.</strong></span> 
     </span>
    </p>
   </div>
   <div class='ocr_carea' id='block_1_3' title="bbox 3655 399 3748 456">
    <p class='ocr_par' dir='ltr' id='par_1_3' title="bbox 3655 399 3748 456">
     <span class='ocr_line' id='line_1_3' title="bbox 3655 399 3748 456; baseline 0.022 -2"><span class='ocrx_word' id='word_1_9' title='bbox 3655 399 3748 456; x_wconf 65' lang='grc' dir='ltr'><strong>ἓδὶ</strong></span> 
     </span>
    </p>
   </div>
   <div class='ocr_carea' id='block_1_4' title="bbox 525 505 2062 584">
    <p class='ocr_par' dir='ltr' id='par_1_4' title="bbox 525 508 2062 584">
     <span class='ocr_line' id='line_1_4' title="bbox 525 508 2062 584; baseline -0.005 -16"><span class='ocrx_word' id='word_1_10' title='bbox 525 515 961 584; x_wconf 75' lang='lat' dir='ltr'><strong>persecutionem</strong></span> <span class='ocrx_word' id='word_1_11' title='bbox 1010 515 1064 569; x_wconf 93' lang='lat' dir='ltr'><strong>in</strong></span> <span class='ocrx_word' id='word_1_12' title='bbox 1111 529 1211 568; x_wconf 87' lang='lat' dir='ltr'><strong>nos</strong></span> <span class='ocrx_word' id='word_1_13' title='bbox 1262 510 1600 576; x_wconf 88' lang='lat' dir='ltr'><strong>concitavit,</strong></span> <span class='ocrx_word' id='word_1_14' title='bbox 1636 508 1886 578; x_wconf 84' lang='lat' dir='ltr'><strong>quamvis</strong></span> <span class='ocrx_word' id='word_1_15' title='bbox 1938 517 2062 577; x_wconf 91' lang='lat' dir='ltr'><strong>pate</strong></span> 
     </span>
    </p>
   </div>
   <div class='ocr_carea' id='block_1_5' title="bbox 2174 505 3747 584">
    <p class='ocr_par' dir='ltr' id='par_1_5' title="bbox 2196 505 3747 580">
     <span class='ocr_line' id='line_1_5' title="bbox 2196 505 3747 580; baseline 0.005 -23"><span class='ocrx_word' id='word_1_16' title='bbox 2196 505 2353 577; x_wconf 77' lang='grc' dir='ltr'>ἡμῶν</span> <span class='ocrx_word' id='word_1_17' title='bbox 2386 507 2623 560; x_wconf 79' lang='grc' dir='ltr'><strong>ἀνεκίνει</strong></span> <span class='ocrx_word' id='word_1_18' title='bbox 2667 506 2940 576; x_wconf 82' lang='grc' dir='ltr'>διωγμὸν,</span> <span class='ocrx_word' id='word_1_19' title='bbox 2989 522 3194 577; x_wconf 87' lang='grc' dir='ltr'>καιπερ</span> <span class='ocrx_word' id='word_1_20' title='bbox 3231 505 3323 559; x_wconf 86' lang='grc' dir='ltr'><strong>τοῦ</strong></span> <span class='ocrx_word' id='word_1_21' title='bbox 3364 508 3565 580; x_wconf 83' lang='grc' dir='ltr'>πατρὸς</span> <span class='ocrx_word' id='word_1_22' title='bbox 3601 513 3747 569; x_wconf 70' lang='grc' dir='ltr'>αὑτοῦ</span> 
     </span>
    </p>
   </div>
   <div class='ocr_carea' id='block_1_6' title="bbox 527 600 2093 678">
    <p class='ocr_par' dir='ltr' id='par_1_6' title="bbox 527 600 2093 678">
     <span class='ocr_line' id='line_1_6' title="bbox 527 600 2093 678; baseline -0.004 -16"><span class='ocrx_word' id='word_1_23' title='bbox 527 609 696 678; x_wconf 88' lang='lat' dir='ltr'><strong>ipsius</strong></span> <span class='ocrx_word' id='word_1_24' title='bbox 725 606 1093 678; x_wconf 80' lang='lat' dir='ltr'><strong>Vespasianus</strong></span> <span class='ocrx_word' id='word_1_25' title='bbox 1121 605 1324 661; x_wconf 86' lang='lat' dir='ltr'><strong>nullam</strong></span> <span class='ocrx_word' id='word_1_26' title='bbox 1358 620 1598 675; x_wconf 84' lang='lat' dir='ltr'><strong>unquam</strong></span> <span class='ocrx_word' id='word_1_27' title='bbox 1648 601 1903 672; x_wconf 85' lang='lat' dir='ltr'><strong>injuriam</strong></span> <span class='ocrx_word' id='word_1_28' title='bbox 1939 600 2093 656; x_wconf 85' lang='lat' dir='ltr'><strong>nobis</strong></span> 
     </span>
    </p>
   </div>
   <div class='ocr_carea' id='block_1_7' title="bbox 523 699 1034 755">
    <p class='ocr_par' dir='ltr' id='par_1_7' title="bbox 523 699 1034 755">
     <span class='ocr_line' id='line_1_7' title="bbox 523 699 1034 755; baseline -0.008 -1"><span class='ocrx_word' id='word_1_29' title='bbox 523 699 725 755; x_wconf 82' lang='lat' dir='ltr'><strong>inferre</strong></span> <span class='ocrx_word' id='word_1_30' title='bbox 756 706 1034 754; x_wconf 84' lang='lat' dir='ltr'><strong>tentasset.</strong></span> 
     </span>
    </p>
   </div>
   <div class='ocr_carea' id='block_1_8' title="bbox 1089 785 1520 843">
    <p class='ocr_par' dir='ltr' id='par_1_8' title="bbox 1089 785 1520 843">
     <span class='ocr_line' id='line_1_8' title="bbox 1089 785 1520 843; baseline -0.002 0"><span class='ocrx_word' id='word_1_31' title='bbox 1089 787 1314 843; x_wconf 82' lang='lat' dir='ltr'><strong>CAPUT</strong></span> <span class='ocrx_word' id='word_1_32' title='bbox 1337 785 1520 842; x_wconf 79' lang='lat' dir='ltr'><strong>XVIII.</strong></span> 
     </span>
    </p>
   </div>
   <div class='ocr_carea' id='block_1_9' title="bbox 705 898 1908 971">
    <p class='ocr_par' dir='ltr' id='par_1_9' title="bbox 705 898 1908 971">
     <span class='ocr_line' id='line_1_9' title="bbox 705 898 1908 971; baseline -0.006 -12"><span class='ocrx_word' id='word_1_33' title='bbox 705 903 780 959; x_wconf 78' lang='lat' dir='ltr'><strong>De</strong></span> <span class='ocrx_word' id='word_1_34' title='bbox 799 900 1008 957; x_wconf 79' lang='lat' dir='ltr'><strong>Joanne</strong></span> <span class='ocrx_word' id='word_1_35' title='bbox 1037 901 1274 971; x_wconf 78' lang='lat' dir='ltr'><strong>apostolo</strong></span> <span class='ocrx_word' id='word_1_36' title='bbox 1319 912 1364 954; x_wconf 88' lang='lat' dir='ltr'><strong>et</strong></span> <span class='ocrx_word' id='word_1_37' title='bbox 1409 901 1524 971; x_wconf 83' lang='lat' dir='ltr'><strong>ejus</strong></span> <span class='ocrx_word' id='word_1_38' title='bbox 1553 898 1908 953; x_wconf 79' lang='lat' dir='ltr'><strong>Revelatione.</strong></span> 
     </span>
    </p>
   </div>
   <div class='ocr_carea' id='block_1_10' title="bbox 589 1035 2089 1108">
    <p class='ocr_par' dir='ltr' id='par_1_10' title="bbox 589 1035 2089 1108">
     <span class='ocr_line' id='line_1_10' title="bbox 589 1035 2089 1108; baseline -0.003 -15"><span class='ocrx_word' id='word_1_39' title='bbox 589 1039 645 1093; x_wconf 85' lang='lat' dir='ltr'><strong>In</strong></span> <span class='ocrx_word' id='word_1_40' title='bbox 679 1039 778 1093; x_wconf 86' lang='lat' dir='ltr'><strong>hac</strong></span> <span class='ocrx_word' id='word_1_41' title='bbox 809 1048 1186 1108; x_wconf 83' lang='lat' dir='ltr'><strong>persecutione</strong></span> <span class='ocrx_word' id='word_1_42' title='bbox 1213 1049 1450 1089; x_wconf 63' lang='lat' dir='ltr'><strong>soannes</strong></span> <span class='ocrx_word' id='word_1_43' title='bbox 1505 1035 1786 1103; x_wconf 80' lang='lat' dir='ltr'><strong>apostolus</strong></span> <span class='ocrx_word' id='word_1_44' title='bbox 1841 1035 1981 1088; x_wconf 89' lang='lat' dir='ltr'><strong>idem</strong></span> <span class='ocrx_word' id='word_1_45' title='bbox 2032 1043 2089 1088; x_wconf 89' lang='lat' dir='ltr'><strong>et</strong></span> 
     </span>
    </p>
   </div>
   <div class='ocr_carea' id='block_1_11' title="bbox 516 1126 2086 1199">
    <p class='ocr_par' dir='ltr' id='par_1_11' title="bbox 516 1126 2086 1199">
     <span class='ocr_line' id='line_1_11' title="bbox 516 1126 2086 1199; baseline -0.001 -17"><span class='ocrx_word' id='word_1_46' title='bbox 516 1129 873 1199; x_wconf 79' lang='lat' dir='ltr'><strong>evangelista,</strong></span> <span class='ocrx_word' id='word_1_47' title='bbox 913 1129 1002 1198; x_wconf 90' lang='lat' dir='ltr'><strong>qui</strong></span> <span class='ocrx_word' id='word_1_48' title='bbox 1044 1127 1210 1182; x_wconf 91' lang='lat' dir='ltr'><strong>etiam</strong></span> <span class='ocrx_word' id='word_1_49' title='bbox 1248 1137 1359 1181; x_wconf 91' lang='lat' dir='ltr'><strong>tum</strong></span> <span class='ocrx_word' id='word_1_50' title='bbox 1391 1127 1442 1180; x_wconf 92' lang='lat' dir='ltr'><strong>in</strong></span> <span class='ocrx_word' id='word_1_51' title='bbox 1469 1127 1609 1180; x_wconf 80' lang='lat' dir='ltr'><strong>vivis</strong></span> <span class='ocrx_word' id='word_1_52' title='bbox 1656 1136 1962 1194; x_wconf 76' lang='lat' dir='ltr'><strong>supererat,</strong></span> <span class='ocrx_word' id='word_1_53' title='bbox 2016 1126 2086 1180; x_wconf 91' lang='lat' dir='ltr'><strong>ob</strong></span> 
     </span>
    </p>
   </div>
   <div class='ocr_carea' id='block_1_12' title="bbox 506 1187 2086 1283">
    <p class='ocr_par' dir='ltr' id='par_1_12' title="bbox 506 1187 2086 1283">
     <span class='ocr_line' id='line_1_12' title="bbox 506 1187 2086 1283; baseline 0.001 -18"><span class='ocrx_word' id='word_1_54' title='bbox 506 1187 886 1281; x_wconf 38' lang='lat' dir='ltr'><strong>ftestir‘nonium</strong></span> <span class='ocrx_word' id='word_1_55' title='bbox 917 1187 1063 1283; x_wconf 77' lang='lat' dir='ltr'><strong>quod</strong></span> <span class='ocrx_word' id='word_1_56' title='bbox 1109 1213 1296 1268; x_wconf 89' lang='lat' dir='ltr'><strong>divino</strong></span> <span class='ocrx_word' id='word_1_57' title='bbox 1334 1209 1518 1268; x_wconf 85' lang='lat' dir='ltr'><strong>Verbo</strong></span> <span class='ocrx_word' id='word_1_58' title='bbox 1545 1187 1888 1283; x_wconf 79' lang='lat' dir='ltr'><strong>perhibebat,</strong></span> <span class='ocrx_word' id='word_1_59' title='bbox 1919 1187 1972 1267; x_wconf 88' lang='lat' dir='ltr'><strong>in</strong></span> <span class='ocrx_word' id='word_1_60' title='bbox 2004 1214 2086 1266; x_wconf 87' lang='lat' dir='ltr'><strong>in-</strong></span> 
     </span>
    </p>
   </div>
   <div class='ocr_carea' id='block_1_13' title="bbox 503 1292 2084 1374">
    <p class='ocr_par' dir='ltr' id='par_1_13' title="bbox 503 1292 2084 1374">
     <span class='ocr_line' id='line_1_13' title="bbox 503 1292 2084 1374; baseline 0.001 -17"><span class='ocrx_word' id='word_1_61' title='bbox 503 1292 686 1358; x_wconf 59' lang='lat' dir='ltr'><strong>isulam</strong></span> <span class='ocrx_word' id='word_1_62' title='bbox 714 1303 959 1359; x_wconf 87' lang='lat' dir='ltr'><strong>Patmum</strong></span> <span class='ocrx_word' id='word_1_63' title='bbox 993 1304 1229 1358; x_wconf 84' lang='lat' dir='ltr'><strong>traditur</strong></span> <span class='ocrx_word' id='word_1_64' title='bbox 1246 1317 1369 1358; x_wconf 88' lang='lat' dir='ltr'><strong>esse</strong></span> <span class='ocrx_word' id='word_1_65' title='bbox 1396 1304 1685 1374; x_wconf 74' lang='lat' dir='ltr'><strong>relegatus.</strong></span> <span class='ocrx_word' id='word_1_66' title='bbox 1719 1303 1953 1360; x_wconf 61' lang='lat' dir='ltr'><strong>irenagns</strong></span> <span class='ocrx_word' id='word_1_67' title='bbox 1973 1307 2084 1374; x_wconf 81' lang='lat' dir='ltr'><strong>qui-</strong></span> 
     </span>
    </p>
   </div>
   <div class='ocr_carea' id='block_1_14' title="bbox 501 1383 2083 1465">
    <p class='ocr_par' dir='ltr' id='par_1_14' title="bbox 501 1383 2083 1465">
     <span class='ocr_line' id='line_1_14' title="bbox 501 1383 2083 1465; baseline 0.003 -17"><span class='ocrx_word' id='word_1_68' title='bbox 501 1383 636 1449; x_wconf 31' lang='lat' dir='ltr'><strong>idem</strong></span> <span class='ocrx_word' id='word_1_69' title='bbox 673 1396 727 1450; x_wconf 91' lang='lat' dir='ltr'><strong>in</strong></span> <span class='ocrx_word' id='word_1_70' title='bbox 761 1397 952 1465; x_wconf 90' lang='lat' dir='ltr'><strong>quinto</strong></span> <span class='ocrx_word' id='word_1_71' title='bbox 978 1396 1242 1452; x_wconf 71' lang='lat' dir='ltr'><strong>Adversus</strong></span> <span class='ocrx_word' id='word_1_72' title='bbox 1292 1397 1516 1451; x_wconf 63' lang='lat' dir='ltr'><strong>haereses</strong></span> <span class='ocrx_word' id='word_1_73' title='bbox 1546 1398 1701 1456; x_wconf 90' lang='lat' dir='ltr'><strong>libro,</strong></span> <span class='ocrx_word' id='word_1_74' title='bbox 1738 1399 1984 1452; x_wconf 82' lang='lat' dir='ltr'><strong>scribens</strong></span> <span class='ocrx_word' id='word_1_75' title='bbox 2017 1400 2083 1454; x_wconf 87' lang='lat' dir='ltr'><strong>de</strong></span> 
     </span>
    </p>
   </div>
   <div class='ocr_carea' id='block_1_15' title="bbox 499 1471 2080 1558">
    <p class='ocr_par' dir='ltr' id='par_1_15' title="bbox 499 1471 2080 1558">
     <span class='ocr_line' id='line_1_15' title="bbox 499 1471 2080 1558; baseline 0.002 -16"><span class='ocrx_word' id='word_1_76' title='bbox 499 1471 736 1547; x_wconf 41' lang='lat' dir='ltr'><strong>lnnmero</strong></span> <span class='ocrx_word' id='word_1_77' title='bbox 765 1504 925 1558; x_wconf 91' lang='lat' dir='ltr'><strong>quem</strong></span> <span class='ocrx_word' id='word_1_78' title='bbox 958 1489 1193 1544; x_wconf 87' lang='lat' dir='ltr'><strong>elliciunt</strong></span> <span class='ocrx_word' id='word_1_79' title='bbox 1224 1491 1423 1543; x_wconf 76' lang='lat' dir='ltr'><strong>litterze</strong></span> <span class='ocrx_word' id='word_1_80' title='bbox 1456 1492 1689 1544; x_wconf 77' lang='lat' dir='ltr'><strong>ﬂaminis</strong></span> <span class='ocrx_word' id='word_1_81' title='bbox 1716 1492 2036 1545; x_wconf 86' lang='lat' dir='ltr'><strong>Antichristi</strong></span> <span class='ocrx_word' id='word_1_82' title='bbox 2065 1530 2080 1554; x_wconf 96' lang='lat'><strong>,</strong></span> 
     </span>
    </p>
   </div>
   <div class='ocr_carea' id='block_1_16' title="bbox 497 1569 2082 1649">
    <p class='ocr_par' dir='ltr' id='par_1_16' title="bbox 497 1569 2082 1649">
     <span class='ocr_line' id='line_1_16' title="bbox 497 1569 2082 1649; baseline 0.001 -14"><span class='ocrx_word' id='word_1_83' title='bbox 497 1569 576 1635; x_wconf 51' lang='lat' dir='ltr'><strong>Ede</strong></span> <span class='ocrx_word' id='word_1_84' title='bbox 604 1594 712 1649; x_wconf 87' lang='lat' dir='ltr'><strong>quo</strong></span> <span class='ocrx_word' id='word_1_85' title='bbox 737 1581 790 1634; x_wconf 91' lang='lat' dir='ltr'><strong>in</strong></span> <span class='ocrx_word' id='word_1_86' title='bbox 817 1579 1044 1634; x_wconf 81' lang='lat' dir='ltr'><strong>Joannis</strong></span> <span class='ocrx_word' id='word_1_87' title='bbox 1063 1581 1412 1636; x_wconf 81' lang='lat' dir='ltr'><strong>Revelatione</strong></span> <span class='ocrx_word' id='word_1_88' title='bbox 1439 1581 1497 1634; x_wconf 86' lang='lat' dir='ltr'><strong>tit</strong></span> <span class='ocrx_word' id='word_1_89' title='bbox 1526 1581 1754 1643; x_wconf 87' lang='lat' dir='ltr'><strong>mentio,</strong></span> <span class='ocrx_word' id='word_1_90' title='bbox 1787 1582 1852 1635; x_wconf 92' lang='lat' dir='ltr'><strong>de</strong></span> <span class='ocrx_word' id='word_1_91' title='bbox 1873 1581 2082 1636; x_wconf 85' lang='lat' dir='ltr'><strong>Joanne</strong></span> 
     </span>
    </p>
   </div>
   <div class='ocr_carea' id='block_1_17' title="bbox 497 1655 2084 1743">
    <p class='ocr_par' dir='ltr' id='par_1_17' title="bbox 497 1655 2084 1743">
     <span class='ocr_line' id='line_1_17' title="bbox 497 1655 2084 1743; baseline 0.003 -21"><span class='ocrx_word' id='word_1_92' title='bbox 497 1655 749 1738; x_wconf 80' lang='lat' dir='ltr'><strong>loquitur</strong></span> <span class='ocrx_word' id='word_1_93' title='bbox 786 1671 872 1726; x_wconf 90' lang='lat' dir='ltr'><strong>bis</strong></span> <span class='ocrx_word' id='word_1_94' title='bbox 923 1673 1158 1726; x_wconf 79' lang='lat' dir='ltr'><strong>verbis:</strong></span> <span class='ocrx_word' id='word_1_95' title='bbox 1201 1693 1217 1725; x_wconf 83' lang='grc' dir='ltr'><strong>ι</strong></span> <span class='ocrx_word' id='word_1_96' title='bbox 1254 1674 1406 1740; x_wconf 85' lang='lat' dir='ltr'><strong>Quod</strong></span> <span class='ocrx_word' id='word_1_97' title='bbox 1447 1674 1496 1730; x_wconf 87' lang='lat' dir='ltr'><strong>si</strong></span> <span class='ocrx_word' id='word_1_98' title='bbox 1553 1675 1656 1728; x_wconf 92' lang='lat' dir='ltr'><strong>hoc</strong></span> <span class='ocrx_word' id='word_1_99' title='bbox 1701 1685 1944 1743; x_wconf 89' lang='lat' dir='ltr'><strong>tempore</strong></span> <span class='ocrx_word' id='word_1_100' title='bbox 1993 1690 2084 1727; x_wconf 90' lang='lat' dir='ltr'><strong>no-</strong></span> 
     </span>
    </p>
   </div>
   <div class='ocr_carea' id='block_1_18' title="bbox 496 1753 2078 1836">
    <p class='ocr_par' dir='ltr' id='par_1_18' title="bbox 496 1753 2078 1836">
     <span class='ocr_line' id='line_1_18' title="bbox 496 1753 2078 1836; baseline 0.004 -22"><span class='ocrx_word' id='word_1_101' title='bbox 496 1753 634 1816; x_wconf 83' lang='lat' dir='ltr'><strong>men</strong></span> <span class='ocrx_word' id='word_1_102' title='bbox 665 1762 835 1831; x_wconf 82' lang='lat' dir='ltr'><strong>ipsius</strong></span> <span class='ocrx_word' id='word_1_103' title='bbox 861 1764 1185 1818; x_wconf 76' lang='lat' dir='ltr'><strong>AntichriSti</strong></span> <span class='ocrx_word' id='word_1_104' title='bbox 1217 1767 1394 1835; x_wconf 88' lang='lat' dir='ltr'><strong>palam</strong></span> <span class='ocrx_word' id='word_1_105' title='bbox 1426 1766 1828 1836; x_wconf 69' lang='lat' dir='ltr'><strong>praedicandum</strong></span> <span class='ocrx_word' id='word_1_106' title='bbox 1865 1765 2078 1832; x_wconf 86' lang='lat' dir='ltr'><strong>fuisset,</strong></span> 
     </span>
    </p>
   </div>
   <div class='ocr_carea' id='block_1_19' title="bbox 2199 595 3750 672">
    <p class='ocr_par' dir='ltr' id='par_1_19' title="bbox 2199 595 3750 672">
     <span class='ocr_line' id='line_1_19' title="bbox 2199 595 3750 672; baseline 0.003 -21"><span class='ocrx_word' id='word_1_107' title='bbox 2199 596 2609 652; x_wconf 78' lang='grc' dir='ltr'><strong>Οὐεσπασιανοῦ</strong></span> <span class='ocrx_word' id='word_1_108' title='bbox 2637 597 2802 668; x_wconf 77' lang='grc' dir='ltr'>μηδὲν</span> <span class='ocrx_word' id='word_1_109' title='bbox 2823 597 2943 650; x_wconf 82' lang='grc' dir='ltr'>καθ’</span> <span class='ocrx_word' id='word_1_110' title='bbox 2963 595 3122 668; x_wconf 76' lang='grc' dir='ltr'>ἡμῶν</span> <span class='ocrx_word' id='word_1_111' title='bbox 3143 597 3338 650; x_wconf 78' lang='grc' dir='ltr'>ἄτοπον</span> <span class='ocrx_word' id='word_1_112' title='bbox 3365 599 3750 672; x_wconf 76' lang='grc' dir='ltr'>ἐπινοήσαντας.</span> 
     </span>
    </p>
   </div>
   <div class='ocr_carea' id='block_1_20' title="bbox 2713 777 3246 835">
    <p class='ocr_par' dir='ltr' id='par_1_20' title="bbox 2713 777 3246 835">
     <span class='ocr_line' id='line_1_20' title="bbox 2713 777 3246 835; baseline 0.008 -4"><span class='ocrx_word' id='word_1_113' title='bbox 2713 777 3108 831; x_wconf 75' lang='grc' dir='ltr'><strong>ΚΕΦΛΛΑῙΟΝ</strong></span> <span class='ocrx_word' id='word_1_114' title='bbox 3142 777 3246 835; x_wconf 82' lang='lat' dir='ltr'><strong>IH&#39;.</strong></span> 
     </span>
    </p>
   </div>
   <div class='ocr_carea' id='block_1_21' title="bbox 2196 865 3478 939">
    <p class='ocr_par' dir='ltr' id='par_1_21' title="bbox 2196 865 3478 939">
     <span class='ocr_line' id='line_1_21' title="bbox 2196 865 3478 939; baseline 0.002 -17"><span class='ocrx_word' id='word_1_115' title='bbox 2196 867 2333 937; x_wconf 73' lang='grc' dir='ltr'>Περὶ</span> <span class='ocrx_word' id='word_1_116' title='bbox 2361 865 2663 924; x_wconf 76' lang='grc' dir='ltr'><strong>,Ἰωάννου</strong></span> <span class='ocrx_word' id='word_1_117' title='bbox 2705 868 2814 922; x_wconf 88' lang='grc' dir='ltr'><strong>τοῦ</strong></span> <span class='ocrx_word' id='word_1_118' title='bbox 2850 870 3194 924; x_wconf 74' lang='grc' dir='ltr'><em>ἀποστόλου</em></span> <span class='ocrx_word' id='word_1_119' title='bbox 3240 870 3338 923; x_wconf 75' lang='grc' dir='ltr'>καὶ</span> <span class='ocrx_word' id='word_1_120' title='bbox 3371 870 3478 939; x_wconf 84' lang='grc' dir='ltr'>τῆς</span> 
     </span>
    </p>
   </div>
   <div class='ocr_carea' id='block_1_22' title="bbox 2586 939 3423 1011">
    <p class='ocr_par' dir='ltr' id='par_1_22' title="bbox 2586 939 3423 1011">
     <span class='ocr_line' id='line_1_22' title="bbox 2586 939 3423 1011; baseline 0.002 -18"><span class='ocrx_word' id='word_1_121' title='bbox 2586 939 2825 1007; x_wconf 71' lang='grc' dir='ltr'>λύψεως</span> <span class='ocrx_word' id='word_1_122' title='bbox 2863 939 3000 1006; x_wconf 81' lang='lat' dir='ltr'><strong>(Nic.</strong></span> <span class='ocrx_word' id='word_1_123' title='bbox 3031 939 3102 994; x_wconf 86' lang='lat' dir='ltr'><strong>ll.</strong></span> <span class='ocrx_word' id='word_1_124' title='bbox 3131 939 3196 992; x_wconf 77' lang='grc' dir='ltr'>Ε.</span> <span class='ocrx_word' id='word_1_125' title='bbox 3226 956 3308 1004; x_wconf 89' lang='lat' dir='ltr'><strong>Ill,</strong></span> <span class='ocrx_word' id='word_1_126' title='bbox 3345 943 3423 1011; x_wconf 87' lang='lat'><strong>9).</strong></span> 
     </span>
    </p>
   </div>
   <div class='ocr_carea' id='block_1_23' title="bbox 2274 1029 3750 1105">
    <p class='ocr_par' dir='ltr' id='par_1_23' title="bbox 2274 1029 3750 1105">
     <span class='ocr_line' id='line_1_23' title="bbox 2274 1029 3750 1105; baseline 0.006 -21"><span class='ocrx_word' id='word_1_127' title='bbox 2274 1032 2361 1084; x_wconf 84' lang='grc' dir='ltr'>Ἑν</span> <span class='ocrx_word' id='word_1_128' title='bbox 2401 1029 2576 1102; x_wconf 81' lang='grc' dir='ltr'>τούτῳ</span> <span class='ocrx_word' id='word_1_129' title='bbox 2619 1030 2834 1101; x_wconf 80' lang='grc' dir='ltr'><strong>κατέχει</strong></span> <span class='ocrx_word' id='word_1_130' title='bbox 2867 1031 3022 1101; x_wconf 83' lang='grc' dir='ltr'><strong>λόγος</strong></span> <span class='ocrx_word' id='word_1_131' title='bbox 3057 1032 3148 1084; x_wconf 87' lang='grc' dir='ltr'><strong>τὸν</strong></span> <span class='ocrx_word' id='word_1_132' title='bbox 3189 1032 3481 1088; x_wconf 76' lang='grc' dir='ltr'>ἀπόστολον</span> <span class='ocrx_word' id='word_1_133' title='bbox 3519 1035 3629 1105; x_wconf 75' lang='grc' dir='ltr'>ἅμα</span> <span class='ocrx_word' id='word_1_134' title='bbox 3666 1039 3750 1093; x_wconf 79' lang='grc' dir='ltr'>καὶ</span> 
     </span>
    </p>
   </div>
   <div class='ocr_carea' id='block_1_24' title="bbox 2191 1123 3749 1200">
    <p class='ocr_par' dir='ltr' id='par_1_24' title="bbox 2191 1123 3749 1200">
     <span class='ocr_line' id='line_1_24' title="bbox 2191 1123 3749 1200; baseline 0.004 -24"><span class='ocrx_word' id='word_1_135' title='bbox 2191 1123 2580 1196; x_wconf 80' lang='grc' dir='ltr'>εὐαγγελιστὴν</span> <span class='ocrx_word' id='word_1_136' title='bbox 2612 1123 2861 1194; x_wconf 78' lang='grc' dir='ltr'>Ἰωάννην</span> <span class='ocrx_word' id='word_1_137' title='bbox 2888 1123 2967 1177; x_wconf 77' lang='grc' dir='ltr'>ἔτι</span> <span class='ocrx_word' id='word_1_138' title='bbox 2989 1123 3066 1195; x_wconf 83' lang='grc' dir='ltr'>τῷ</span> <span class='ocrx_word' id='word_1_139' title='bbox 3090 1123 3188 1196; x_wconf 85' lang='grc' dir='ltr'><strong>βίῳ</strong></span> <span class='ocrx_word' id='word_1_140' title='bbox 3215 1125 3635 1198; x_wconf 77' lang='grc' dir='ltr'>ἐνδιατρίϐοντα,</span> <span class='ocrx_word' id='word_1_141' title='bbox 3658 1129 3749 1200; x_wconf 78' lang='grc' dir='ltr'><strong>τῆς</strong></span> 
     </span>
    </p>
   </div>
   <div class='ocr_carea' id='block_1_25' title="bbox 2191 1213 3749 1290">
    <p class='ocr_par' dir='ltr' id='par_1_25' title="bbox 2191 1213 3749 1290">
     <span class='ocr_line' id='line_1_25' title="bbox 2191 1213 3749 1290; baseline 0.005 -22"><span class='ocrx_word' id='word_1_142' title='bbox 2191 1217 2271 1278; x_wconf 83' lang='grc' dir='ltr'><strong>είς</strong></span> <span class='ocrx_word' id='word_1_143' title='bbox 2299 1215 2388 1267; x_wconf 78' lang='grc' dir='ltr'>τὸν</span> <span class='ocrx_word' id='word_1_144' title='bbox 2417 1215 2556 1268; x_wconf 86' lang='grc' dir='ltr'>Θείον</span> <span class='ocrx_word' id='word_1_145' title='bbox 2586 1213 2758 1282; x_wconf 81' lang='grc' dir='ltr'>Λόγον</span> <span class='ocrx_word' id='word_1_146' title='bbox 2777 1215 2963 1268; x_wconf 74' lang='grc' dir='ltr'>ἕνεκεν</span> <span class='ocrx_word' id='word_1_147' title='bbox 2993 1217 3314 1288; x_wconf 82' lang='grc' dir='ltr'><strong>μαρτυρίας,</strong></span> <span class='ocrx_word' id='word_1_148' title='bbox 3348 1219 3567 1290; x_wconf 85' lang='grc' dir='ltr'>ΙΙάτμον</span> <span class='ocrx_word' id='word_1_149' title='bbox 3596 1225 3749 1276; x_wconf 83' lang='grc' dir='ltr'>οἰκεῖν</span> 
     </span>
    </p>
   </div>
   <div class='ocr_carea' id='block_1_26' title="bbox 2190 1305 3748 1382">
    <p class='ocr_par' dir='ltr' id='par_1_26' title="bbox 2190 1305 3748 1382">
     <span class='ocr_line' id='line_1_26' title="bbox 2190 1305 3748 1382; baseline 0.005 -23"><span class='ocrx_word' id='word_1_150' title='bbox 2190 1305 2648 1376; x_wconf 75' lang='grc' dir='ltr'>καταδικασθῆναι</span> <span class='ocrx_word' id='word_1_151' title='bbox 2671 1305 2766 1376; x_wconf 79' lang='grc' dir='ltr'><strong>τὴν</strong></span> <span class='ocrx_word' id='word_1_152' title='bbox 2787 1307 2966 1377; x_wconf 79' lang='grc' dir='ltr'>νῆσον.</span> <span class='ocrx_word' id='word_1_153' title='bbox 2990 1307 3218 1378; x_wconf 78' lang='grc' dir='ltr'>Γράφων</span> <span class='ocrx_word' id='word_1_154' title='bbox 3243 1309 3305 1378; x_wconf 88' lang='grc' dir='ltr'><strong>γέ</strong></span> <span class='ocrx_word' id='word_1_155' title='bbox 3329 1328 3412 1364; x_wconf 89' lang='grc' dir='ltr'><strong>τοι</strong></span> <span class='ocrx_word' id='word_1_156' title='bbox 3434 1313 3460 1364; x_wconf 90' lang='grc' dir='ltr'><strong>ό</strong></span> <span class='ocrx_word' id='word_1_157' title='bbox 3477 1313 3748 1382; x_wconf 82' lang='grc' dir='ltr'>Εἰρηναῖος</span> 
     </span>
    </p>
   </div>
   <div class='ocr_carea' id='block_1_27' title="bbox 2190 1397 3834 1476">
    <p class='ocr_par' dir='ltr' id='par_1_27' title="bbox 2190 1397 3834 1476">
     <span class='ocr_line' id='line_1_27' title="bbox 2190 1397 3834 1476; baseline 0.004 -26"><span class='ocrx_word' id='word_1_158' title='bbox 2190 1416 2255 1450; x_wconf 89' lang='grc' dir='ltr'><strong>πε</strong></span> <span class='ocrx_word' id='word_1_159' title='bbox 2267 1399 2317 1469; x_wconf 71' lang='lat' dir='ltr'><strong>pi</strong></span> <span class='ocrx_word' id='word_1_160' title='bbox 2343 1399 2442 1467; x_wconf 77' lang='grc' dir='ltr'><strong>τῆς</strong></span> <span class='ocrx_word' id='word_1_161' title='bbox 2469 1397 2647 1468; x_wconf 71' lang='grc' dir='ltr'>ψήφου</span> <span class='ocrx_word' id='word_1_162' title='bbox 2674 1398 2771 1467; x_wconf 76' lang='grc' dir='ltr'>τῆς</span> <span class='ocrx_word' id='word_1_163' title='bbox 2795 1397 2938 1450; x_wconf 85' lang='grc' dir='ltr'><strong>κατά</strong></span> <span class='ocrx_word' id='word_1_164' title='bbox 2967 1398 3056 1451; x_wconf 81' lang='grc' dir='ltr'><strong>τὸν</strong></span> <span class='ocrx_word' id='word_1_165' title='bbox 3091 1399 3452 1472; x_wconf 82' lang='grc' dir='ltr'>Ἀντίχριστον</span> <span class='ocrx_word' id='word_1_166' title='bbox 3489 1421 3747 1476; x_wconf 81' lang='grc' dir='ltr'>προσηγο-</span> <span class='ocrx_word' id='word_1_167' title='bbox 3829 1429 3834 1438; x_wconf 88' lang='grc'><strong>·</strong></span> 
     </span>
    </p>
   </div>
   <div class='ocr_carea' id='block_1_28' title="bbox 2190 1483 3753 1563">
    <p class='ocr_par' dir='ltr' id='par_1_28' title="bbox 2190 1483 3753 1563">
     <span class='ocr_line' id='line_1_28' title="bbox 2190 1483 3753 1563; baseline -0.011 -12"><span class='ocrx_word' id='word_1_168' title='bbox 2190 1483 2313 1558; x_wconf 80' lang='grc' dir='ltr'>ριας</span> <span class='ocrx_word' id='word_1_169' title='bbox 2341 1486 2644 1559; x_wconf 80' lang='grc' dir='ltr'>φερομένης</span> <span class='ocrx_word' id='word_1_170' title='bbox 2671 1489 2729 1541; x_wconf 83' lang='grc' dir='ltr'>ὲν</span> <span class='ocrx_word' id='word_1_171' title='bbox 2764 1491 2828 1559; x_wconf 83' lang='grc' dir='ltr'>τῇ</span> <span class='ocrx_word' id='word_1_172' title='bbox 2869 1487 3114 1542; x_wconf 83' lang='grc' dir='ltr'>Ἰωάννου</span> <span class='ocrx_word' id='word_1_173' title='bbox 3145 1488 3411 1563; x_wconf 79' lang='grc' dir='ltr'><strong>λεγομένῃ</strong></span> <span class='ocrx_word' id='word_1_174' title='bbox 3444 1489 3753 1545; x_wconf 68' lang='grc' dir='ltr'><strong>Ἀποκαλύ-</strong></span> 
     </span>
    </p>
   </div>
   <div class='ocr_carea' id='block_1_29' title="bbox 2185 1580 3754 1656">
    <p class='ocr_par' dir='ltr' id='par_1_29' title="bbox 2185 1580 3754 1656">
     <span class='ocr_line' id='line_1_29' title="bbox 2185 1580 3754 1656; baseline -0.004 -21"><span class='ocrx_word' id='word_1_175' title='bbox 2185 1582 2311 1650; x_wconf 68' lang='grc' dir='ltr'>ψει,</span> <span class='ocrx_word' id='word_1_176' title='bbox 2341 1581 2531 1644; x_wconf 77' lang='grc' dir='ltr'>αὑταῖς</span> <span class='ocrx_word' id='word_1_177' title='bbox 2554 1580 2839 1644; x_wconf 88' lang='grc' dir='ltr'>συλλαϐαῖς</span> <span class='ocrx_word' id='word_1_178' title='bbox 2861 1583 2918 1634; x_wconf 83' lang='grc' dir='ltr'><strong>ἐν</strong></span> <span class='ocrx_word' id='word_1_179' title='bbox 2940 1581 3172 1652; x_wconf 83' lang='grc' dir='ltr'>πέμπτῳ</span> <span class='ocrx_word' id='word_1_180' title='bbox 3190 1581 3296 1635; x_wconf 83' lang='grc' dir='ltr'><strong>τῶν</strong></span> <span class='ocrx_word' id='word_1_181' title='bbox 3314 1582 3471 1650; x_wconf 83' lang='grc' dir='ltr'>Πρὸς</span> <span class='ocrx_word' id='word_1_182' title='bbox 3491 1584 3600 1651; x_wconf 84' lang='grc' dir='ltr'>τὰς</span> <span class='ocrx_word' id='word_1_183' title='bbox 3619 1588 3754 1656; x_wconf 63' lang='grc' dir='ltr'>αλρέ.</span> 
     </span>
    </p>
   </div>
   <div class='ocr_carea' id='block_1_30' title="bbox 2185 1671 3753 1744">
    <p class='ocr_par' dir='ltr' id='par_1_30' title="bbox 2185 1671 3753 1744">
     <span class='ocr_line' id='line_1_30' title="bbox 2185 1671 3753 1744; baseline 0.003 -17"><span class='ocrx_word' id='word_1_184' title='bbox 2185 1684 2319 1738; x_wconf 85' lang='grc' dir='ltr'>σεις</span> <span class='ocrx_word' id='word_1_185' title='bbox 2338 1671 2510 1725; x_wconf 86' lang='grc' dir='ltr'>ταῦτα</span> <span class='ocrx_word' id='word_1_186' title='bbox 2533 1671 2773 1744; x_wconf 74' lang='grc' dir='ltr'>περὶτοῦ</span> <span class='ocrx_word' id='word_1_187' title='bbox 2800 1673 3048 1726; x_wconf 80' lang='grc' dir='ltr'>Ἰωάννου</span> <span class='ocrx_word' id='word_1_188' title='bbox 3073 1673 3256 1744; x_wconf 79' lang='grc' dir='ltr'>φησιν’</span> <span class='ocrx_word' id='word_1_189' title='bbox 3287 1691 3307 1725; x_wconf 77' lang='grc' dir='ltr'><strong>ι</strong></span> <span class='ocrx_word' id='word_1_190' title='bbox 3342 1675 3404 1726; x_wconf 76' lang='lat' dir='ltr'><strong>Ei</strong></span> <span class='ocrx_word' id='word_1_191' title='bbox 3425 1673 3484 1727; x_wconf 80' lang='grc' dir='ltr'>δὲ</span> <span class='ocrx_word' id='word_1_192' title='bbox 3507 1674 3612 1728; x_wconf 76' lang='grc' dir='ltr'>ἔδει</span> <span class='ocrx_word' id='word_1_193' title='bbox 3634 1677 3753 1731; x_wconf 87' lang='grc' dir='ltr'>ἁνα-</span> 
     </span>
    </p>
   </div>
   <div class='ocr_carea' id='block_1_31' title="bbox 2187 1761 3746 1834">
    <p class='ocr_par' dir='ltr' id='par_1_31' title="bbox 2187 1761 3746 1834">
     <span class='ocr_line' id='line_1_31' title="bbox 2187 1761 3746 1834; baseline 0.002 -20"><span class='ocrx_word' id='word_1_194' title='bbox 2187 1763 2380 1831; x_wconf 75' lang='grc' dir='ltr'>φανδὸν</span> <span class='ocrx_word' id='word_1_195' title='bbox 2406 1765 2462 1816; x_wconf 83' lang='grc' dir='ltr'>ὲν</span> <span class='ocrx_word' id='word_1_196' title='bbox 2491 1762 2567 1833; x_wconf 83' lang='grc' dir='ltr'>τῷ</span> <span class='ocrx_word' id='word_1_197' title='bbox 2596 1763 2691 1816; x_wconf 90' lang='grc' dir='ltr'><strong>νῦν</strong></span> <span class='ocrx_word' id='word_1_198' title='bbox 2719 1761 2895 1834; x_wconf 86' lang='grc' dir='ltr'>καιρῷ</span> <span class='ocrx_word' id='word_1_199' title='bbox 2921 1761 3283 1834; x_wconf 79' lang='grc' dir='ltr'>κηρύττεσθαι</span> <span class='ocrx_word' id='word_1_200' title='bbox 3311 1762 3549 1834; x_wconf 72' lang='grc' dir='ltr'>τοῦνομα</span> <span class='ocrx_word' id='word_1_201' title='bbox 3572 1765 3746 1830; x_wconf 77' lang='grc' dir='ltr'>αὑτοῦ,</span> 
     </span>
    </p>
   </div>
   <div class='ocr_carea' id='block_1_32' title="bbox 3517 873 3747 946">
    <p class='ocr_par' dir='ltr' id='par_1_32' title="bbox 3517 873 3747 946">
     <span class='ocr_line' id='line_1_32' title="bbox 3517 873 3747 946; baseline 0 -20"><span class='ocrx_word' id='word_1_202' title='bbox 3517 873 3573 926; x_wconf 83' lang='grc' dir='ltr'>Ἀ</span> <span class='ocrx_word' id='word_1_203' title='bbox 3580 889 3747 946; x_wconf 64' lang='grc' dir='ltr'>ποκα.</span> 
     </span>
    </p>
   </div>
   <div class='ocr_carea' id='block_1_33' title="bbox 503 1852 2062 1929">
    <p class='ocr_par' dir='ltr' id='par_1_33' title="bbox 503 1854 2055 1927">
     <span class='ocr_line' id='line_1_33' title="bbox 503 1854 2055 1927; baseline 0.002 -20"><span class='ocrx_word' id='word_1_204' title='bbox 503 1854 821 1921; x_wconf 69' lang='lat' dir='ltr'><strong>praidictum</strong></span> <span class='ocrx_word' id='word_1_205' title='bbox 852 1855 901 1908; x_wconf 90' lang='lat' dir='ltr'><strong>id</strong></span> <span class='ocrx_word' id='word_1_206' title='bbox 935 1854 1127 1910; x_wconf 83' lang='lat' dir='ltr'><strong>fuisset</strong></span> <span class='ocrx_word' id='word_1_207' title='bbox 1169 1857 1236 1910; x_wconf 88' lang='lat' dir='ltr'><strong>ab</strong></span> <span class='ocrx_word' id='word_1_208' title='bbox 1269 1872 1332 1912; x_wconf 91' lang='lat' dir='ltr'><strong>eo</strong></span> <span class='ocrx_word' id='word_1_209' title='bbox 1361 1857 1452 1927; x_wconf 87' lang='lat' dir='ltr'><strong>qui</strong></span> <span class='ocrx_word' id='word_1_210' title='bbox 1507 1857 1892 1912; x_wconf 87' lang='lat' dir='ltr'><strong>revelationem</strong></span> <span class='ocrx_word' id='word_1_211' title='bbox 1922 1859 2055 1913; x_wconf 83' lang='lat' dir='ltr'><strong>vidit</strong></span> 
     </span>
    </p>
   </div>
   <div class='ocr_carea' id='block_1_34' title="bbox 2174 1852 3747 1929">
    <p class='ocr_par' dir='ltr' id='par_1_34' title="bbox 2183 1852 3747 1927">
     <span class='ocr_line' id='line_1_34' title="bbox 2183 1852 3747 1927; baseline 0.002 -21"><span class='ocrx_word' id='word_1_212' title='bbox 2183 1853 2248 1906; x_wconf 85' lang='grc' dir='ltr'>δι’</span> <span class='ocrx_word' id='word_1_213' title='bbox 2273 1852 2480 1907; x_wconf 79' lang='grc' dir='ltr'>ἐκείνου</span> <span class='ocrx_word' id='word_1_214' title='bbox 2513 1853 2579 1907; x_wconf 85' lang='grc' dir='ltr'>ἂν</span> <span class='ocrx_word' id='word_1_215' title='bbox 2609 1853 2805 1924; x_wconf 78' lang='grc' dir='ltr'>ἐρρέθη</span> <span class='ocrx_word' id='word_1_216' title='bbox 2845 1852 2938 1906; x_wconf 88' lang='grc' dir='ltr'><strong>τοῦ</strong></span> <span class='ocrx_word' id='word_1_217' title='bbox 2965 1855 3059 1906; x_wconf 71' lang='grc' dir='ltr'><strong>καὶ</strong></span> <span class='ocrx_word' id='word_1_218' title='bbox 3085 1854 3182 1924; x_wconf 79' lang='grc' dir='ltr'>τὴν</span> <span class='ocrx_word' id='word_1_219' title='bbox 3211 1855 3554 1923; x_wconf 76' lang='grc' dir='ltr'>ἀποκάλυψιν</span> <span class='ocrx_word' id='word_1_220' title='bbox 3585 1856 3747 1927; x_wconf 83' lang='grc' dir='ltr'>ἑωρα-</span> 
     </span>
    </p>
   </div>
   <div class='ocr_carea' id='block_1_35' title="bbox 505 1941 2076 2019">
    <p class='ocr_par' dir='ltr' id='par_1_35' title="bbox 505 1941 2076 2019">
     <span class='ocr_line' id='line_1_35' title="bbox 505 1941 2076 2019; baseline 0.005 -23"><span class='ocrx_word' id='word_1_221' title='bbox 505 1941 690 2012; x_wconf 84' lang='lat' dir='ltr'><strong>Neque</strong></span> <span class='ocrx_word' id='word_1_222' title='bbox 718 1946 861 2000; x_wconf 89' lang='lat' dir='ltr'><strong>enim</strong></span> <span class='ocrx_word' id='word_1_223' title='bbox 887 1947 1110 2012; x_wconf 86' lang='lat' dir='ltr'><strong>dudum,</strong></span> <span class='ocrx_word' id='word_1_224' title='bbox 1137 1948 1228 2002; x_wconf 90' lang='lat' dir='ltr'><strong>sed</strong></span> <span class='ocrx_word' id='word_1_225' title='bbox 1253 1958 1439 2003; x_wconf 90' lang='lat' dir='ltr'><strong>nostra</strong></span> <span class='ocrx_word' id='word_1_226' title='bbox 1477 1949 1864 2019; x_wconf 83' lang='lat' dir='ltr'><strong>propemodum</strong></span> <span class='ocrx_word' id='word_1_227' title='bbox 1897 1960 2076 2013; x_wconf 61' lang='lat' dir='ltr'><strong>actate,</strong></span> 
     </span>
    </p>
   </div>
   <div class='ocr_carea' id='block_1_36' title="bbox 503 2035 2078 2107">
    <p class='ocr_par' dir='ltr' id='par_1_36' title="bbox 503 2035 2078 2107">
     <span class='ocr_line' id='line_1_36' title="bbox 503 2035 2078 2107; baseline 0.005 -19"><span class='ocrx_word' id='word_1_228' title='bbox 503 2035 604 2089; x_wconf 89' lang='lat' dir='ltr'><strong>sub</strong></span> <span class='ocrx_word' id='word_1_229' title='bbox 629 2035 834 2090; x_wconf 74' lang='lat' dir='ltr'><strong>exitum</strong></span> <span class='ocrx_word' id='word_1_230' title='bbox 863 2037 1072 2092; x_wconf 81' lang='lat' dir='ltr'><strong>scilicet</strong></span> <span class='ocrx_word' id='word_1_231' title='bbox 1103 2039 1317 2107; x_wconf 89' lang='lat' dir='ltr'><strong>imperii</strong></span> <span class='ocrx_word' id='word_1_232' title='bbox 1348 2039 1637 2094; x_wconf 88' lang='lat' dir='ltr'><strong>Domitiani</strong></span> <span class='ocrx_word' id='word_1_233' title='bbox 1673 2040 1785 2095; x_wconf 69' lang='lat' dir='ltr'><strong>haec</strong></span> <span class='ocrx_word' id='word_1_234' title='bbox 1817 2041 2078 2096; x_wconf 86' lang='lat' dir='ltr'><strong>revelatio</strong></span> 
     </span>
    </p>
   </div>
   <div class='ocr_carea' id='block_1_37' title="bbox 502 2128 2076 2201">
    <p class='ocr_par' dir='ltr' id='par_1_37' title="bbox 502 2128 2076 2201">
     <span class='ocr_line' id='line_1_37' title="bbox 502 2128 2076 2201; baseline 0.007 -26"><span class='ocrx_word' id='word_1_235' title='bbox 502 2129 616 2180; x_wconf 81' lang='lat' dir='ltr'><strong>visa</strong></span> <span class='ocrx_word' id='word_1_236' title='bbox 643 2137 744 2182; x_wconf 88' lang='lat' dir='ltr'><strong>est.</strong></span> <span class='ocrx_word' id='word_1_237' title='bbox 771 2147 791 2179; x_wconf 72' lang='grc' dir='ltr'><strong>ι</strong></span> <span class='ocrx_word' id='word_1_238' title='bbox 831 2128 996 2183; x_wconf 89' lang='lat' dir='ltr'><strong>Porro</strong></span> <span class='ocrx_word' id='word_1_239' title='bbox 1024 2131 1114 2184; x_wconf 80' lang='lat' dir='ltr'><strong>his</strong></span> <span class='ocrx_word' id='word_1_240' title='bbox 1154 2130 1286 2201; x_wconf 85' lang='lat' dir='ltr'><strong>ipsis</strong></span> <span class='ocrx_word' id='word_1_241' title='bbox 1315 2132 1650 2201; x_wconf 82' lang='lat' dir='ltr'><strong>temporibus</strong></span> <span class='ocrx_word' id='word_1_242' title='bbox 1672 2132 1920 2184; x_wconf 67' lang='lat' dir='ltr'><strong>doctrina</strong></span> <span class='ocrx_word' id='word_1_243' title='bbox 1950 2132 2076 2186; x_wconf 80' lang='lat' dir='ltr'><strong>fidei</strong></span> 
     </span>
    </p>
   </div>
   <div class='ocr_carea' id='block_1_38' title="bbox 502 2219 2072 2292">
    <p class='ocr_par' dir='ltr' id='par_1_38' title="bbox 502 2219 2072 2292">
     <span class='ocr_line' id='line_1_38' title="bbox 502 2219 2072 2292; baseline 0.003 -20"><span class='ocrx_word' id='word_1_244' title='bbox 502 2227 705 2273; x_wconf 67' lang='lat' dir='ltr'><strong>nostra:</strong></span> <span class='ocrx_word' id='word_1_245' title='bbox 735 2219 851 2290; x_wconf 79' lang='lat'><strong>89</strong></span> <span class='ocrx_word' id='word_1_246' title='bbox 880 2231 1160 2292; x_wconf 83' lang='lat' dir='ltr'><strong>tantopere</strong></span> <span class='ocrx_word' id='word_1_247' title='bbox 1190 2223 1448 2292; x_wconf 83' lang='lat' dir='ltr'><strong>florebat,</strong></span> <span class='ocrx_word' id='word_1_248' title='bbox 1496 2232 1554 2276; x_wconf 92' lang='lat' dir='ltr'><strong>ut</strong></span> <span class='ocrx_word' id='word_1_249' title='bbox 1585 2223 1878 2291; x_wconf 61' lang='lat' dir='ltr'><strong>scriptores</strong></span> <span class='ocrx_word' id='word_1_250' title='bbox 1907 2233 2072 2277; x_wconf 64' lang='lat' dir='ltr'><strong>etiam</strong></span> 
     </span>
    </p>
   </div>
   <div class='ocr_carea' id='block_1_39' title="bbox 499 2311 2078 2384">
    <p class='ocr_par' dir='ltr' id='par_1_39' title="bbox 499 2311 2078 2384">
     <span class='ocr_line' id='line_1_39' title="bbox 499 2311 2078 2384; baseline 0.004 -20"><span class='ocrx_word' id='word_1_251' title='bbox 499 2325 529 2364; x_wconf 86' lang='lat' dir='ltr'><strong>a</strong></span> <span class='ocrx_word' id='word_1_252' title='bbox 563 2311 821 2381; x_wconf 62' lang='lat' dir='ltr'><strong>religione</strong></span> <span class='ocrx_word' id='word_1_253' title='bbox 853 2324 1044 2368; x_wconf 84' lang='lat' dir='ltr'><strong>nostra</strong></span> <span class='ocrx_word' id='word_1_254' title='bbox 1079 2315 1433 2378; x_wconf 83' lang='lat' dir='ltr'><strong>alienissimi,</strong></span> <span class='ocrx_word' id='word_1_255' title='bbox 1463 2324 1518 2370; x_wconf 91' lang='lat' dir='ltr'><strong>et</strong></span> <span class='ocrx_word' id='word_1_256' title='bbox 1551 2316 1992 2384; x_wconf 87' lang='lat' dir='ltr'><strong>persecutionem</strong></span> <span class='ocrx_word' id='word_1_257' title='bbox 2021 2324 2078 2370; x_wconf 87' lang='lat' dir='ltr'><strong>et</strong></span> 
     </span>
    </p>
   </div>
   <div class='ocr_carea' id='block_1_40' title="bbox 499 2403 2073 2474">
    <p class='ocr_par' dir='ltr' id='par_1_40' title="bbox 499 2403 2073 2474">
     <span class='ocr_line' id='line_1_40' title="bbox 499 2403 2073 2474; baseline 0.004 -19"><span class='ocrx_word' id='word_1_258' title='bbox 499 2403 758 2474; x_wconf 80' lang='lat' dir='ltr'><strong>martyria</strong></span> <span class='ocrx_word' id='word_1_259' title='bbox 784 2413 1094 2459; x_wconf 89' lang='lat' dir='ltr'><strong>nostrorum</strong></span> <span class='ocrx_word' id='word_1_260' title='bbox 1147 2405 1509 2461; x_wconf 90' lang='lat' dir='ltr'><strong>monumentis</strong></span> <span class='ocrx_word' id='word_1_261' title='bbox 1543 2406 1657 2460; x_wconf 88' lang='lat' dir='ltr'><strong>suis</strong></span> <span class='ocrx_word' id='word_1_262' title='bbox 1706 2407 1920 2460; x_wconf 77' lang='lat' dir='ltr'><strong>tradere</strong></span> <span class='ocrx_word' id='word_1_263' title='bbox 1969 2422 2073 2461; x_wconf 93' lang='lat' dir='ltr'><strong>non</strong></span> 
     </span>
    </p>
   </div>
   <div class='ocr_carea' id='block_1_41' title="bbox 498 2495 2075 2568">
    <p class='ocr_par' dir='ltr' id='par_1_41' title="bbox 498 2495 2075 2568">
     <span class='ocr_line' id='line_1_41' title="bbox 498 2495 2075 2568; baseline 0.001 -18"><span class='ocrx_word' id='word_1_264' title='bbox 498 2495 801 2551; x_wconf 86' lang='lat' dir='ltr'><strong>dubitarint</strong></span> <span class='ocrx_word' id='word_1_265' title='bbox 857 2495 958 2564; x_wconf 84' lang='lat' dir='ltr'><strong>Qui</strong></span> <span class='ocrx_word' id='word_1_266' title='bbox 998 2499 1215 2568; x_wconf 90' lang='lat' dir='ltr'><strong>quidem</strong></span> <span class='ocrx_word' id='word_1_267' title='bbox 1246 2499 1411 2553; x_wconf 89' lang='lat' dir='ltr'><strong>etiam</strong></span> <span class='ocrx_word' id='word_1_268' title='bbox 1441 2507 1654 2567; x_wconf 88' lang='lat' dir='ltr'><strong>tempus</strong></span> <span class='ocrx_word' id='word_1_269' title='bbox 1684 2498 1855 2567; x_wconf 85' lang='lat' dir='ltr'><strong>ipsum</strong></span> <span class='ocrx_word' id='word_1_270' title='bbox 1887 2511 2075 2566; x_wconf 84' lang='lat' dir='ltr'><strong>persc-</strong></span> 
     </span>
    </p>
   </div>
   <div class='ocr_carea' id='block_1_42' title="bbox 497 2587 2076 2646">
    <p class='ocr_par' dir='ltr' id='par_1_42' title="bbox 497 2587 2076 2646">
     <span class='ocr_line' id='line_1_42' title="bbox 497 2587 2076 2646; baseline 0.003 -6"><span class='ocrx_word' id='word_1_271' title='bbox 497 2587 738 2643; x_wconf 88' lang='lat' dir='ltr'><strong>cutionis</strong></span> <span class='ocrx_word' id='word_1_272' title='bbox 767 2600 1021 2646; x_wconf 87' lang='lat' dir='ltr'><strong>accurate</strong></span> <span class='ocrx_word' id='word_1_273' title='bbox 1058 2601 1404 2645; x_wconf 84' lang='lat' dir='ltr'><strong>notaverunt.</strong></span> <span class='ocrx_word' id='word_1_274' title='bbox 1447 2590 1710 2646; x_wconf 89' lang='lat' dir='ltr'><strong>Scribnnt</strong></span> <span class='ocrx_word' id='word_1_275' title='bbox 1740 2589 1884 2644; x_wconf 90' lang='lat' dir='ltr'><strong>enim</strong></span> <span class='ocrx_word' id='word_1_276' title='bbox 1931 2604 2076 2644; x_wconf 84' lang='lat' dir='ltr'><strong>anno</strong></span> 
     </span>
    </p>
   </div>
   <div class='ocr_carea' id='block_1_43' title="bbox 496 2677 2073 2750">
    <p class='ocr_par' dir='ltr' id='par_1_43' title="bbox 496 2677 2073 2750">
     <span class='ocr_line' id='line_1_43' title="bbox 496 2677 2073 2750; baseline 0.002 -21"><span class='ocrx_word' id='word_1_277' title='bbox 496 2677 843 2747; x_wconf 86' lang='lat' dir='ltr'><strong>principatus</strong></span> <span class='ocrx_word' id='word_1_278' title='bbox 866 2681 1153 2734; x_wconf 88' lang='lat' dir='ltr'><strong>Domitiani</strong></span> <span class='ocrx_word' id='word_1_279' title='bbox 1203 2681 1396 2750; x_wconf 89' lang='lat' dir='ltr'><strong>quinto</strong></span> <span class='ocrx_word' id='word_1_280' title='bbox 1426 2681 1658 2744; x_wconf 92' lang='lat' dir='ltr'><strong>decimo,</strong></span> <span class='ocrx_word' id='word_1_281' title='bbox 1687 2679 1928 2735; x_wconf 76' lang='lat' dir='ltr'><strong>Flaviam</strong></span> <span class='ocrx_word' id='word_1_282' title='bbox 1967 2680 2073 2734; x_wconf 85' lang='lat' dir='ltr'><strong>Do-</strong></span> 
     </span>
    </p>
   </div>
   <div class='ocr_carea' id='block_1_44' title="bbox 497 2769 2074 2843">
    <p class='ocr_par' dir='ltr' id='par_1_44' title="bbox 497 2769 2074 2843">
     <span class='ocr_line' id='line_1_44' title="bbox 497 2769 2074 2843; baseline 0.004 -22"><span class='ocrx_word' id='word_1_283' title='bbox 497 2769 748 2824; x_wconf 73' lang='lat' dir='ltr'><strong>mitillam</strong></span> <span class='ocrx_word' id='word_1_284' title='bbox 779 2769 953 2826; x_wconf 87' lang='lat' dir='ltr'><strong>Flavii</strong></span> <span class='ocrx_word' id='word_1_285' title='bbox 989 2772 1284 2828; x_wconf 91' lang='lat' dir='ltr'><strong>Clementis</strong></span> <span class='ocrx_word' id='word_1_286' title='bbox 1322 2773 1441 2842; x_wconf 79' lang='lat' dir='ltr'><strong>ejus</strong></span> <span class='ocrx_word' id='word_1_287' title='bbox 1481 2773 1578 2843; x_wconf 86' lang='lat' dir='ltr'><strong>qui</strong></span> <span class='ocrx_word' id='word_1_288' title='bbox 1631 2783 1760 2830; x_wconf 87' lang='lat' dir='ltr'><strong>tunc</strong></span> <span class='ocrx_word' id='word_1_289' title='bbox 1809 2773 2074 2842; x_wconf 89' lang='lat' dir='ltr'><strong>temporis</strong></span> 
     </span>
    </p>
   </div>
   <div class='ocr_carea' id='block_1_45' title="bbox 496 2858 2074 2935">
    <p class='ocr_par' dir='ltr' id='par_1_45' title="bbox 496 2858 2074 2935">
     <span class='ocr_line' id='line_1_45' title="bbox 496 2858 2074 2935; baseline 0.004 -22"><span class='ocrx_word' id='word_1_290' title='bbox 496 2858 688 2916; x_wconf 69' lang='lat' dir='ltr'><strong>Romae</strong></span> <span class='ocrx_word' id='word_1_291' title='bbox 707 2863 900 2918; x_wconf 88' lang='lat' dir='ltr'><strong>consul</strong></span> <span class='ocrx_word' id='word_1_292' title='bbox 919 2863 1037 2930; x_wconf 84' lang='lat' dir='ltr'><strong>fuit,</strong></span> <span class='ocrx_word' id='word_1_293' title='bbox 1073 2881 1137 2918; x_wconf 78' lang='lat' dir='ltr'><strong>ex</strong></span> <span class='ocrx_word' id='word_1_294' title='bbox 1168 2881 1355 2920; x_wconf 80' lang='lat' dir='ltr'><strong>sorore</strong></span> <span class='ocrx_word' id='word_1_295' title='bbox 1385 2876 1629 2935; x_wconf 88' lang='lat' dir='ltr'><strong>neptem,</strong></span> <span class='ocrx_word' id='word_1_296' title='bbox 1661 2880 1766 2918; x_wconf 89' lang='lat' dir='ltr'><strong>una</strong></span> <span class='ocrx_word' id='word_1_297' title='bbox 1795 2880 1918 2920; x_wconf 91' lang='lat' dir='ltr'><strong>cum</strong></span> <span class='ocrx_word' id='word_1_298' title='bbox 1951 2864 2074 2919; x_wconf 86' lang='lat' dir='ltr'><strong>aliis</strong></span> 
     </span>
    </p>
   </div>
   <div class='ocr_carea' id='block_1_46' title="bbox 2183 1943 3749 2017">
    <p class='ocr_par' dir='ltr' id='par_1_46' title="bbox 2183 1943 3749 2017">
     <span class='ocr_line' id='line_1_46' title="bbox 2183 1943 3749 2017; baseline 0.001 -19"><span class='ocrx_word' id='word_1_299' title='bbox 2183 1945 2356 2009; x_wconf 86' lang='grc' dir='ltr'>κότος.</span> <span class='ocrx_word' id='word_1_300' title='bbox 2393 1944 2528 1998; x_wconf 76' lang='grc' dir='ltr'><strong>οὐδὲ</strong></span> <span class='ocrx_word' id='word_1_301' title='bbox 2569 1943 2678 2016; x_wconf 87' lang='grc' dir='ltr'>γὰρ</span> <span class='ocrx_word' id='word_1_302' title='bbox 2723 1944 2830 2016; x_wconf 78' lang='grc' dir='ltr'><strong>πρὸ</strong></span> <span class='ocrx_word' id='word_1_303' title='bbox 2869 1943 3062 2000; x_wconf 86' lang='grc' dir='ltr'>πολλοῦ</span> <span class='ocrx_word' id='word_1_304' title='bbox 3097 1945 3286 2016; x_wconf 89' lang='grc' dir='ltr'>χρόνου</span> <span class='ocrx_word' id='word_1_305' title='bbox 3330 1946 3547 2017; x_wconf 83' lang='grc' dir='ltr'>ἐωράοη</span> <span class='ocrx_word' id='word_1_306' title='bbox 3573 1988 3588 2012; x_wconf 90' lang='grc'><strong>,</strong></span> <span class='ocrx_word' id='word_1_307' title='bbox 3626 1947 3749 2000; x_wconf 81' lang='grc' dir='ltr'>ἀλλὰ</span> 
     </span>
    </p>
   </div>
   <div class='ocr_carea' id='block_1_47' title="bbox 2183 2035 3749 2107">
    <p class='ocr_par' dir='ltr' id='par_1_47' title="bbox 2183 2035 3749 2107">
     <span class='ocr_line' id='line_1_47' title="bbox 2183 2035 3749 2107; baseline 0.01 -20"><span class='ocrx_word' id='word_1_308' title='bbox 2183 2035 2365 2106; x_wconf 84' lang='grc' dir='ltr'>σχεδὸν</span> <span class='ocrx_word' id='word_1_309' title='bbox 2401 2037 2492 2088; x_wconf 75' lang='grc' dir='ltr'>ἐπὶ</span> <span class='ocrx_word' id='word_1_310' title='bbox 2519 2037 2616 2106; x_wconf 79' lang='grc' dir='ltr'>τῆς</span> <span class='ocrx_word' id='word_1_311' title='bbox 2644 2036 2922 2106; x_wconf 80' lang='grc' dir='ltr'>ἡμετέρας</span> <span class='ocrx_word' id='word_1_312' title='bbox 2947 2038 3140 2104; x_wconf 81' lang='grc' dir='ltr'>γενεᾶς</span> <span class='ocrx_word' id='word_1_313' title='bbox 3159 2076 3174 2098; x_wconf 94' lang='grc'><strong>,</strong></span> <span class='ocrx_word' id='word_1_314' title='bbox 3205 2036 3340 2107; x_wconf 81' lang='grc' dir='ltr'>πρός</span> <span class='ocrx_word' id='word_1_315' title='bbox 3374 2037 3450 2106; x_wconf 79' lang='grc' dir='ltr'>τῷ</span> <span class='ocrx_word' id='word_1_316' title='bbox 3491 2037 3633 2091; x_wconf 78' lang='grc' dir='ltr'>τέλει</span> <span class='ocrx_word' id='word_1_317' title='bbox 3661 2039 3749 2107; x_wconf 84' lang='grc' dir='ltr'><strong>τῆς</strong></span> 
     </span>
    </p>
   </div>
   <div class='ocr_carea' id='block_1_48' title="bbox 2177 2126 3749 2199">
    <p class='ocr_par' dir='ltr' id='par_1_48' title="bbox 2177 2126 3749 2199">
     <span class='ocr_line' id='line_1_48' title="bbox 2177 2126 3749 2199; baseline 0.003 -20"><span class='ocrx_word' id='word_1_318' title='bbox 2177 2126 2505 2198; x_wconf 79' lang='grc' dir='ltr'>Δομετιανοῦ</span> <span class='ocrx_word' id='word_1_319' title='bbox 2537 2128 2726 2198; x_wconf 80' lang='grc' dir='ltr'>ἀρχῆς.</span> <span class='ocrx_word' id='word_1_320' title='bbox 2757 2146 2774 2178; x_wconf 85' lang='grc'><strong>›</strong></span> <span class='ocrx_word' id='word_1_321' title='bbox 2821 2129 2914 2190; x_wconf 84' lang='grc' dir='ltr'><strong>Εἰς</strong></span> <span class='ocrx_word' id='word_1_322' title='bbox 2953 2127 3202 2180; x_wconf 87' lang='grc' dir='ltr'>τοσοῦτον</span> <span class='ocrx_word' id='word_1_323' title='bbox 3231 2127 3287 2180; x_wconf 84' lang='grc' dir='ltr'>δὲ</span> <span class='ocrx_word' id='word_1_324' title='bbox 3316 2127 3421 2199; x_wconf 78' lang='grc' dir='ltr'>ἄρα</span> <span class='ocrx_word' id='word_1_325' title='bbox 3463 2128 3607 2182; x_wconf 86' lang='grc' dir='ltr'><strong>κατά</strong></span> <span class='ocrx_word' id='word_1_326' title='bbox 3634 2131 3749 2194; x_wconf 71' lang='grc' dir='ltr'>τοὺς</span> 
     </span>
    </p>
   </div>
   <div class='ocr_carea' id='block_1_49' title="bbox 2177 2217 3750 2292">
    <p class='ocr_par' dir='ltr' id='par_1_49' title="bbox 2177 2217 3750 2292">
     <span class='ocr_line' id='line_1_49' title="bbox 2177 2217 3750 2292; baseline 0 -21"><span class='ocrx_word' id='word_1_327' title='bbox 2177 2218 2535 2292; x_wconf 82' lang='grc' dir='ltr'>δηλουμένους</span> <span class='ocrx_word' id='word_1_328' title='bbox 2566 2220 2600 2288; x_wconf 77' lang='grc' dir='ltr'>ἡ</span> <span class='ocrx_word' id='word_1_329' title='bbox 2630 2217 2728 2287; x_wconf 81' lang='grc' dir='ltr'>τῆς</span> <span class='ocrx_word' id='word_1_330' title='bbox 2750 2218 3022 2288; x_wconf 78' lang='grc' dir='ltr'>ἡμετέρας</span> <span class='ocrx_word' id='word_1_331' title='bbox 3053 2218 3288 2280; x_wconf 84' lang='grc' dir='ltr'>πίστεως</span> <span class='ocrx_word' id='word_1_332' title='bbox 3317 2217 3632 2272; x_wconf 82' lang='grc' dir='ltr'>διδασκαλία</span> <span class='ocrx_word' id='word_1_333' title='bbox 3653 2219 3750 2271; x_wconf 86' lang='grc' dir='ltr'>διέ-</span> 
     </span>
    </p>
   </div>
   <div class='ocr_carea' id='block_1_50' title="bbox 2177 2308 3747 2382">
    <p class='ocr_par' dir='ltr' id='par_1_50' title="bbox 2177 2308 3747 2382">
     <span class='ocr_line' id='line_1_50' title="bbox 2177 2308 3747 2382; baseline -0.001 -19"><span class='ocrx_word' id='word_1_334' title='bbox 2177 2311 2425 2382; x_wconf 72' lang='grc' dir='ltr'>λαμπεν,</span> <span class='ocrx_word' id='word_1_335' title='bbox 2470 2310 2546 2374; x_wconf 83' lang='grc' dir='ltr'>ὡς</span> <span class='ocrx_word' id='word_1_336' title='bbox 2590 2311 2685 2363; x_wconf 77' lang='grc' dir='ltr'><strong>καὶ</strong></span> <span class='ocrx_word' id='word_1_337' title='bbox 2721 2310 2848 2374; x_wconf 84' lang='grc' dir='ltr'>τοὺς</span> <span class='ocrx_word' id='word_1_338' title='bbox 2891 2309 3090 2364; x_wconf 75' lang='grc' dir='ltr'>ἄποθεν</span> <span class='ocrx_word' id='word_1_339' title='bbox 3127 2308 3222 2362; x_wconf 88' lang='grc' dir='ltr'><strong>τοῦ</strong></span> <span class='ocrx_word' id='word_1_340' title='bbox 3265 2309 3383 2362; x_wconf 78' lang='grc' dir='ltr'>καθ’</span> <span class='ocrx_word' id='word_1_341' title='bbox 3411 2311 3564 2380; x_wconf 77' lang='grc' dir='ltr'>ἡμᾶς</span> <span class='ocrx_word' id='word_1_342' title='bbox 3599 2310 3747 2378; x_wconf 84' lang='grc' dir='ltr'>λόγου</span> 
     </span>
    </p>
   </div>
   <div class='ocr_carea' id='block_1_51' title="bbox 2178 2400 3748 2474">
    <p class='ocr_par' dir='ltr' id='par_1_51' title="bbox 2178 2400 3748 2474">
     <span class='ocr_line' id='line_1_51' title="bbox 2178 2400 3748 2474; baseline -0.002 -18"><span class='ocrx_word' id='word_1_343' title='bbox 2178 2402 2514 2473; x_wconf 73' lang='grc' dir='ltr'>συγγραφεῖς</span> <span class='ocrx_word' id='word_1_344' title='bbox 2545 2401 2618 2471; x_wconf 81' lang='grc' dir='ltr'>μὴ</span> <span class='ocrx_word' id='word_1_345' title='bbox 2662 2401 2966 2472; x_wconf 82' lang='grc' dir='ltr'>ἀποκνῆσαι</span> <span class='ocrx_word' id='word_1_346' title='bbox 2995 2403 3115 2463; x_wconf 85' lang='grc' dir='ltr'>ταῖς</span> <span class='ocrx_word' id='word_1_347' title='bbox 3148 2400 3326 2454; x_wconf 77' lang='grc' dir='ltr'>αὐτῶν</span> <span class='ocrx_word' id='word_1_348' title='bbox 3364 2401 3628 2474; x_wconf 73' lang='grc' dir='ltr'>ἱστορίαις</span> <span class='ocrx_word' id='word_1_349' title='bbox 3665 2401 3748 2454; x_wconf 85' lang='grc' dir='ltr'><strong>τόν</strong></span> 
     </span>
    </p>
   </div>
   <div class='ocr_carea' id='block_1_52' title="bbox 2171 2491 3746 2564">
    <p class='ocr_par' dir='ltr' id='par_1_52' title="bbox 2171 2491 3746 2564">
     <span class='ocr_line' id='line_1_52' title="bbox 2171 2491 3746 2564; baseline -0.002 -17"><span class='ocrx_word' id='word_1_350' title='bbox 2171 2511 2234 2547; x_wconf 84' lang='grc' dir='ltr'><strong>τε</strong></span> <span class='ocrx_word' id='word_1_351' title='bbox 2277 2492 2511 2564; x_wconf 86' lang='grc' dir='ltr'>διωγμόν</span> <span class='ocrx_word' id='word_1_352' title='bbox 2553 2494 2646 2546; x_wconf 74' lang='grc' dir='ltr'><strong>καὶ</strong></span> <span class='ocrx_word' id='word_1_353' title='bbox 2683 2491 2752 2546; x_wconf 78' lang='grc' dir='ltr'>τὰ</span> <span class='ocrx_word' id='word_1_354' title='bbox 2798 2494 2856 2545; x_wconf 83' lang='grc' dir='ltr'>ὲν</span> <span class='ocrx_word' id='word_1_355' title='bbox 2897 2491 3044 2562; x_wconf 83' lang='grc' dir='ltr'>αὐτῴ</span> <span class='ocrx_word' id='word_1_356' title='bbox 3095 2492 3367 2563; x_wconf 79' lang='grc' dir='ltr'>μαρτύρια</span> <span class='ocrx_word' id='word_1_357' title='bbox 3400 2491 3746 2563; x_wconf 82' lang='grc' dir='ltr'>παραδοῦναι.</span> 
     </span>
    </p>
   </div>
   <div class='ocr_carea' id='block_1_53' title="bbox 2175 2583 3748 2654">
    <p class='ocr_par' dir='ltr' id='par_1_53' title="bbox 2175 2583 3748 2654">
     <span class='ocr_line' id='line_1_53' title="bbox 2175 2583 3748 2654; baseline -0.001 -17"><span class='ocrx_word' id='word_1_358' title='bbox 2175 2585 2302 2652; x_wconf 80' lang='grc' dir='ltr'>Οἴγε</span> <span class='ocrx_word' id='word_1_359' title='bbox 2336 2585 2430 2636; x_wconf 75' lang='grc' dir='ltr'><strong>καὶ</strong></span> <span class='ocrx_word' id='word_1_360' title='bbox 2463 2584 2554 2636; x_wconf 82' lang='grc' dir='ltr'><strong>τὸν</strong></span> <span class='ocrx_word' id='word_1_361' title='bbox 2593 2583 2782 2654; x_wconf 81' lang='grc' dir='ltr'>καιρὸν</span> <span class='ocrx_word' id='word_1_362' title='bbox 2817 2585 2902 2636; x_wconf 79' lang='grc' dir='ltr'>ἐπ’</span> <span class='ocrx_word' id='word_1_363' title='bbox 2932 2583 3157 2653; x_wconf 79' lang='grc' dir='ltr'>ἀκριϐὲς</span> <span class='ocrx_word' id='word_1_364' title='bbox 3202 2584 3654 2653; x_wconf 81' lang='grc' dir='ltr'>ἐπεσημήναντο,</span> <span class='ocrx_word' id='word_1_365' title='bbox 3697 2585 3748 2636; x_wconf 84' lang='grc' dir='ltr'><strong>ἐν</strong></span> 
     </span>
    </p>
   </div>
   <div class='ocr_carea' id='block_1_54' title="bbox 2174 2673 3747 2746">
    <p class='ocr_par' dir='ltr' id='par_1_54' title="bbox 2174 2673 3747 2746">
     <span class='ocr_line' id='line_1_54' title="bbox 2174 2673 3747 2746; baseline -0.001 -18"><span class='ocrx_word' id='word_1_366' title='bbox 2174 2676 2283 2729; x_wconf 75' lang='grc' dir='ltr'>ἔτει</span> <span class='ocrx_word' id='word_1_367' title='bbox 2315 2676 2781 2746; x_wconf 82' lang='grc' dir='ltr'>πεντεκαιδεκάτῳ</span> <span class='ocrx_word' id='word_1_368' title='bbox 2809 2675 3133 2746; x_wconf 79' lang='grc' dir='ltr'>Δομετιανοῦ</span> <span class='ocrx_word' id='word_1_369' title='bbox 3170 2676 3308 2745; x_wconf 75' lang='grc' dir='ltr'>μετὰ</span> <span class='ocrx_word' id='word_1_370' title='bbox 3339 2673 3610 2728; x_wconf 81' lang='grc' dir='ltr'>πλείστων</span> <span class='ocrx_word' id='word_1_371' title='bbox 3640 2675 3747 2726; x_wconf 84' lang='grc' dir='ltr'>ἑτέ-</span> 
     </span>
    </p>
   </div>
   <div class='ocr_carea' id='block_1_55' title="bbox 2176 2767 3746 2841">
    <p class='ocr_par' dir='ltr' id='par_1_55' title="bbox 2176 2767 3746 2841">
     <span class='ocr_line' id='line_1_55' title="bbox 2176 2767 3746 2841; baseline -0.003 -18"><span class='ocrx_word' id='word_1_372' title='bbox 2176 2788 2286 2841; x_wconf 89' lang='grc' dir='ltr'><strong>ρων</strong></span> <span class='ocrx_word' id='word_1_373' title='bbox 2319 2771 2411 2824; x_wconf 85' lang='grc' dir='ltr'>κα“ι</span> <span class='ocrx_word' id='word_1_374' title='bbox 2438 2769 2671 2822; x_wconf 82' lang='grc' dir='ltr'>Φλαϐίαν</span> <span class='ocrx_word' id='word_1_375' title='bbox 2701 2768 3026 2839; x_wconf 79' lang='grc' dir='ltr'>Δομετέλλαν</span> <span class='ocrx_word' id='word_1_376' title='bbox 3058 2769 3461 2840; x_wconf 77' lang='grc' dir='ltr'>ἱστορήσαντες,</span> <span class='ocrx_word' id='word_1_377' title='bbox 3510 2767 3569 2834; x_wconf 78' lang='grc' dir='ltr'><strong>ἐξ</strong></span> <span class='ocrx_word' id='word_1_378' title='bbox 3605 2767 3746 2820; x_wconf 83' lang='grc' dir='ltr'>ἀδελ-</span> 
     </span>
    </p>
   </div>
   <div class='ocr_carea' id='block_1_56' title="bbox 2173 2857 3752 2930">
    <p class='ocr_par' dir='ltr' id='par_1_56' title="bbox 2173 2857 3752 2930">
     <span class='ocr_line' id='line_1_56' title="bbox 2173 2857 3752 2930; baseline -0.003 -17"><span class='ocrx_word' id='word_1_379' title='bbox 2173 2861 2278 2930; x_wconf 76' lang='grc' dir='ltr'><strong>φῆς</strong></span> <span class='ocrx_word' id='word_1_380' title='bbox 2305 2865 2588 2929; x_wconf 86' lang='grc' dir='ltr'>γεγονυῖαν</span> <span class='ocrx_word' id='word_1_381' title='bbox 2626 2861 2857 2914; x_wconf 83' lang='grc' dir='ltr'>Φλαϐίου</span> <span class='ocrx_word' id='word_1_382' title='bbox 2896 2860 3241 2930; x_wconf 75' lang='grc' dir='ltr'>Κλήμεντος,</span> <span class='ocrx_word' id='word_1_383' title='bbox 3285 2857 3402 2922; x_wconf 81' lang='grc' dir='ltr'>ἐνὸς</span> <span class='ocrx_word' id='word_1_384' title='bbox 3448 2858 3562 2910; x_wconf 82' lang='grc' dir='ltr'><strong>τῶν</strong></span> <span class='ocrx_word' id='word_1_385' title='bbox 3605 2876 3752 2929; x_wconf 64' lang='grc' dir='ltr'>τηνις</span> 
     </span>
    </p>
   </div>
   <div class='ocr_carea' id='block_1_57' title="bbox 495 2947 2062 3022">
    <p class='ocr_par' dir='ltr' id='par_1_57' title="bbox 495 2953 2062 3022">
     <span class='ocr_line' id='line_1_57' title="bbox 495 2953 2062 3022; baseline 0.004 -17"><span class='ocrx_word' id='word_1_386' title='bbox 495 2953 747 3022; x_wconf 83' lang='lat' dir='ltr'><strong>plurimis</strong></span> <span class='ocrx_word' id='word_1_387' title='bbox 777 2955 848 3011; x_wconf 82' lang='lat' dir='ltr'><strong>ob</strong></span> <span class='ocrx_word' id='word_1_388' title='bbox 875 2956 1272 3012; x_wconf 79' lang='lat' dir='ltr'><strong>confessionem</strong></span> <span class='ocrx_word' id='word_1_389' title='bbox 1325 2959 1524 3013; x_wconf 87' lang='lat' dir='ltr'><strong>Christi</strong></span> <span class='ocrx_word' id='word_1_390' title='bbox 1556 2958 1609 3013; x_wconf 89' lang='lat' dir='ltr'><strong>in</strong></span> <span class='ocrx_word' id='word_1_391' title='bbox 1648 2958 1885 3014; x_wconf 89' lang='lat' dir='ltr'><strong>insulam</strong></span> <span class='ocrx_word' id='word_1_392' title='bbox 1930 2958 2062 3013; x_wconf 82' lang='lat' dir='ltr'><strong>Pon-</strong></span> 
     </span>
    </p>
   </div>
   <div class='ocr_carea' id='block_1_58' title="bbox 2174 2947 3750 3022">
    <p class='ocr_par' dir='ltr' id='par_1_58' title="bbox 2174 2947 3750 3022">
     <span class='ocr_line' id='line_1_58' title="bbox 2174 2947 3750 3022; baseline -0.004 -15"><span class='ocrx_word' id='word_1_393' title='bbox 2174 2953 2299 3007; x_wconf 85' lang='grc' dir='ltr'><strong>κάδε</strong></span> <span class='ocrx_word' id='word_1_394' title='bbox 2345 2952 2436 3004; x_wconf 77' lang='grc' dir='ltr'><strong>ἐπὶ</strong></span> <span class='ocrx_word' id='word_1_395' title='bbox 2479 2949 2697 3022; x_wconf 81' lang='grc' dir='ltr'>Ῥώμης</span> <span class='ocrx_word' id='word_1_396' title='bbox 2736 2951 2986 3013; x_wconf 79' lang='grc' dir='ltr'>ὑπάτων,</span> <span class='ocrx_word' id='word_1_397' title='bbox 3036 2950 3133 3017; x_wconf 85' lang='grc' dir='ltr'>τῆς</span> <span class='ocrx_word' id='word_1_398' title='bbox 3171 2951 3250 3013; x_wconf 79' lang='grc' dir='ltr'>εἰς</span> <span class='ocrx_word' id='word_1_399' title='bbox 3281 2947 3520 3021; x_wconf 84' lang='grc' dir='ltr'>Χριστὸν</span> <span class='ocrx_word' id='word_1_400' title='bbox 3553 2967 3750 3020; x_wconf 78' lang='grc' dir='ltr'>μαρτυ-</span> 
     </span>
    </p>
   </div>
   <div class='ocr_carea' id='block_1_59' title="bbox 498 3044 1220 3116">
    <p class='ocr_par' dir='ltr' id='par_1_59' title="bbox 498 3044 1220 3116">
     <span class='ocr_line' id='line_1_59' title="bbox 498 3044 1220 3116; baseline 0.004 -19"><span class='ocrx_word' id='word_1_401' title='bbox 498 3045 629 3099; x_wconf 87' lang='lat' dir='ltr'><strong>tiam</strong></span> <span class='ocrx_word' id='word_1_402' title='bbox 651 3044 823 3102; x_wconf 83' lang='lat' dir='ltr'><strong>fuisse</strong></span> <span class='ocrx_word' id='word_1_403' title='bbox 851 3047 1220 3116; x_wconf 88' lang='lat' dir='ltr'><strong>deportatam.</strong></span> 
     </span>
    </p>
   </div>
   <div class='ocr_carea' id='block_1_60' title="bbox 1065 3219 1480 3278">
    <p class='ocr_par' dir='ltr' id='par_1_60' title="bbox 1065 3219 1480 3278">
     <span class='ocr_line' id='line_1_60' title="bbox 1065 3219 1480 3278; baseline 0 -2"><span class='ocrx_word' id='word_1_404' title='bbox 1065 3219 1294 3276; x_wconf 83' lang='lat' dir='ltr'><strong>CAPUT</strong></span> <span class='ocrx_word' id='word_1_405' title='bbox 1334 3220 1480 3278; x_wconf 80' lang='lat' dir='ltr'><strong>XIX.</strong></span> 
     </span>
    </p>
   </div>
   <div class='ocr_carea' id='block_1_61' title="bbox 495 3331 2065 3406">
    <p class='ocr_par' dir='ltr' id='par_1_61' title="bbox 495 3331 2065 3406">
     <span class='ocr_line' id='line_1_61' title="bbox 495 3331 2065 3406; baseline 0.001 -22"><span class='ocrx_word' id='word_1_406' title='bbox 495 3331 770 3396; x_wconf 81' lang='lat' dir='ltr'><strong>Quomodo</strong></span> <span class='ocrx_word' id='word_1_407' title='bbox 806 3331 1143 3387; x_wconf 74' lang='lat' dir='ltr'><strong>Domitianus</strong></span> <span class='ocrx_word' id='word_1_408' title='bbox 1175 3333 1395 3388; x_wconf 81' lang='lat' dir='ltr'><strong>Davidis</strong></span> <span class='ocrx_word' id='word_1_409' title='bbox 1424 3346 1658 3404; x_wconf 75' lang='lat' dir='ltr'><strong>posteros</strong></span> <span class='ocrx_word' id='word_1_410' title='bbox 1685 3337 1849 3406; x_wconf 83' lang='lat' dir='ltr'><strong>jussit</strong></span> <span class='ocrx_word' id='word_1_411' title='bbox 1876 3335 2065 3390; x_wconf 78' lang='lat' dir='ltr'><strong>occidi.</strong></span> 
     </span>
    </p>
   </div>
   <div class='ocr_carea' id='block_1_62' title="bbox 562 3467 2068 3540">
    <p class='ocr_par' dir='ltr' id='par_1_62' title="bbox 562 3467 2068 3540">
     <span class='ocr_line' id='line_1_62' title="bbox 562 3467 2068 3540; baseline 0.003 -20"><span class='ocrx_word' id='word_1_412' title='bbox 562 3467 695 3520; x_wconf 83' lang='lat' dir='ltr'><strong>Cum</strong></span> <span class='ocrx_word' id='word_1_413' title='bbox 725 3481 854 3520; x_wconf 88' lang='lat' dir='ltr'><strong>vero</strong></span> <span class='ocrx_word' id='word_1_414' title='bbox 882 3467 1021 3520; x_wconf 89' lang='lat' dir='ltr'><strong>idem</strong></span> <span class='ocrx_word' id='word_1_415' title='bbox 1054 3467 1396 3522; x_wconf 82' lang='lat' dir='ltr'><strong>Domitianus</strong></span> <span class='ocrx_word' id='word_1_416' title='bbox 1421 3469 1709 3526; x_wconf 89' lang='lat' dir='ltr'><strong>universos</strong></span> <span class='ocrx_word' id='word_1_417' title='bbox 1755 3472 1848 3540; x_wconf 91' lang='lat' dir='ltr'><strong>qui</strong></span> <span class='ocrx_word' id='word_1_418' title='bbox 1897 3486 1927 3524; x_wconf 93' lang='lat' dir='ltr'><strong>a</strong></span> <span class='ocrx_word' id='word_1_419' title='bbox 1963 3473 2068 3525; x_wconf 86' lang='lat' dir='ltr'><strong>Da-</strong></span> 
     </span>
    </p>
   </div>
   <div class='ocr_carea' id='block_1_63' title="bbox 489 3557 2064 3633">
    <p class='ocr_par' dir='ltr' id='par_1_63' title="bbox 489 3557 2064 3633">
     <span class='ocr_line' id='line_1_63' title="bbox 489 3557 2064 3633; baseline 0.005 -23"><span class='ocrx_word' id='word_1_420' title='bbox 489 3559 613 3612; x_wconf 75' lang='lat' dir='ltr'><strong>vide</strong></span> <span class='ocrx_word' id='word_1_421' title='bbox 635 3558 849 3626; x_wconf 81' lang='lat' dir='ltr'><strong>generis</strong></span> <span class='ocrx_word' id='word_1_422' title='bbox 872 3557 952 3611; x_wconf 85' lang='lat' dir='ltr'><strong>sui</strong></span> <span class='ocrx_word' id='word_1_423' title='bbox 984 3559 1250 3628; x_wconf 75' lang='lat' dir='ltr'><strong>originem</strong></span> <span class='ocrx_word' id='word_1_424' title='bbox 1292 3560 1575 3623; x_wconf 88' lang='lat' dir='ltr'><strong>ducerent,</strong></span> <span class='ocrx_word' id='word_1_425' title='bbox 1607 3563 1840 3616; x_wconf 83' lang='lat' dir='ltr'><strong>interfici</strong></span> <span class='ocrx_word' id='word_1_426' title='bbox 1868 3563 2064 3633; x_wconf 72' lang='lat' dir='ltr'><strong>jussis-</strong></span> 
     </span>
    </p>
   </div>
   <div class='ocr_carea' id='block_1_64' title="bbox 490 3648 2064 3724">
    <p class='ocr_par' dir='ltr' id='par_1_64' title="bbox 490 3648 2064 3724">
     <span class='ocr_line' id='line_1_64' title="bbox 490 3648 2064 3724; baseline 0.004 -20"><span class='ocrx_word' id='word_1_427' title='bbox 490 3661 593 3715; x_wconf 76' lang='lat' dir='ltr'><strong>set,</strong></span> <span class='ocrx_word' id='word_1_428' title='bbox 630 3659 783 3705; x_wconf 87' lang='lat' dir='ltr'><strong>vetus</strong></span> <span class='ocrx_word' id='word_1_429' title='bbox 814 3648 956 3705; x_wconf 83' lang='lat' dir='ltr'><strong>fama</strong></span> <span class='ocrx_word' id='word_1_430' title='bbox 974 3659 1058 3706; x_wconf 85' lang='lat' dir='ltr'><strong>est</strong></span> <span class='ocrx_word' id='word_1_431' title='bbox 1072 3661 1319 3724; x_wconf 85' lang='lat' dir='ltr'><strong>posteros</strong></span> <span class='ocrx_word' id='word_1_432' title='bbox 1335 3651 1484 3706; x_wconf 66' lang='lat' dir='ltr'><strong>Judze</strong></span> <span class='ocrx_word' id='word_1_433' title='bbox 1504 3653 1626 3722; x_wconf 87' lang='lat' dir='ltr'><strong>ejus</strong></span> <span class='ocrx_word' id='word_1_434' title='bbox 1645 3655 1736 3722; x_wconf 91' lang='lat' dir='ltr'><strong>qui</strong></span> <span class='ocrx_word' id='word_1_435' title='bbox 1765 3655 2064 3710; x_wconf 85' lang='lat' dir='ltr'><strong>secundum</strong></span> 
     </span>
    </p>
   </div>
   <div class='ocr_carea' id='block_1_65' title="bbox 489 3741 2062 3812">
    <p class='ocr_par' dir='ltr' id='par_1_65' title="bbox 489 3741 2062 3812">
     <span class='ocr_line' id='line_1_65' title="bbox 489 3741 2062 3812; baseline 0.004 -17"><span class='ocrx_word' id='word_1_436' title='bbox 489 3757 713 3796; x_wconf 87' lang='lat' dir='ltr'><strong>carnem</strong></span> <span class='ocrx_word' id='word_1_437' title='bbox 742 3741 911 3796; x_wconf 85' lang='lat' dir='ltr'><strong>frater</strong></span> <span class='ocrx_word' id='word_1_438' title='bbox 936 3741 1140 3797; x_wconf 88' lang='lat' dir='ltr'><strong>Christi</strong></span> <span class='ocrx_word' id='word_1_439' title='bbox 1165 3743 1363 3808; x_wconf 87' lang='lat' dir='ltr'><strong>fuerat,</strong></span> <span class='ocrx_word' id='word_1_440' title='bbox 1408 3759 1440 3797; x_wconf 88' lang='lat' dir='ltr'><strong>a</strong></span> <span class='ocrx_word' id='word_1_441' title='bbox 1489 3743 1816 3812; x_wconf 87' lang='lat' dir='ltr'><strong>quihusdam</strong></span> <span class='ocrx_word' id='word_1_442' title='bbox 1846 3747 2062 3801; x_wconf 62' lang='lat' dir='ltr'><strong>haereti-</strong></span> 
     </span>
    </p>
   </div>
   <div class='ocr_carea' id='block_1_66' title="bbox 489 3834 2059 3908">
    <p class='ocr_par' dir='ltr' id='par_1_66' title="bbox 489 3834 2059 3908">
     <span class='ocr_line' id='line_1_66' title="bbox 489 3834 2059 3908; baseline 0.006 -22"><span class='ocrx_word' id='word_1_443' title='bbox 489 3835 572 3888; x_wconf 83' lang='lat' dir='ltr'><strong>cis</strong></span> <span class='ocrx_word' id='word_1_444' title='bbox 605 3848 728 3886; x_wconf 87' lang='lat' dir='ltr'><strong>esse</strong></span> <span class='ocrx_word' id='word_1_445' title='bbox 750 3834 963 3889; x_wconf 84' lang='lat' dir='ltr'><strong>delatos</strong></span> <span class='ocrx_word' id='word_1_446' title='bbox 993 3875 1009 3900; x_wconf 93' lang='lat'><strong>,</strong></span> <span class='ocrx_word' id='word_1_447' title='bbox 1059 3845 1248 3904; x_wconf 89' lang='lat' dir='ltr'><strong>utpote</strong></span> <span class='ocrx_word' id='word_1_448' title='bbox 1276 3836 1369 3904; x_wconf 83' lang='lat' dir='ltr'><strong>qui</strong></span> <span class='ocrx_word' id='word_1_449' title='bbox 1400 3845 1456 3892; x_wconf 89' lang='lat' dir='ltr'><strong>et</strong></span> <span class='ocrx_word' id='word_1_450' title='bbox 1511 3837 1732 3892; x_wconf 87' lang='lat' dir='ltr'><strong>Davidis</strong></span> <span class='ocrx_word' id='word_1_451' title='bbox 1779 3839 1946 3908; x_wconf 89' lang='lat' dir='ltr'><strong>stirpe</strong></span> <span class='ocrx_word' id='word_1_452' title='bbox 1973 3854 2059 3894; x_wconf 83' lang='lat' dir='ltr'><strong>es-</strong></span> 
     </span>
    </p>
   </div>
   <div class='ocr_carea' id='block_1_67' title="bbox 488 3926 2060 4002">
    <p class='ocr_par' dir='ltr' id='par_1_67' title="bbox 488 3926 2060 4002">
     <span class='ocr_line' id='line_1_67' title="bbox 488 3926 2060 4002; baseline 0.003 -22"><span class='ocrx_word' id='word_1_453' title='bbox 488 3936 612 3980; x_wconf 76' lang='lat' dir='ltr'><strong>sent</strong></span> <span class='ocrx_word' id='word_1_454' title='bbox 643 3926 882 3994; x_wconf 76' lang='lat' dir='ltr'><strong>oriundi,</strong></span> <span class='ocrx_word' id='word_1_455' title='bbox 929 3939 982 3982; x_wconf 83' lang='lat' dir='ltr'><strong>et</strong></span> <span class='ocrx_word' id='word_1_456' title='bbox 1013 3929 1184 3997; x_wconf 86' lang='lat' dir='ltr'><strong>ipsius</strong></span> <span class='ocrx_word' id='word_1_457' title='bbox 1213 3927 1415 3983; x_wconf 88' lang='lat' dir='ltr'><strong>Christi</strong></span> <span class='ocrx_word' id='word_1_458' title='bbox 1451 3929 1852 4000; x_wconf 63' lang='lat' dir='ltr'><strong>proiiinquitate</strong></span> <span class='ocrx_word' id='word_1_459' title='bbox 1887 3930 2060 4002; x_wconf 80' lang='lat' dir='ltr'><strong>fulge-</strong></span> 
     </span>
    </p>
   </div>
   <div class='ocr_carea' id='block_1_68' title="bbox 489 4018 2058 4092">
    <p class='ocr_par' dir='ltr' id='par_1_68' title="bbox 489 4018 2058 4092">
     <span class='ocr_line' id='line_1_68' title="bbox 489 4018 2058 4092; baseline 0.004 -19"><span class='ocrx_word' id='word_1_460' title='bbox 489 4029 630 4074; x_wconf 84' lang='lat' dir='ltr'><strong>rent.</strong></span> <span class='ocrx_word' id='word_1_461' title='bbox 663 4018 727 4074; x_wconf 86' lang='lat' dir='ltr'><strong>Et</strong></span> <span class='ocrx_word' id='word_1_462' title='bbox 750 4022 863 4075; x_wconf 66' lang='lat' dir='ltr'><strong>haec</strong></span> <span class='ocrx_word' id='word_1_463' title='bbox 892 4021 1108 4091; x_wconf 83' lang='lat' dir='ltr'><strong>quidem</strong></span> <span class='ocrx_word' id='word_1_464' title='bbox 1130 4030 1365 4076; x_wconf 88' lang='lat' dir='ltr'><strong>testatur</strong></span> <span class='ocrx_word' id='word_1_465' title='bbox 1387 4021 1723 4092; x_wconf 79' lang='lat' dir='ltr'><strong>Hegesippus</strong></span> <span class='ocrx_word' id='word_1_466' title='bbox 1751 4023 1840 4078; x_wconf 87' lang='lat' dir='ltr'><strong>his</strong></span> <span class='ocrx_word' id='word_1_467' title='bbox 1857 4027 2058 4080; x_wconf 82' lang='lat' dir='ltr'><strong>verbis.</strong></span> 
     </span>
    </p>
   </div>
   <div class='ocr_carea' id='block_1_69' title="bbox 1075 4111 1467 4170">
    <p class='ocr_par' dir='ltr' id='par_1_69' title="bbox 1075 4111 1467 4170">
     <span class='ocr_line' id='line_1_69' title="bbox 1075 4111 1467 4170; baseline 0.008 -4"><span class='ocrx_word' id='word_1_468' title='bbox 1075 4111 1307 4166; x_wconf 84' lang='lat' dir='ltr'><strong>CAPUT</strong></span> <span class='ocrx_word' id='word_1_469' title='bbox 1348 4111 1467 4170; x_wconf 75' lang='lat' dir='ltr'><strong>XX.</strong></span> 
     </span>
    </p>
   </div>
   <div class='ocr_carea' id='block_1_70' title="bbox 795 4202 1744 4274">
    <p class='ocr_par' dir='ltr' id='par_1_70' title="bbox 795 4202 1744 4274">
     <span class='ocr_line' id='line_1_70' title="bbox 795 4202 1744 4274; baseline 0.003 -18"><span class='ocrx_word' id='word_1_470' title='bbox 795 4202 872 4257; x_wconf 86' lang='lat' dir='ltr'><strong>De</strong></span> <span class='ocrx_word' id='word_1_471' title='bbox 899 4204 1207 4274; x_wconf 81' lang='lat' dir='ltr'><strong>propinquis</strong></span> <span class='ocrx_word' id='word_1_472' title='bbox 1232 4203 1531 4258; x_wconf 66' lang='lat' dir='ltr'><strong>Servati-ris</strong></span> <span class='ocrx_word' id='word_1_473' title='bbox 1559 4206 1744 4259; x_wconf 84' lang='lat' dir='ltr'><strong>nostri.</strong></span> 
     </span>
    </p>
   </div>
   <div class='ocr_carea' id='block_1_71' title="bbox 562 4291 2060 4368">
    <p class='ocr_par' dir='ltr' id='par_1_71' title="bbox 562 4291 2060 4368">
     <span class='ocr_line' id='line_1_71' title="bbox 562 4291 2060 4368; baseline 0.004 -24"><span class='ocrx_word' id='word_1_474' title='bbox 562 4307 584 4344; x_wconf 80' lang='grc' dir='ltr'><strong>ι</strong></span> <span class='ocrx_word' id='word_1_475' title='bbox 619 4291 731 4358; x_wconf 88' lang='lat' dir='ltr'><strong>His,</strong></span> <span class='ocrx_word' id='word_1_476' title='bbox 763 4292 976 4362; x_wconf 91' lang='lat' dir='ltr'><strong>inquit,</strong></span> <span class='ocrx_word' id='word_1_477' title='bbox 1011 4293 1345 4368; x_wconf 87' lang='lat' dir='ltr'><strong>temporibus</strong></span> <span class='ocrx_word' id='word_1_478' title='bbox 1373 4295 1548 4349; x_wconf 88' lang='lat' dir='ltr'><strong>adhuc</strong></span> <span class='ocrx_word' id='word_1_479' title='bbox 1579 4303 1899 4364; x_wconf 86' lang='lat' dir='ltr'><strong>supererant</strong></span> <span class='ocrx_word' id='word_1_480' title='bbox 1937 4297 2060 4366; x_wconf 84' lang='lat' dir='ltr'><strong>qui-</strong></span> 
     </span>
    </p>
   </div>
   <div class='ocr_carea' id='block_1_72' title="bbox 483 4383 2057 4459">
    <p class='ocr_par' dir='ltr' id='par_1_72' title="bbox 483 4383 2057 4459">
     <span class='ocr_line' id='line_1_72' title="bbox 483 4383 2057 4459; baseline 0.005 -24"><span class='ocrx_word' id='word_1_481' title='bbox 483 4383 607 4436; x_wconf 86' lang='lat' dir='ltr'><strong>dam</strong></span> <span class='ocrx_word' id='word_1_482' title='bbox 635 4399 695 4436; x_wconf 86' lang='lat' dir='ltr'><strong>ex</strong></span> <span class='ocrx_word' id='word_1_483' title='bbox 733 4385 1060 4454; x_wconf 81' lang='lat' dir='ltr'><strong>cognatione</strong></span> <span class='ocrx_word' id='word_1_484' title='bbox 1090 4385 1324 4449; x_wconf 88' lang='lat' dir='ltr'><strong>Christi,</strong></span> <span class='ocrx_word' id='word_1_485' title='bbox 1363 4395 1587 4456; x_wconf 74' lang='lat' dir='ltr'><strong>nepotes</strong></span> <span class='ocrx_word' id='word_1_486' title='bbox 1619 4385 1768 4441; x_wconf 61' lang='lat' dir='ltr'><strong>ludar</strong></span> <span class='ocrx_word' id='word_1_487' title='bbox 1797 4387 1938 4440; x_wconf 88' lang='lat' dir='ltr'><strong>illius</strong></span> <span class='ocrx_word' id='word_1_488' title='bbox 1962 4391 2057 4459; x_wconf 84' lang='lat' dir='ltr'><strong>qui</strong></span> 
     </span>
    </p>
   </div>
   <div class='ocr_carea' id='block_1_73' title="bbox 482 4475 2054 4538">
    <p class='ocr_par' dir='ltr' id='par_1_73' title="bbox 482 4475 2054 4538">
     <span class='ocr_line' id='line_1_73' title="bbox 482 4475 2054 4538; baseline 0.005 -8"><span class='ocrx_word' id='word_1_489' title='bbox 482 4475 776 4530; x_wconf 89' lang='lat' dir='ltr'><strong>secundum</strong></span> <span class='ocrx_word' id='word_1_490' title='bbox 807 4492 1027 4531; x_wconf 85' lang='lat' dir='ltr'><strong>carnem</strong></span> <span class='ocrx_word' id='word_1_491' title='bbox 1063 4477 1236 4532; x_wconf 82' lang='lat' dir='ltr'><strong>frater</strong></span> <span class='ocrx_word' id='word_1_492' title='bbox 1275 4477 1486 4534; x_wconf 86' lang='lat' dir='ltr'><strong>Christi.</strong></span> <span class='ocrx_word' id='word_1_493' title='bbox 1515 4481 1834 4535; x_wconf 84' lang='lat' dir='ltr'><strong>vocabatur.</strong></span> <span class='ocrx_word' id='word_1_494' title='bbox 1863 4480 1971 4538; x_wconf 88' lang='lat' dir='ltr'><strong>Hos</strong></span> <span class='ocrx_word' id='word_1_495' title='bbox 2023 4498 2054 4538; x_wconf 89' lang='lat' dir='ltr'><strong>a</strong></span> 
     </span>
    </p>
   </div>
   <div class='ocr_carea' id='block_1_74' title="bbox 2175 3039 3749 3114">
    <p class='ocr_par' dir='ltr' id='par_1_74' title="bbox 2175 3039 3749 3114">
     <span class='ocr_line' id='line_1_74' title="bbox 2175 3039 3749 3114; baseline 0 -22"><span class='ocrx_word' id='word_1_496' title='bbox 2175 3041 2295 3113; x_wconf 81' lang='grc' dir='ltr'>ρίας</span> <span class='ocrx_word' id='word_1_497' title='bbox 2337 3040 2521 3094; x_wconf 76' lang='grc' dir='ltr'>ἕνεκεν</span> <span class='ocrx_word' id='word_1_498' title='bbox 2545 3079 2560 3107; x_wconf 95' lang='grc'><strong>,</strong></span> <span class='ocrx_word' id='word_1_499' title='bbox 2607 3043 2685 3105; x_wconf 77' lang='grc' dir='ltr'><strong>εἰς</strong></span> <span class='ocrx_word' id='word_1_500' title='bbox 2729 3043 2890 3112; x_wconf 78' lang='grc' dir='ltr'>νῆσον</span> <span class='ocrx_word' id='word_1_501' title='bbox 2924 3040 3153 3095; x_wconf 87' lang='grc' dir='ltr'>Ποντίαν</span> <span class='ocrx_word' id='word_1_502' title='bbox 3187 3039 3328 3094; x_wconf 79' lang='grc' dir='ltr'>κατὰ</span> <span class='ocrx_word' id='word_1_503' title='bbox 3367 3040 3641 3114; x_wconf 78' lang='grc' dir='ltr'>τιμωρίαν</span> <span class='ocrx_word' id='word_1_504' title='bbox 3673 3041 3749 3092; x_wconf 87' lang='grc' dir='ltr'>δε-</span> 
     </span>
    </p>
   </div>
   <div class='ocr_carea' id='block_1_75' title="bbox 2169 3130 2375 3184">
    <p class='ocr_par' dir='ltr' id='par_1_75' title="bbox 2169 3130 2375 3184">
     <span class='ocr_line' id='line_1_75' title="bbox 2169 3130 2375 3184; baseline 0 0"><span class='ocrx_word' id='word_1_505' title='bbox 2169 3130 2375 3184; x_wconf 85' lang='grc' dir='ltr'>δόσΟαι.</span> 
     </span>
    </p>
   </div>
   <div class='ocr_carea' id='block_1_76' title="bbox 2698 3220 3230 3276">
    <p class='ocr_par' dir='ltr' id='par_1_76' title="bbox 2698 3220 3230 3276">
     <span class='ocr_line' id='line_1_76' title="bbox 2698 3220 3230 3276; baseline 0.002 -1"><span class='ocrx_word' id='word_1_506' title='bbox 2698 3220 3094 3275; x_wconf 78' lang='grc' dir='ltr'><strong>ΚΕΦΑΔΑΙῡΝ</strong></span> <span class='ocrx_word' id='word_1_507' title='bbox 3128 3220 3230 3276; x_wconf 76' lang='lat'><strong>16&#39;.</strong></span> 
     </span>
    </p>
   </div>
   <div class='ocr_carea' id='block_1_77' title="bbox 2184 3308 3749 3379">
    <p class='ocr_par' dir='ltr' id='par_1_77' title="bbox 2184 3308 3749 3379">
     <span class='ocr_line' id='line_1_77' title="bbox 2184 3308 3749 3379; baseline -0.008 -12"><span class='ocrx_word' id='word_1_508' title='bbox 2184 3314 2281 3379; x_wconf 80' lang='grc' dir='ltr'>Ὠς</span> <span class='ocrx_word' id='word_1_509' title='bbox 2329 3310 2678 3379; x_wconf 81' lang='grc' dir='ltr'>Δομετιανὸς</span> <span class='ocrx_word' id='word_1_510' title='bbox 2741 3310 2880 3376; x_wconf 84' lang='grc' dir='ltr'>τοὺς</span> <span class='ocrx_word' id='word_1_511' title='bbox 2933 3308 3052 3363; x_wconf 79' lang='grc' dir='ltr'>ἀπὸ</span> <span class='ocrx_word' id='word_1_512' title='bbox 3105 3309 3317 3379; x_wconf 65' lang='grc' dir='ltr'>γένους</span> <span class='ocrx_word' id='word_1_513' title='bbox 3360 3310 3545 3364; x_wconf 74' lang='grc' dir='ltr'>Δαϐὶδ</span> <span class='ocrx_word' id='word_1_514' title='bbox 3592 3311 3749 3365; x_wconf 72' lang='lat' dir='ltr'><strong>(irai.</strong></span> 
     </span>
    </p>
   </div>
   <div class='ocr_carea' id='block_1_78' title="bbox 2319 3378 3600 3452">
    <p class='ocr_par' dir='ltr' id='par_1_78' title="bbox 2319 3378 3600 3452">
     <span class='ocr_line' id='line_1_78' title="bbox 2319 3378 3600 3452; baseline 0 -17"><span class='ocrx_word' id='word_1_515' title='bbox 2319 3378 2553 3451; x_wconf 78' lang='grc' dir='ltr'>ρεῖσθαι</span> <span class='ocrx_word' id='word_1_516' title='bbox 2583 3379 2937 3448; x_wconf 79' lang='grc' dir='ltr'>προστάττει</span> <span class='ocrx_word' id='word_1_517' title='bbox 2978 3378 3120 3450; x_wconf 83' lang='lat' dir='ltr'><strong>(Nic.</strong></span> <span class='ocrx_word' id='word_1_518' title='bbox 3162 3378 3232 3432; x_wconf 82' lang='grc' dir='ltr'><strong>ΙΙ.</strong></span> <span class='ocrx_word' id='word_1_519' title='bbox 3268 3380 3334 3436; x_wconf 81' lang='grc' dir='ltr'>Ε.</span> <span class='ocrx_word' id='word_1_520' title='bbox 3371 3397 3454 3444; x_wconf 88' lang='lat' dir='ltr'><strong>Ill,</strong></span> <span class='ocrx_word' id='word_1_521' title='bbox 3486 3381 3600 3452; x_wconf 77' lang='grc'><strong>10).</strong></span> 
     </span>
    </p>
   </div>
   <div class='ocr_carea' id='block_1_79' title="bbox 2241 3468 3748 3540">
    <p class='ocr_par' dir='ltr' id='par_1_79' title="bbox 2241 3468 3748 3540">
     <span class='ocr_line' id='line_1_79' title="bbox 2241 3468 3748 3540; baseline -0.002 -15"><span class='ocrx_word' id='word_1_522' title='bbox 2241 3471 2349 3525; x_wconf 92' lang='grc' dir='ltr'>Τοῦ</span> <span class='ocrx_word' id='word_1_523' title='bbox 2392 3472 2435 3524; x_wconf 80' lang='grc' dir='ltr'>δ’</span> <span class='ocrx_word' id='word_1_524' title='bbox 2465 3470 2628 3526; x_wconf 76' lang='grc' dir='ltr'>αὐτοῦ</span> <span class='ocrx_word' id='word_1_525' title='bbox 2657 3468 2982 3540; x_wconf 78' lang='grc' dir='ltr'>Δομετιανοῦ</span> <span class='ocrx_word' id='word_1_526' title='bbox 3031 3470 3157 3533; x_wconf 78' lang='grc' dir='ltr'>τοὺς</span> <span class='ocrx_word' id='word_1_527' title='bbox 3201 3471 3308 3524; x_wconf 82' lang='grc' dir='ltr'><strong>ἀπὸ</strong></span> <span class='ocrx_word' id='word_1_528' title='bbox 3355 3472 3551 3540; x_wconf 89' lang='grc' dir='ltr'>γένους</span> <span class='ocrx_word' id='word_1_529' title='bbox 3592 3469 3748 3523; x_wconf 79' lang='grc' dir='ltr'>Δαϐὶδ</span> 
     </span>
    </p>
   </div>
   <div class='ocr_carea' id='block_1_80' title="bbox 2169 3560 3748 3636">
    <p class='ocr_par' dir='ltr' id='par_1_80' title="bbox 2169 3560 3748 3636">
     <span class='ocr_line' id='line_1_80' title="bbox 2169 3560 3748 3636; baseline -0.002 -18"><span class='ocrx_word' id='word_1_530' title='bbox 2169 3564 2509 3636; x_wconf 78' lang='grc' dir='ltr'>ἀναιρεῖσθαι</span> <span class='ocrx_word' id='word_1_531' title='bbox 2563 3560 2993 3635; x_wconf 79' lang='grc' dir='ltr'>προστάξαντος,</span> <span class='ocrx_word' id='word_1_532' title='bbox 3045 3560 3272 3625; x_wconf 77' lang='grc' dir='ltr'>παλαιὸς</span> <span class='ocrx_word' id='word_1_533' title='bbox 3321 3562 3544 3632; x_wconf 83' lang='grc' dir='ltr'>κατέχει</span> <span class='ocrx_word' id='word_1_534' title='bbox 3599 3562 3748 3630; x_wconf 80' lang='grc' dir='ltr'>λόγος</span> 
     </span>
    </p>
   </div>
   <div class='ocr_carea' id='block_1_81' title="bbox 2167 3639 3745 3738">
    <p class='ocr_par' dir='ltr' id='par_1_81' title="bbox 2167 3654 3745 3738">
     <span class='ocr_line' id='line_1_81' title="bbox 2167 3654 3745 3738; baseline -0.002 -28"><span class='ocrx_word' id='word_1_535' title='bbox 2167 3657 2278 3711; x_wconf 81' lang='grc' dir='ltr'>τῶν</span> <span class='ocrx_word' id='word_1_536' title='bbox 2324 3655 2612 3727; x_wconf 82' lang='grc' dir='ltr'>αίρετικῶν</span> <span class='ocrx_word' id='word_1_537' title='bbox 2665 3672 2818 3738; x_wconf 46' lang='grc' dir='ltr'>τινοας</span> <span class='ocrx_word' id='word_1_538' title='bbox 2865 3655 3238 3724; x_wconf 82' lang='grc' dir='ltr'>κατηγορῆσαι</span> <span class='ocrx_word' id='word_1_539' title='bbox 3297 3654 3405 3709; x_wconf 82' lang='grc' dir='ltr'><strong>τῶν</strong></span> <span class='ocrx_word' id='word_1_540' title='bbox 3465 3657 3745 3724; x_wconf 76' lang='grc' dir='ltr'>ἀπογόνων</span> 
     </span>
    </p>
   </div>
   <div class='ocr_carea' id='block_1_82' title="bbox 2179 3743 3744 3820">
    <p class='ocr_par' dir='ltr' id='par_1_82' title="bbox 2179 3743 3744 3820">
     <span class='ocr_line' id='line_1_82' title="bbox 2179 3743 3744 3820; baseline -0.002 -17"><span class='ocrx_word' id='word_1_541' title='bbox 2179 3750 2382 3804; x_wconf 82' lang='grc' dir='ltr'>Ἰούδα·</span> <span class='ocrx_word' id='word_1_542' title='bbox 2427 3749 2614 3802; x_wconf 89' lang='grc' dir='ltr'>τοῦτον</span> <span class='ocrx_word' id='word_1_543' title='bbox 2663 3748 2720 3801; x_wconf 83' lang='grc' dir='ltr'><strong>δὲ</strong></span> <span class='ocrx_word' id='word_1_544' title='bbox 2769 3743 2907 3801; x_wconf 72' lang='grc' dir='ltr'>εἶναι</span> <span class='ocrx_word' id='word_1_545' title='bbox 2954 3747 3179 3816; x_wconf 73' lang='grc' dir='ltr'>ἀδελφὸν</span> <span class='ocrx_word' id='word_1_546' title='bbox 3235 3747 3375 3802; x_wconf 77' lang='grc' dir='ltr'>κατὰ</span> <span class='ocrx_word' id='word_1_547' title='bbox 3424 3749 3611 3820; x_wconf 80' lang='grc' dir='ltr'>σάρκα</span> <span class='ocrx_word' id='word_1_548' title='bbox 3656 3749 3744 3802; x_wconf 84' lang='grc' dir='ltr'><strong>τοῦ</strong></span> 
     </span>
    </p>
   </div>
   <div class='ocr_carea' id='block_1_83' title="bbox 2165 3839 3747 3911">
    <p class='ocr_par' dir='ltr' id='par_1_83' title="bbox 2165 3839 3747 3911">
     <span class='ocr_line' id='line_1_83' title="bbox 2165 3839 3747 3911; baseline -0.002 -16"><span class='ocrx_word' id='word_1_549' title='bbox 2165 3841 2417 3911; x_wconf 79' lang='grc' dir='ltr'>Σωτῆρος</span> <span class='ocrx_word' id='word_1_550' title='bbox 2441 3857 2453 3872; x_wconf 87' lang='grc'><strong>·</strong></span> <span class='ocrx_word' id='word_1_551' title='bbox 2507 3840 2582 3903; x_wconf 87' lang='grc' dir='ltr'>ὠς</span> <span class='ocrx_word' id='word_1_552' title='bbox 2615 3839 2724 3893; x_wconf 85' lang='grc' dir='ltr'>ἀπὸ</span> <span class='ocrx_word' id='word_1_553' title='bbox 2761 3840 2949 3909; x_wconf 84' lang='grc' dir='ltr'>γένους</span> <span class='ocrx_word' id='word_1_554' title='bbox 2995 3840 3367 3910; x_wconf 83' lang='grc' dir='ltr'>τυγχανόντων</span> <span class='ocrx_word' id='word_1_555' title='bbox 3403 3841 3610 3906; x_wconf 78' lang='grc' dir='ltr'>Δαϐὶδ,</span> <span class='ocrx_word' id='word_1_556' title='bbox 3657 3841 3747 3894; x_wconf 73' lang='grc' dir='ltr'>καὶ</span> 
     </span>
    </p>
   </div>
   <div class='ocr_carea' id='block_1_84' title="bbox 2139 3932 3748 4006">
    <p class='ocr_par' dir='ltr' id='par_1_84' title="bbox 2139 3932 3748 4006">
     <span class='ocr_line' id='line_1_84' title="bbox 2139 3932 3748 4006; baseline 0 -20"><span class='ocrx_word' id='word_1_557' title='bbox 2139 3936 2240 3998; x_wconf 82' lang='grc' dir='ltr'><strong>,ὡς</strong></span> <span class='ocrx_word' id='word_1_558' title='bbox 2264 3933 2428 3988; x_wconf 77' lang='grc' dir='ltr'>αὑτοῦ</span> <span class='ocrx_word' id='word_1_559' title='bbox 2465 3933 2784 4005; x_wconf 61' lang='grc' dir='ltr'>συγγένειαν</span> <span class='ocrx_word' id='word_1_560' title='bbox 2814 3933 2907 3987; x_wconf 86' lang='grc' dir='ltr'><strong>τοῦ</strong></span> <span class='ocrx_word' id='word_1_561' title='bbox 2943 3932 3179 4004; x_wconf 83' lang='grc' dir='ltr'>Χριστοῦ</span> <span class='ocrx_word' id='word_1_562' title='bbox 3220 3933 3518 4006; x_wconf 85' lang='grc' dir='ltr'>φερόντων.</span> <span class='ocrx_word' id='word_1_563' title='bbox 3567 3935 3748 3988; x_wconf 87' lang='grc' dir='ltr'>Ταῦτα</span> 
     </span>
    </p>
   </div>
   <div class='ocr_carea' id='block_1_85' title="bbox 2165 4019 3674 4098">
    <p class='ocr_par' dir='ltr' id='par_1_85' title="bbox 2165 4019 3674 4098">
     <span class='ocr_line' id='line_1_85' title="bbox 2165 4019 3674 4098; baseline -0.001 -18"><span class='ocrx_word' id='word_1_564' title='bbox 2165 4028 2221 4080; x_wconf 84' lang='grc' dir='ltr'>δὲ</span> <span class='ocrx_word' id='word_1_565' title='bbox 2253 4028 2402 4098; x_wconf 85' lang='grc' dir='ltr'>δηλοῖ</span> <span class='ocrx_word' id='word_1_566' title='bbox 2427 4025 2566 4080; x_wconf 87' lang='grc' dir='ltr'><strong>κατά</strong></span> <span class='ocrx_word' id='word_1_567' title='bbox 2594 4025 2738 4091; x_wconf 75' lang='grc' dir='ltr'>λέξιν</span> <span class='ocrx_word' id='word_1_568' title='bbox 2768 4019 2871 4081; x_wconf 86' lang='grc' dir='ltr'>ὧδέ</span> <span class='ocrx_word' id='word_1_569' title='bbox 2903 4043 3019 4088; x_wconf 85' lang='grc' dir='ltr'><strong>πως</strong></span> <span class='ocrx_word' id='word_1_570' title='bbox 3045 4025 3217 4095; x_wconf 88' lang='grc' dir='ltr'>λέγων</span> <span class='ocrx_word' id='word_1_571' title='bbox 3245 4027 3273 4078; x_wconf 90' lang='grc' dir='ltr'><strong>ό</strong></span> <span class='ocrx_word' id='word_1_572' title='bbox 3308 4026 3674 4097; x_wconf 83' lang='grc' dir='ltr'>Ἡγήσιππος.</span> 
     </span>
    </p>
   </div>
   <div class='ocr_carea' id='block_1_86' title="bbox 2706 4205 3214 4258">
    <p class='ocr_par' dir='ltr' id='par_1_86' title="bbox 2706 4205 3214 4258">
     <span class='ocr_line' id='line_1_86' title="bbox 2706 4205 3214 4258; baseline 0 0"><span class='ocrx_word' id='word_1_573' title='bbox 2706 4205 3101 4258; x_wconf 80' lang='grc' dir='ltr'><strong>ΚΕΦΑΛΑΙυΝ</strong></span> <span class='ocrx_word' id='word_1_574' title='bbox 3132 4207 3214 4258; x_wconf 85' lang='grc' dir='ltr'><strong>Κ’.</strong></span> 
     </span>
    </p>
   </div>
   <div class='ocr_carea' id='block_1_87' title="bbox 2267 4296 3644 4371">
    <p class='ocr_par' dir='ltr' id='par_1_87' title="bbox 2267 4296 3644 4371">
     <span class='ocr_line' id='line_1_87' title="bbox 2267 4296 3644 4371; baseline 0.004 -21"><span class='ocrx_word' id='word_1_575' title='bbox 2267 4299 2405 4364; x_wconf 78' lang='grc' dir='ltr'>Περὶ</span> <span class='ocrx_word' id='word_1_576' title='bbox 2435 4296 2554 4351; x_wconf 81' lang='grc' dir='ltr'><strong>τῶν</strong></span> <span class='ocrx_word' id='word_1_577' title='bbox 2585 4297 2736 4366; x_wconf 83' lang='grc' dir='ltr'>πρὸς</span> <span class='ocrx_word' id='word_1_578' title='bbox 2766 4298 2981 4368; x_wconf 77' lang='grc' dir='ltr'>τέγους</span> <span class='ocrx_word' id='word_1_579' title='bbox 3013 4298 3116 4352; x_wconf 84' lang='grc' dir='ltr'><strong>τοῦ</strong></span> <span class='ocrx_word' id='word_1_580' title='bbox 3149 4299 3420 4370; x_wconf 84' lang='grc' dir='ltr'>Σωτῆρος</span> <span class='ocrx_word' id='word_1_581' title='bbox 3447 4301 3644 4371; x_wconf 77' lang='grc' dir='ltr'>ἡμῶν.</span> 
     </span>
    </p>
   </div>
   <div class='ocr_carea' id='block_1_88' title="bbox 2237 4388 3742 4464">
    <p class='ocr_par' dir='ltr' id='par_1_88' title="bbox 2237 4388 3742 4464">
     <span class='ocr_line' id='line_1_88' title="bbox 2237 4388 3742 4464; baseline 0.003 -26"><span class='ocrx_word' id='word_1_582' title='bbox 2237 4389 2389 4440; x_wconf 77' lang='grc' dir='ltr'>«Ἔτι</span> <span class='ocrx_word' id='word_1_583' title='bbox 2413 4388 2467 4441; x_wconf 84' lang='grc' dir='ltr'>δὲ</span> <span class='ocrx_word' id='word_1_584' title='bbox 2495 4391 2823 4460; x_wconf 81' lang='grc' dir='ltr'>περιῆσανοὶ</span> <span class='ocrx_word' id='word_1_585' title='bbox 2845 4390 2952 4443; x_wconf 71' lang='grc' dir='ltr'><strong>ἀπὸ</strong></span> <span class='ocrx_word' id='word_1_586' title='bbox 2978 4389 3166 4459; x_wconf 84' lang='grc' dir='ltr'>γένους</span> <span class='ocrx_word' id='word_1_587' title='bbox 3194 4391 3286 4444; x_wconf 90' lang='grc' dir='ltr'><strong>τοῦ</strong></span> <span class='ocrx_word' id='word_1_588' title='bbox 3319 4392 3529 4464; x_wconf 83' lang='grc' dir='ltr'>Κυρίου</span> <span class='ocrx_word' id='word_1_589' title='bbox 3563 4393 3742 4446; x_wconf 73' lang='grc' dir='ltr'>υἱωνοὶ</span> 
     </span>
    </p>
   </div>
   <div class='ocr_carea' id='block_1_89' title="bbox 2175 4480 3741 4555">
    <p class='ocr_par' dir='ltr' id='par_1_89' title="bbox 2175 4480 3741 4555">
     <span class='ocr_line' id='line_1_89' title="bbox 2175 4480 3741 4555; baseline 0.002 -21"><span class='ocrx_word' id='word_1_590' title='bbox 2175 4480 2340 4534; x_wconf 75' lang='grc' dir='ltr'>Ἰούδα</span> <span class='ocrx_word' id='word_1_591' title='bbox 2368 4482 2477 4553; x_wconf 80' lang='lat'><strong>(98)</strong></span> <span class='ocrx_word' id='word_1_592' title='bbox 2504 4522 2518 4547; x_wconf 92' lang='lat'><strong>,</strong></span> <span class='ocrx_word' id='word_1_593' title='bbox 2552 4482 2646 4536; x_wconf 88' lang='grc' dir='ltr'><strong>τοῦ</strong></span> <span class='ocrx_word' id='word_1_594' title='bbox 2675 4484 2813 4537; x_wconf 77' lang='grc' dir='ltr'>κατὰ</span> <span class='ocrx_word' id='word_1_595' title='bbox 2848 4484 3023 4554; x_wconf 80' lang='grc' dir='ltr'>σάρκα</span> <span class='ocrx_word' id='word_1_596' title='bbox 3063 4482 3356 4555; x_wconf 84' lang='grc' dir='ltr'>λεγομένου</span> <span class='ocrx_word' id='word_1_597' title='bbox 3388 4485 3559 4540; x_wconf 78' lang='grc' dir='ltr'>αὑτοῦ</span> <span class='ocrx_word' id='word_1_598' title='bbox 3593 4485 3741 4540; x_wconf 87' lang='grc' dir='ltr'>ἀδελ-</span> 
     </span>
    </p>
   </div>
   <div class='ocr_carea' id='block_1_90' title="bbox 553 4700 2062 4775">
    <p class='ocr_par' dir='ltr' id='par_1_90' title="bbox 553 4700 2059 4775">
     <span class='ocr_line' id='line_1_90' title="bbox 553 4700 2059 4775; baseline 0.001 -19"><span class='ocrx_word' id='word_1_599' title='bbox 553 4701 890 4775; x_wconf 66' lang='lat' dir='ltr'><strong>(98))‘1wrol</strong></span> <span class='ocrx_word' id='word_1_600' title='bbox 933 4701 1141 4775; x_wconf 72' lang='grc' dir='ltr'>Ἰούδα.</span> <span class='ocrx_word' id='word_1_601' title='bbox 1172 4700 1226 4775; x_wconf 74' lang='lat' dir='ltr'><strong>in</strong></span> <span class='ocrx_word' id='word_1_602' title='bbox 1258 4702 1446 4775; x_wconf 81' lang='lat' dir='ltr'><strong>codice</strong></span> <span class='ocrx_word' id='word_1_603' title='bbox 1485 4702 1657 4775; x_wconf 80' lang='lat' dir='ltr'><strong>Regio</strong></span> <span class='ocrx_word' id='word_1_604' title='bbox 1715 4719 1780 4758; x_wconf 90' lang='lat' dir='ltr'><strong>ac</strong></span> <span class='ocrx_word' id='word_1_605' title='bbox 1832 4703 1970 4761; x_wconf 83' lang='lat' dir='ltr'><strong>Med.</strong></span> <span class='ocrx_word' id='word_1_606' title='bbox 2007 4714 2059 4759; x_wconf 92' lang='lat' dir='ltr'><strong>et</strong></span> 
     </span>
    </p>
   </div>
   <div class='ocr_carea' id='block_1_91' title="bbox 2174 4700 3740 4775">
    <p class='ocr_par' dir='ltr' id='par_1_91' title="bbox 2174 4703 3740 4765">
     <span class='ocr_line' id='line_1_91' title="bbox 2174 4703 3740 4765; baseline 0.002 -6"><span class='ocrx_word' id='word_1_607' title='bbox 2174 4703 2358 4759; x_wconf 86' lang='lat' dir='ltr'><strong>ludam</strong></span> <span class='ocrx_word' id='word_1_608' title='bbox 2401 4705 2623 4758; x_wconf 79' lang='lat' dir='ltr'><strong>fratrem</strong></span> <span class='ocrx_word' id='word_1_609' title='bbox 2673 4706 2886 4762; x_wconf 89' lang='lat' dir='ltr'><strong>Domini</strong></span> <span class='ocrx_word' id='word_1_610' title='bbox 2933 4709 3227 4765; x_wconf 82' lang='lat' dir='ltr'><strong>exstitisse.</strong></span> <span class='ocrx_word' id='word_1_611' title='bbox 3264 4709 3368 4764; x_wconf 84' lang='lat' dir='ltr'><strong>Sed</strong></span> <span class='ocrx_word' id='word_1_612' title='bbox 3411 4721 3612 4764; x_wconf 85' lang='lat' dir='ltr'><strong>contra</strong></span> <span class='ocrx_word' id='word_1_613' title='bbox 3659 4721 3740 4765; x_wconf 88' lang='lat' dir='ltr'><strong>est</strong></span> 
     </span>
    </p>
   </div>
   <div class='ocr_carea' id='block_1_92' title="bbox 485 4770 2043 4841">
    <p class='ocr_par' dir='ltr' id='par_1_92' title="bbox 485 4770 2043 4841">
     <span class='ocr_line' id='line_1_92' title="bbox 485 4770 2043 4841; baseline 0.002 -19"><span class='ocrx_word' id='word_1_614' title='bbox 485 4773 625 4839; x_wconf 84' lang='lat' dir='ltr'><strong>apud</strong></span> <span class='ocrx_word' id='word_1_615' title='bbox 653 4770 941 4841; x_wconf 79' lang='lat' dir='ltr'><strong>Georgium</strong></span> <span class='ocrx_word' id='word_1_616' title='bbox 989 4773 1299 4840; x_wconf 84' lang='lat' dir='ltr'><strong>Syncellum</strong></span> <span class='ocrx_word' id='word_1_617' title='bbox 1340 4773 1536 4839; x_wconf 71' lang='lat' dir='ltr'><strong>legitur</strong></span> <span class='ocrx_word' id='word_1_618' title='bbox 1563 4770 1694 4826; x_wconf 76' lang='grc' dir='ltr'>υἱῶν</span> <span class='ocrx_word' id='word_1_619' title='bbox 1745 4775 1913 4828; x_wconf 80' lang='grc' dir='ltr'>Ἰούδα</span> <span class='ocrx_word' id='word_1_620' title='bbox 1945 4777 2043 4826; x_wconf 70' lang='lat' dir='ltr'><strong>levi</strong></span> 
     </span>
    </p>
   </div>
   <div class='ocr_carea' id='block_1_93' title="bbox 469 4847 2054 4918">
    <p class='ocr_par' dir='ltr' id='par_1_93' title="bbox 469 4847 2054 4918">
     <span class='ocr_line' id='line_1_93' title="bbox 469 4847 2054 4918; baseline -0.001 -16"><span class='ocrx_word' id='word_1_621' title='bbox 469 4849 805 4903; x_wconf 85' lang='lat' dir='ltr'><strong>discrimine.</strong></span> <span class='ocrx_word' id='word_1_622' title='bbox 861 4849 1129 4905; x_wconf 59' lang='lat' dir='ltr'><strong>Cancrum</strong></span> <span class='ocrx_word' id='word_1_623' title='bbox 1184 4848 1355 4902; x_wconf 87' lang='lat' dir='ltr'><strong>miror</strong></span> <span class='ocrx_word' id='word_1_624' title='bbox 1410 4847 1776 4918; x_wconf 71' lang='lat' dir='ltr'><strong>Scaligerum,</strong></span> <span class='ocrx_word' id='word_1_625' title='bbox 1829 4847 1925 4918; x_wconf 90' lang='lat' dir='ltr'><strong>qui</strong></span> <span class='ocrx_word' id='word_1_626' title='bbox 1989 4847 2054 4907; x_wconf 82' lang='lat' dir='ltr'><strong>in.</strong></span> 
     </span>
    </p>
   </div>
   <div class='ocr_carea' id='block_1_94' title="bbox 468 4916 2049 4988">
    <p class='ocr_par' dir='ltr' id='par_1_94' title="bbox 468 4916 2049 4988">
     <span class='ocr_line' id='line_1_94' title="bbox 468 4916 2049 4988; baseline 0 -14"><span class='ocrx_word' id='word_1_627' title='bbox 468 4919 1048 4988; x_wconf 80' lang='lat' dir='ltr'><strong>Animadversionibus</strong></span> <span class='ocrx_word' id='word_1_628' title='bbox 1076 4919 1400 4975; x_wconf 86' lang='lat' dir='ltr'><strong>Eusebianis</strong></span> <span class='ocrx_word' id='word_1_629' title='bbox 1438 4934 1560 4988; x_wconf 83' lang='lat' dir='ltr'><strong>pag.</strong></span> <span class='ocrx_word' id='word_1_630' title='bbox 1592 4916 1714 4980; x_wconf 88' lang='grc'><strong>187,</strong></span> <span class='ocrx_word' id='word_1_631' title='bbox 1741 4916 2049 4974; x_wconf 44' lang='lat' dir='ltr'><strong>tam—Euse-</strong></span> 
     </span>
    </p>
   </div>
   <div class='ocr_carea' id='block_1_95' title="bbox 470 4987 2043 5059">
    <p class='ocr_par' dir='ltr' id='par_1_95' title="bbox 470 4987 2043 5059">
     <span class='ocr_line' id='line_1_95' title="bbox 470 4987 2043 5059; baseline -0.003 -16"><span class='ocrx_word' id='word_1_632' title='bbox 470 4989 622 5043; x_wconf 83' lang='lat' dir='ltr'><strong>bium</strong></span> <span class='ocrx_word' id='word_1_633' title='bbox 649 5003 807 5059; x_wconf 80' lang='lat' dir='ltr'><strong>quam</strong></span> <span class='ocrx_word' id='word_1_634' title='bbox 839 4987 1195 5059; x_wconf 80' lang='lat' dir='ltr'><strong>Hegesippum</strong></span> <span class='ocrx_word' id='word_1_635' title='bbox 1222 4989 1492 5044; x_wconf 88' lang='lat' dir='ltr'><strong>immerito</strong></span> <span class='ocrx_word' id='word_1_636' title='bbox 1522 4989 1888 5056; x_wconf 90' lang='lat' dir='ltr'><strong>reprehendit.</strong></span> <span class='ocrx_word' id='word_1_637' title='bbox 1907 4989 2043 5041; x_wconf 81' lang='lat' dir='ltr'><strong>Nam</strong></span> 
     </span>
    </p>
   </div>
   <div class='ocr_carea' id='block_1_96' title="bbox 473 5057 2046 5127">
    <p class='ocr_par' dir='ltr' id='par_1_96' title="bbox 473 5057 2046 5127">
     <span class='ocr_line' id='line_1_96' title="bbox 473 5057 2046 5127; baseline 0 -16"><span class='ocrx_word' id='word_1_638' title='bbox 473 5073 651 5126; x_wconf 89' lang='lat' dir='ltr'><strong>neque</strong></span> <span class='ocrx_word' id='word_1_639' title='bbox 695 5057 1026 5127; x_wconf 81' lang='lat' dir='ltr'><strong>llegesippus</strong></span> <span class='ocrx_word' id='word_1_640' title='bbox 1080 5060 1447 5126; x_wconf 83' lang='lat' dir='ltr'><strong>posteritatem</strong></span> <span class='ocrx_word' id='word_1_641' title='bbox 1503 5059 1724 5113; x_wconf 85' lang='lat' dir='ltr'><strong>Davidis</strong></span> <span class='ocrx_word' id='word_1_642' title='bbox 1785 5061 1851 5113; x_wconf 90' lang='lat' dir='ltr'><strong>ad</strong></span> <span class='ocrx_word' id='word_1_643' title='bbox 1911 5063 2046 5127; x_wconf 82' lang='lat' dir='ltr'><strong>duos</strong></span> 
     </span>
    </p>
   </div>
   <div class='ocr_carea' id='block_1_97' title="bbox 473 5126 2045 5192">
    <p class='ocr_par' dir='ltr' id='par_1_97' title="bbox 473 5126 2045 5192">
     <span class='ocr_line' id='line_1_97' title="bbox 473 5126 2045 5192; baseline 0.001 -12"><span class='ocrx_word' id='word_1_644' title='bbox 473 5138 688 5182; x_wconf 88' lang='lat' dir='ltr'><strong>tantum</strong></span> <span class='ocrx_word' id='word_1_645' title='bbox 728 5126 980 5182; x_wconf 83' lang='lat' dir='ltr'><strong>homines</strong></span> <span class='ocrx_word' id='word_1_646' title='bbox 1013 5139 1139 5181; x_wconf 90' lang='lat' dir='ltr'><strong>tunc</strong></span> <span class='ocrx_word' id='word_1_647' title='bbox 1166 5144 1287 5182; x_wconf 79' lang='lat' dir='ltr'><strong>esse</strong></span> <span class='ocrx_word' id='word_1_648' title='bbox 1324 5132 1593 5182; x_wconf 88' lang='lat' dir='ltr'><strong>redactam</strong></span> <span class='ocrx_word' id='word_1_649' title='bbox 1627 5130 1784 5192; x_wconf 80' lang='lat' dir='ltr'><strong>dixit,</strong></span> <span class='ocrx_word' id='word_1_650' title='bbox 1817 5139 1878 5182; x_wconf 92' lang='lat' dir='ltr'><strong>ut</strong></span> <span class='ocrx_word' id='word_1_651' title='bbox 1906 5126 2045 5181; x_wconf 87' lang='lat' dir='ltr'><strong>falso</strong></span> 
     </span>
    </p>
   </div>
   <div class='ocr_carea' id='block_1_98' title="bbox 469 5196 2045 5269">
    <p class='ocr_par' dir='ltr' id='par_1_98' title="bbox 469 5196 2045 5269">
     <span class='ocr_line' id='line_1_98' title="bbox 469 5196 2045 5269; baseline -0.001 -17"><span class='ocrx_word' id='word_1_652' title='bbox 469 5198 520 5252; x_wconf 85' lang='lat' dir='ltr'><strong>ei</strong></span> <span class='ocrx_word' id='word_1_653' title='bbox 554 5198 748 5269; x_wconf 88' lang='lat' dir='ltr'><strong>objicit</strong></span> <span class='ocrx_word' id='word_1_654' title='bbox 772 5196 1044 5269; x_wconf 76' lang='lat' dir='ltr'><strong>Scaliger,</strong></span> <span class='ocrx_word' id='word_1_655' title='bbox 1072 5199 1164 5269; x_wconf 89' lang='lat' dir='ltr'><strong>s_ed</strong></span> <span class='ocrx_word' id='word_1_656' title='bbox 1209 5200 1579 5269; x_wconf 84' lang='lat' dir='ltr'><strong>posteritatem</strong></span> <span class='ocrx_word' id='word_1_657' title='bbox 1605 5197 1756 5269; x_wconf 60' lang='lat' dir='ltr'><strong>ludas</strong></span> <span class='ocrx_word' id='word_1_658' title='bbox 1786 5197 1877 5269; x_wconf 91' lang='lat' dir='ltr'><strong>qui</strong></span> <span class='ocrx_word' id='word_1_659' title='bbox 1923 5207 2045 5269; x_wconf 78' lang='lat' dir='ltr'><strong>erat</strong></span> 
     </span>
    </p>
   </div>
   <div class='ocr_carea' id='block_1_99' title="bbox 471 5266 2044 5337">
    <p class='ocr_par' dir='ltr' id='par_1_99' title="bbox 471 5266 2044 5337">
     <span class='ocr_line' id='line_1_99' title="bbox 471 5266 2044 5337; baseline 0 -17"><span class='ocrx_word' id='word_1_660' title='bbox 471 5266 644 5322; x_wconf 76' lang='lat' dir='ltr'><strong>frater</strong></span> <span class='ocrx_word' id='word_1_661' title='bbox 675 5267 910 5322; x_wconf 89' lang='lat' dir='ltr'><strong>Domini.</strong></span> <span class='ocrx_word' id='word_1_662' title='bbox 931 5266 1050 5321; x_wconf 76' lang='lat' dir='ltr'><strong>Nec</strong></span> <span class='ocrx_word' id='word_1_663' title='bbox 1080 5267 1340 5322; x_wconf 79' lang='lat' dir='ltr'><strong>Eusebius</strong></span> <span class='ocrx_word' id='word_1_664' title='bbox 1373 5267 1658 5337; x_wconf 78' lang='lat' dir='ltr'><strong>ilegcsippi</strong></span> <span class='ocrx_word' id='word_1_665' title='bbox 1690 5268 1854 5337; x_wconf 80' lang='lat' dir='ltr'><strong>verba</strong></span> <span class='ocrx_word' id='word_1_666' title='bbox 1885 5267 2044 5320; x_wconf 79' lang='lat' dir='ltr'><strong>aliter</strong></span> 
     </span>
    </p>
   </div>
   <div class='ocr_carea' id='block_1_100' title="bbox 471 5335 2042 5408">
    <p class='ocr_par' dir='ltr' id='par_1_100' title="bbox 471 5335 2042 5408">
     <span class='ocr_line' id='line_1_100' title="bbox 471 5335 2042 5408; baseline -0.001 -18"><span class='ocrx_word' id='word_1_667' title='bbox 471 5339 700 5408; x_wconf 83' lang='lat' dir='ltr'><strong>accepit.</strong></span> <span class='ocrx_word' id='word_1_668' title='bbox 742 5340 901 5394; x_wconf 83' lang='lat' dir='ltr'><strong>Certe</strong></span> <span class='ocrx_word' id='word_1_669' title='bbox 934 5337 1266 5408; x_wconf 78' lang='lat' dir='ltr'><strong>Hegesippus</strong></span> <span class='ocrx_word' id='word_1_670' title='bbox 1298 5335 1498 5392; x_wconf 79' lang='lat' dir='ltr'><strong>diserte</strong></span> <span class='ocrx_word' id='word_1_671' title='bbox 1531 5335 1761 5408; x_wconf 83' lang='lat' dir='ltr'><strong>testatur</strong></span> <span class='ocrx_word' id='word_1_672' title='bbox 1818 5335 2042 5408; x_wconf 79' lang='lat' dir='ltr'><strong>Symeo-</strong></span> 
     </span>
    </p>
   </div>
   <div class='ocr_carea' id='block_1_101' title="bbox 472 5406 2037 5476">
    <p class='ocr_par' dir='ltr' id='par_1_101' title="bbox 472 5406 2037 5476">
     <span class='ocr_line' id='line_1_101' title="bbox 472 5406 2037 5476; baseline -0.001 -17"><span class='ocrx_word' id='word_1_673' title='bbox 472 5422 594 5460; x_wconf 85' lang='lat' dir='ltr'><strong>nem</strong></span> <span class='ocrx_word' id='word_1_674' title='bbox 631 5407 810 5476; x_wconf 83' lang='lat' dir='ltr'><strong>Clopae</strong></span> <span class='ocrx_word' id='word_1_675' title='bbox 839 5406 1039 5472; x_wconf 68' lang='lat' dir='ltr'><strong>filium,</strong></span> <span class='ocrx_word' id='word_1_676' title='bbox 1075 5408 1166 5476; x_wconf 89' lang='lat' dir='ltr'><strong>qui</strong></span> <span class='ocrx_word' id='word_1_677' title='bbox 1199 5417 1321 5462; x_wconf 93' lang='lat' dir='ltr'><strong>tunc</strong></span> <span class='ocrx_word' id='word_1_678' title='bbox 1362 5417 1480 5462; x_wconf 88' lang='lat' dir='ltr'><strong>erat</strong></span> <span class='ocrx_word' id='word_1_679' title='bbox 1525 5407 1813 5474; x_wconf 85' lang='lat' dir='ltr'><strong>episcopus</strong></span> <span class='ocrx_word' id='word_1_680' title='bbox 1843 5406 2037 5476; x_wconf 69' lang='lat' dir='ltr'><strong>lliero-</strong></span> 
     </span>
    </p>
   </div>
   <div class='ocr_carea' id='block_1_102' title="bbox 470 5475 2037 5548">
    <p class='ocr_par' dir='ltr' id='par_1_102' title="bbox 470 5475 2037 5548">
     <span class='ocr_line' id='line_1_102' title="bbox 470 5475 2037 5548; baseline 0.001 -21"><span class='ocrx_word' id='word_1_681' title='bbox 470 5475 831 5546; x_wconf 82' lang='lat' dir='ltr'><strong>solymorum,</strong></span> <span class='ocrx_word' id='word_1_682' title='bbox 854 5489 1033 5533; x_wconf 89' lang='lat' dir='ltr'><strong>ortum</strong></span> <span class='ocrx_word' id='word_1_683' title='bbox 1061 5475 1326 5548; x_wconf 81' lang='lat' dir='ltr'><strong>fuisseex</strong></span> <span class='ocrx_word' id='word_1_684' title='bbox 1356 5488 1519 5548; x_wconf 78' lang='lat' dir='ltr'><strong>gente</strong></span> <span class='ocrx_word' id='word_1_685' title='bbox 1543 5477 1825 5548; x_wconf 65' lang='lat' dir='ltr'><strong>Davidica.</strong></span> <span class='ocrx_word' id='word_1_686' title='bbox 1861 5475 2037 5529; x_wconf 78' lang='lat' dir='ltr'><strong>Verba</strong></span> 
     </span>
    </p>
   </div>
   <div class='ocr_carea' id='block_1_103' title="bbox 469 5545 2037 5618">
    <p class='ocr_par' dir='ltr' id='par_1_103' title="bbox 469 5545 2037 5618">
     <span class='ocr_line' id='line_1_103' title="bbox 469 5545 2037 5618; baseline 0 -20"><span class='ocrx_word' id='word_1_687' title='bbox 469 5545 590 5613; x_wconf 84' lang='lat' dir='ltr'><strong>ejus</strong></span> <span class='ocrx_word' id='word_1_688' title='bbox 639 5548 807 5601; x_wconf 89' lang='lat' dir='ltr'><strong>habes</strong></span> <span class='ocrx_word' id='word_1_689' title='bbox 841 5549 980 5602; x_wconf 92' lang='lat' dir='ltr'><strong>infra</strong></span> <span class='ocrx_word' id='word_1_690' title='bbox 1023 5563 1145 5618; x_wconf 88' lang='lat' dir='ltr'><strong>cap.</strong></span> <span class='ocrx_word' id='word_1_691' title='bbox 1185 5547 1287 5618; x_wconf 63' lang='grc' dir='ltr'><strong>Δ52.</strong></span> <span class='ocrx_word' id='word_1_692' title='bbox 1323 5545 1507 5616; x_wconf 75' lang='lat' dir='ltr'><strong>Itaque</strong></span> <span class='ocrx_word' id='word_1_693' title='bbox 1559 5545 2037 5618; x_wconf 74' lang='lat' dir='ltr'><strong>necilegesippus</strong></span> 
     </span>
    </p>
   </div>
   <div class='ocr_carea' id='block_1_104' title="bbox 470 5616 2036 5686">
    <p class='ocr_par' dir='ltr' id='par_1_104' title="bbox 470 5616 2036 5686">
     <span class='ocr_line' id='line_1_104' title="bbox 470 5616 2036 5686; baseline 0.001 -18"><span class='ocrx_word' id='word_1_694' title='bbox 470 5618 697 5681; x_wconf 85' lang='lat' dir='ltr'><strong>erravit,</strong></span> <span class='ocrx_word' id='word_1_695' title='bbox 731 5634 829 5671; x_wconf 88' lang='lat' dir='ltr'><strong>nec</strong></span> <span class='ocrx_word' id='word_1_696' title='bbox 859 5616 1143 5674; x_wconf 80' lang='lat' dir='ltr'><strong>Eusebius.</strong></span> <span class='ocrx_word' id='word_1_697' title='bbox 1184 5616 1305 5686; x_wconf 86' lang='lat' dir='ltr'><strong>Ipse</strong></span> <span class='ocrx_word' id='word_1_698' title='bbox 1345 5621 1524 5686; x_wconf 82' lang='lat' dir='ltr'><strong>potius</strong></span> <span class='ocrx_word' id='word_1_699' title='bbox 1571 5616 1814 5686; x_wconf 81' lang='lat' dir='ltr'><strong>Scaliger</strong></span> <span class='ocrx_word' id='word_1_700' title='bbox 1846 5631 2036 5684; x_wconf 81' lang='lat' dir='ltr'><strong>repre-</strong></span> 
     </span>
    </p>
   </div>
   <div class='ocr_carea' id='block_1_105' title="bbox 473 5685 2035 5756">
    <p class='ocr_par' dir='ltr' id='par_1_105' title="bbox 473 5685 2035 5756">
     <span class='ocr_line' id='line_1_105' title="bbox 473 5685 2035 5756; baseline 0.001 -17"><span class='ocrx_word' id='word_1_701' title='bbox 473 5686 791 5739; x_wconf 88' lang='lat' dir='ltr'><strong>hendendus</strong></span> <span class='ocrx_word' id='word_1_702' title='bbox 821 5690 1047 5755; x_wconf 87' lang='lat' dir='ltr'><strong>est,qui</strong></span> <span class='ocrx_word' id='word_1_703' title='bbox 1102 5685 1364 5743; x_wconf 75' lang='lat' dir='ltr'><strong>adversus</strong></span> <span class='ocrx_word' id='word_1_704' title='bbox 1419 5685 1801 5741; x_wconf 88' lang='lat' dir='ltr'><strong>auctoritatem</strong></span> <span class='ocrx_word' id='word_1_705' title='bbox 1858 5685 2035 5756; x_wconf 80' lang='lat' dir='ltr'><strong>Hege-</strong></span> 
     </span>
    </p>
   </div>
   <div class='ocr_carea' id='block_1_106' title="bbox 469 5757 2034 5828">
    <p class='ocr_par' dir='ltr' id='par_1_106' title="bbox 469 5757 2034 5828">
     <span class='ocr_line' id='line_1_106' title="bbox 469 5757 2034 5828; baseline 0.001 -20"><span class='ocrx_word' id='word_1_706' title='bbox 469 5757 631 5823; x_wconf 84' lang='lat' dir='ltr'><strong>sippi,</strong></span> <span class='ocrx_word' id='word_1_707' title='bbox 663 5757 1013 5828; x_wconf 83' lang='lat' dir='ltr'><strong>vetustissimi</strong></span> <span class='ocrx_word' id='word_1_708' title='bbox 1060 5759 1342 5826; x_wconf 85' lang='lat' dir='ltr'><strong>scriptoris</strong></span> <span class='ocrx_word' id='word_1_709' title='bbox 1390 5757 1794 5828; x_wconf 9' lang='lat' dir='ltr'><strong>etrapostolicis</strong></span> <span class='ocrx_word' id='word_1_710' title='bbox 1828 5769 2034 5824; x_wconf 87' lang='lat' dir='ltr'><strong>tempo-</strong></span> 
     </span>
    </p>
   </div>
   <div class='ocr_carea' id='block_1_107' title="bbox 469 5826 2036 5899">
    <p class='ocr_par' dir='ltr' id='par_1_107' title="bbox 469 5826 2036 5899">
     <span class='ocr_line' id='line_1_107' title="bbox 469 5826 2036 5899; baseline 0.002 -19"><span class='ocrx_word' id='word_1_711' title='bbox 469 5831 616 5880; x_wconf 83' lang='lat' dir='ltr'><strong>ribus</strong></span> <span class='ocrx_word' id='word_1_712' title='bbox 641 5826 900 5896; x_wconf 77' lang='lat' dir='ltr'><strong>proximi,</strong></span> <span class='ocrx_word' id='word_1_713' title='bbox 933 5828 1203 5883; x_wconf 79' lang='lat' dir='ltr'><strong>obstinate</strong></span> <span class='ocrx_word' id='word_1_714' title='bbox 1237 5826 1537 5896; x_wconf 73' lang='lat' dir='ltr'><strong>contcudit,</strong></span> <span class='ocrx_word' id='word_1_715' title='bbox 1565 5828 1766 5885; x_wconf 87' lang='lat' dir='ltr'><strong>nullum</strong></span> <span class='ocrx_word' id='word_1_716' title='bbox 1801 5841 2036 5899; x_wconf 82' lang='lat' dir='ltr'><strong>unquam</strong></span> 
     </span>
    </p>
   </div>
   <div class='ocr_carea' id='block_1_108' title="bbox 2166 4775 3739 4849">
    <p class='ocr_par' dir='ltr' id='par_1_108' title="bbox 2166 4775 3739 4849">
     <span class='ocr_line' id='line_1_108' title="bbox 2166 4775 3739 4849; baseline 0.004 -21"><span class='ocrx_word' id='word_1_717' title='bbox 2166 4775 2497 4849; x_wconf 78' lang='lat' dir='ltr'><strong>Epiphanius</strong></span> <span class='ocrx_word' id='word_1_718' title='bbox 2550 4777 2602 4849; x_wconf 82' lang='lat' dir='ltr'><strong>in</strong></span> <span class='ocrx_word' id='word_1_719' title='bbox 2654 4777 2843 4832; x_wconf 68' lang='lat' dir='ltr'><strong>haeresi</strong></span> <span class='ocrx_word' id='word_1_720' title='bbox 2902 4794 3126 4844; x_wconf 79' lang='lat' dir='ltr'><strong>Lxxvm,</strong></span> <span class='ocrx_word' id='word_1_721' title='bbox 3179 4781 3269 4849; x_wconf 91' lang='lat' dir='ltr'><strong>qui</strong></span> <span class='ocrx_word' id='word_1_722' title='bbox 3321 4777 3621 4848; x_wconf 80' lang='lat' dir='ltr'><strong>Josephum</strong></span> <span class='ocrx_word' id='word_1_723' title='bbox 3672 4795 3739 4834; x_wconf 78' lang='lat' dir='ltr'><strong>ex</strong></span> 
     </span>
    </p>
   </div>
   <div class='ocr_carea' id='block_1_109' title="bbox 2159 4845 3739 4918">
    <p class='ocr_par' dir='ltr' id='par_1_109' title="bbox 2159 4845 3739 4918">
     <span class='ocr_line' id='line_1_109' title="bbox 2159 4845 3739 4918; baseline 0.003 -20"><span class='ocrx_word' id='word_1_724' title='bbox 2159 4848 2338 4918; x_wconf 88' lang='lat' dir='ltr'><strong>priore</strong></span> <span class='ocrx_word' id='word_1_725' title='bbox 2357 4845 2608 4918; x_wconf 73' lang='lat' dir='ltr'><strong>coniugio</strong></span> <span class='ocrx_word' id='word_1_726' title='bbox 2628 4850 2966 4918; x_wconf 77' lang='lat' dir='ltr'><strong>quatuor-ait</strong></span> <span class='ocrx_word' id='word_1_727' title='bbox 2995 4845 3295 4918; x_wconf 63' lang='lat' dir='ltr'><strong>susitepisse</strong></span> <span class='ocrx_word' id='word_1_728' title='bbox 3320 4845 3546 4912; x_wconf 75' lang='lat' dir='ltr'><strong>liberos.</strong></span> <span class='ocrx_word' id='word_1_729' title='bbox 3575 4849 3739 4904; x_wconf 74' lang='lat' dir='ltr'><strong>Jaco-</strong></span> 
     </span>
    </p>
   </div>
   <div class='ocr_carea' id='block_1_110' title="bbox 2165 4913 3736 4985">
    <p class='ocr_par' dir='ltr' id='par_1_110' title="bbox 2165 4913 3736 4985">
     <span class='ocr_line' id='line_1_110' title="bbox 2165 4913 3736 4985; baseline 0.003 -18"><span class='ocrx_word' id='word_1_730' title='bbox 2165 4917 2312 4980; x_wconf 86' lang='lat' dir='ltr'><strong>lmm,</strong></span> <span class='ocrx_word' id='word_1_731' title='bbox 2352 4913 2706 4985; x_wconf 69' lang='lat' dir='ltr'><strong>Symepnem,</strong></span> <span class='ocrx_word' id='word_1_732' title='bbox 2739 4915 2973 4972; x_wconf 84' lang='lat' dir='ltr'><strong>Josetem</strong></span> <span class='ocrx_word' id='word_1_733' title='bbox 3008 4929 3061 4972; x_wconf 90' lang='lat' dir='ltr'><strong>et</strong></span> <span class='ocrx_word' id='word_1_734' title='bbox 3087 4913 3301 4976; x_wconf 81' lang='lat' dir='ltr'><strong>Judam.</strong></span> <span class='ocrx_word' id='word_1_735' title='bbox 3334 4921 3432 4974; x_wconf 88' lang='lat' dir='ltr'><strong>Cui</strong></span> <span class='ocrx_word' id='word_1_736' title='bbox 3457 4922 3736 4975; x_wconf 87' lang='lat' dir='ltr'><strong>consentit</strong></span> 
     </span>
    </p>
   </div>
   <div class='ocr_carea' id='block_1_111' title="bbox 2166 4983 3732 5060">
    <p class='ocr_par' dir='ltr' id='par_1_111' title="bbox 2166 4983 3732 5060">
     <span class='ocr_line' id='line_1_111' title="bbox 2166 4983 3732 5060; baseline 0.003 -22"><span class='ocrx_word' id='word_1_737' title='bbox 2166 4983 2482 5060; x_wconf 64' lang='lat' dir='ltr'><strong>Hippolytus</strong></span> <span class='ocrx_word' id='word_1_738' title='bbox 2510 4983 3147 5060; x_wconf 6' lang='lat' dir='ltr'><strong>Portuensispepiscopus</strong></span> <span class='ocrx_word' id='word_1_739' title='bbox 3184 4991 3323 5059; x_wconf 89' lang='lat' dir='ltr'><strong>apud</strong></span> <span class='ocrx_word' id='word_1_740' title='bbox 3359 4989 3732 5060; x_wconf 78' lang='lat' dir='ltr'><strong>Nicephorum</strong></span> 
     </span>
    </p>
   </div>
   <div class='ocr_carea' id='block_1_112' title="bbox 2161 5055 3736 5129">
    <p class='ocr_par' dir='ltr' id='par_1_112' title="bbox 2161 5055 3736 5129">
     <span class='ocr_line' id='line_1_112' title="bbox 2161 5055 3736 5129; baseline 0.004 -21"><span class='ocrx_word' id='word_1_741' title='bbox 2161 5055 2215 5108; x_wconf 89' lang='lat' dir='ltr'><strong>in</strong></span> <span class='ocrx_word' id='word_1_742' title='bbox 2258 5055 2494 5129; x_wconf 68' lang='lat' dir='ltr'><strong>libro&quot;,</strong></span> <span class='ocrx_word' id='word_1_743' title='bbox 2530 5071 2649 5129; x_wconf 6' lang='lat' dir='ltr'><strong>capp.</strong></span> <span class='ocrx_word' id='word_1_744' title='bbox 2683 5056 2738 5120; x_wconf 78' lang='lat'><strong>3,</strong></span> <span class='ocrx_word' id='word_1_745' title='bbox 2791 5055 2903 5112; x_wconf 84' lang='lat' dir='ltr'><strong>nisi</strong></span> <span class='ocrx_word' id='word_1_746' title='bbox 2943 5055 3088 5127; x_wconf 78' lang='lat' dir='ltr'><strong>quod</strong></span> <span class='ocrx_word' id='word_1_747' title='bbox 3131 5055 3233 5129; x_wconf 81' lang='lat' dir='ltr'><strong>pro</strong></span> <span class='ocrx_word' id='word_1_748' title='bbox 3257 5055 3522 5129; x_wconf 70' lang='lat' dir='ltr'><strong>Symeone</strong></span> <span class='ocrx_word' id='word_1_749' title='bbox 3555 5061 3736 5115; x_wconf 86' lang='lat' dir='ltr'><strong>Simo-</strong></span> 
     </span>
    </p>
   </div>
   <div class='ocr_carea' id='block_1_113' title="bbox 2160 5124 3729 5197">
    <p class='ocr_par' dir='ltr' id='par_1_113' title="bbox 2160 5124 3729 5197">
     <span class='ocr_line' id='line_1_113' title="bbox 2160 5124 3729 5197; baseline 0.003 -20"><span class='ocrx_word' id='word_1_750' title='bbox 2160 5124 2730 5197; x_wconf 24' lang='lat' dir='ltr'><strong>nem‘dicit,__rectius,</strong></span> <span class='ocrx_word' id='word_1_751' title='bbox 2758 5137 2818 5180; x_wconf 91' lang='lat' dir='ltr'><strong>ut</strong></span> <span class='ocrx_word' id='word_1_752' title='bbox 2837 5124 3025 5197; x_wconf 67' lang='lat' dir='ltr'><strong>supra</strong></span> <span class='ocrx_word' id='word_1_753' title='bbox 3057 5124 3278 5196; x_wconf 73' lang='lat' dir='ltr'><strong>notavi,</strong></span> <span class='ocrx_word' id='word_1_754' title='bbox 3301 5124 3368 5182; x_wconf 73' lang='grc' dir='ltr'><strong>ὀι</strong></span> <span class='ocrx_word' id='word_1_755' title='bbox 3396 5129 3540 5183; x_wconf 82' lang='lat' dir='ltr'><strong>ﬁlias</strong></span> <span class='ocrx_word' id='word_1_756' title='bbox 3568 5131 3729 5184; x_wconf 91' lang='lat' dir='ltr'><strong>aliter</strong></span> 
     </span>
    </p>
   </div>
   <div class='ocr_carea' id='block_1_114' title="bbox 2159 5193 3732 5270">
    <p class='ocr_par' dir='ltr' id='par_1_114' title="bbox 2159 5193 3732 5270">
     <span class='ocr_line' id='line_1_114' title="bbox 2159 5193 3732 5270; baseline 0.006 -25"><span class='ocrx_word' id='word_1_757' title='bbox 2159 5193 2421 5270; x_wconf 75' lang='lat' dir='ltr'><strong>nominat.</strong></span> <span class='ocrx_word' id='word_1_758' title='bbox 2465 5194 2803 5270; x_wconf 86' lang='lat' dir='ltr'><strong>Hi_s_acce_dit</strong></span> <span class='ocrx_word' id='word_1_759' title='bbox 2831 5193 3190 5270; x_wconf 77' lang='lat' dir='ltr'><strong>Hieronymus</strong></span> <span class='ocrx_word' id='word_1_760' title='bbox 3215 5193 3268 5252; x_wconf 86' lang='lat' dir='ltr'><strong>in</strong></span> <span class='ocrx_word' id='word_1_761' title='bbox 3300 5198 3439 5254; x_wconf 91' lang='lat' dir='ltr'><strong>libro</strong></span> <span class='ocrx_word' id='word_1_762' title='bbox 3459 5201 3732 5270; x_wconf 79' lang='lat' dir='ltr'><strong>Adversus</strong></span> 
     </span>
    </p>
   </div>
   <div class='ocr_carea' id='block_1_115' title="bbox 2158 5262 3730 5337">
    <p class='ocr_par' dir='ltr' id='par_1_115' title="bbox 2158 5262 3730 5337">
     <span class='ocr_line' id='line_1_115' title="bbox 2158 5262 3730 5337; baseline 0.004 -22"><span class='ocrx_word' id='word_1_763' title='bbox 2158 5262 2482 5337; x_wconf 72' lang='lat' dir='ltr'><strong>Helvidium.</strong></span> <span class='ocrx_word' id='word_1_764' title='bbox 2520 5266 2674 5319; x_wconf 85' lang='lat' dir='ltr'><strong>Dicet</strong></span> <span class='ocrx_word' id='word_1_765' title='bbox 2705 5267 2936 5322; x_wconf 88' lang='lat' dir='ltr'><strong>fortasse</strong></span> <span class='ocrx_word' id='word_1_766' title='bbox 2979 5262 3170 5334; x_wconf 78' lang='lat' dir='ltr'><strong>aliquis</strong></span> <span class='ocrx_word' id='word_1_767' title='bbox 3196 5269 3250 5324; x_wconf 93' lang='lat' dir='ltr'><strong>id</strong></span> <span class='ocrx_word' id='word_1_768' title='bbox 3294 5272 3434 5337; x_wconf 85' lang='lat' dir='ltr'><strong>quod</strong></span> <span class='ocrx_word' id='word_1_769' title='bbox 3473 5287 3504 5322; x_wconf 92' lang='lat' dir='ltr'><strong>a</strong></span> <span class='ocrx_word' id='word_1_770' title='bbox 3551 5269 3730 5325; x_wconf 83' lang='lat' dir='ltr'><strong>Scali-</strong></span> 
     </span>
    </p>
   </div>
   <div class='ocr_carea' id='block_1_116' title="bbox 2153 5333 3731 5406">
    <p class='ocr_par' dir='ltr' id='par_1_116' title="bbox 2153 5333 3731 5406">
     <span class='ocr_line' id='line_1_116' title="bbox 2153 5333 3731 5406; baseline 0.006 -22"><span class='ocrx_word' id='word_1_771' title='bbox 2153 5333 2530 5406; x_wconf 78' lang='lat' dir='ltr'><strong>g_ero_dictum</strong></span> <span class='ocrx_word' id='word_1_772' title='bbox 2582 5343 2686 5406; x_wconf 85' lang='lat' dir='ltr'><strong>est,</strong></span> <span class='ocrx_word' id='word_1_773' title='bbox 2731 5337 2931 5391; x_wconf 91' lang='lat' dir='ltr'><strong>nullam</strong></span> <span class='ocrx_word' id='word_1_774' title='bbox 2969 5338 3024 5391; x_wconf 89' lang='lat' dir='ltr'><strong>in</strong></span> <span class='ocrx_word' id='word_1_775' title='bbox 3052 5333 3341 5406; x_wconf 68' lang='lat' dir='ltr'><strong>Evangelii)</strong></span> <span class='ocrx_word' id='word_1_776' title='bbox 3389 5341 3731 5394; x_wconf 86' lang='lat' dir='ltr'><strong>mentionem</strong></span> 
     </span>
    </p>
   </div>
   <div class='ocr_carea' id='block_1_117' title="bbox 2149 5401 3732 5475">
    <p class='ocr_par' dir='ltr' id='par_1_117' title="bbox 2149 5401 3732 5475">
     <span class='ocr_line' id='line_1_117' title="bbox 2149 5401 3732 5475; baseline 0.006 -21"><span class='ocrx_word' id='word_1_777' title='bbox 2149 5402 2267 5475; x_wconf 80' lang='lat' dir='ltr'><strong>ejus</strong></span> <span class='ocrx_word' id='word_1_778' title='bbox 2290 5401 2442 5457; x_wconf 74' lang='lat' dir='ltr'><strong>Juda:</strong></span> <span class='ocrx_word' id='word_1_779' title='bbox 2477 5404 2614 5459; x_wconf 82' lang='lat' dir='ltr'><strong>fieri.</strong></span> <span class='ocrx_word' id='word_1_780' title='bbox 2645 5405 2918 5475; x_wconf 17' lang='lat' dir='ltr'><strong>lmoivero</strong></span> <span class='ocrx_word' id='word_1_781' title='bbox 2943 5401 3232 5463; x_wconf 66' lang='lat' dir='ltr'><strong>Matthaaus</strong></span> <span class='ocrx_word' id='word_1_782' title='bbox 3267 5411 3320 5462; x_wconf 91' lang='lat' dir='ltr'><strong>in</strong></span> <span class='ocrx_word' id='word_1_783' title='bbox 3349 5425 3469 5475; x_wconf 86' lang='lat' dir='ltr'><strong>cap.</strong></span> <span class='ocrx_word' id='word_1_784' title='bbox 3509 5426 3634 5472; x_wconf 76' lang='lat' dir='ltr'><strong>xui,</strong></span> <span class='ocrx_word' id='word_1_785' title='bbox 3664 5411 3732 5463; x_wconf 86' lang='lat' dir='ltr'><strong>de</strong></span> 
     </span>
    </p>
   </div>
   <div class='ocr_carea' id='block_1_118' title="bbox 2151 5471 3721 5548">
    <p class='ocr_par' dir='ltr' id='par_1_118' title="bbox 2151 5471 3721 5548">
     <span class='ocr_line' id='line_1_118' title="bbox 2151 5471 3721 5548; baseline 0.006 -25"><span class='ocrx_word' id='word_1_786' title='bbox 2151 5471 2260 5548; x_wconf 85' lang='lat' dir='ltr'><strong>illo_</strong></span> <span class='ocrx_word' id='word_1_787' title='bbox 2288 5476 2365 5526; x_wconf 90' lang='lat' dir='ltr'><strong>sic</strong></span> <span class='ocrx_word' id='word_1_788' title='bbox 2414 5475 2657 5548; x_wconf 75' lang='lat' dir='ltr'><strong>loquitur</strong></span> <span class='ocrx_word' id='word_1_789' title='bbox 2686 5493 2699 5529; x_wconf 91' lang='lat'>:</span> <span class='ocrx_word' id='word_1_790' title='bbox 2732 5474 2921 5548; x_wconf 81' lang='lat' dir='ltr'><strong>Nonne</strong></span> <span class='ocrx_word' id='word_1_791' title='bbox 2945 5488 3112 5531; x_wconf 86' lang='lat' dir='ltr'><strong>mater</strong></span> <span class='ocrx_word' id='word_1_792' title='bbox 3141 5480 3255 5548; x_wconf 84' lang='lat' dir='ltr'><strong>ejus</strong></span> <span class='ocrx_word' id='word_1_793' title='bbox 3290 5471 3489 5532; x_wconf 77' lang='lat' dir='ltr'><strong>dicitur</strong></span> <span class='ocrx_word' id='word_1_794' title='bbox 3516 5471 3721 5543; x_wconf 78' lang='lat' dir='ltr'><strong>Maria,</strong></span> 
     </span>
    </p>
   </div>
   <div class='ocr_carea' id='block_1_119' title="bbox 2150 5542 3731 5613">
    <p class='ocr_par' dir='ltr' id='par_1_119' title="bbox 2150 5542 3731 5613">
     <span class='ocr_line' id='line_1_119' title="bbox 2150 5542 3731 5613; baseline 0.006 -19"><span class='ocrx_word' id='word_1_795' title='bbox 2150 5556 2200 5613; x_wconf 79' lang='lat' dir='ltr'><strong>et</strong></span> <span class='ocrx_word' id='word_1_796' title='bbox 2233 5542 2424 5610; x_wconf 76' lang='lat' dir='ltr'><strong>fratres</strong></span> <span class='ocrx_word' id='word_1_797' title='bbox 2467 5545 2580 5613; x_wconf 87' lang='lat' dir='ltr'><strong>ejus</strong></span> <span class='ocrx_word' id='word_1_798' title='bbox 2625 5544 2880 5610; x_wconf 76' lang='lat' dir='ltr'><strong>Iacobus,</strong></span> <span class='ocrx_word' id='word_1_799' title='bbox 2923 5542 3376 5613; x_wconf 54' lang='lat' dir='ltr'><strong>Joseph,&#39;Simon</strong></span> <span class='ocrx_word' id='word_1_800' title='bbox 3425 5559 3474 5600; x_wconf 79' lang='lat' dir='ltr'><strong>et</strong></span> <span class='ocrx_word' id='word_1_801' title='bbox 3507 5542 3731 5603; x_wconf 80' lang='lat' dir='ltr'><strong>Judas?</strong></span> 
     </span>
    </p>
   </div>
   <div class='ocr_carea' id='block_1_120' title="bbox 2150 5611 3725 5688">
    <p class='ocr_par' dir='ltr' id='par_1_120' title="bbox 2150 5611 3725 5688">
     <span class='ocr_line' id='line_1_120' title="bbox 2150 5611 3725 5688; baseline 0.003 -21"><span class='ocrx_word' id='word_1_802' title='bbox 2150 5611 2296 5688; x_wconf 81' lang='lat' dir='ltr'><strong>Idem</strong></span> <span class='ocrx_word' id='word_1_803' title='bbox 2334 5611 2541 5688; x_wconf 76' lang='lat' dir='ltr'><strong>legitur</strong></span> <span class='ocrx_word' id='word_1_804' title='bbox 2585 5615 2844 5688; x_wconf 83' lang='lat' dir='ltr'><strong>in_Marci</strong></span> <span class='ocrx_word' id='word_1_805' title='bbox 2896 5633 3017 5686; x_wconf 85' lang='lat' dir='ltr'><strong>cap.</strong></span> <span class='ocrx_word' id='word_1_806' title='bbox 3051 5611 3317 5673; x_wconf 77' lang='lat' dir='ltr'><strong>vi.V&#39;ides</strong></span> <span class='ocrx_word' id='word_1_807' title='bbox 3364 5628 3418 5672; x_wconf 88' lang='lat' dir='ltr'><strong>ut</strong></span> <span class='ocrx_word' id='word_1_808' title='bbox 3449 5618 3725 5688; x_wconf 77' lang='lat' dir='ltr'><strong>Scaliger,</strong></span> 
     </span>
    </p>
   </div>
   <div class='ocr_carea' id='block_1_121' title="bbox 2148 5683 3728 5756">
    <p class='ocr_par' dir='ltr' id='par_1_121' title="bbox 2148 5683 3728 5756">
     <span class='ocr_line' id='line_1_121' title="bbox 2148 5683 3728 5756; baseline 0.005 -20"><span class='ocrx_word' id='word_1_809' title='bbox 2148 5683 2316 5756; x_wconf 79' lang='lat' dir='ltr'><strong>nimio</strong></span> <span class='ocrx_word' id='word_1_810' title='bbox 2363 5683 2799 5754; x_wconf 85' lang='lat' dir='ltr'><strong>reprehendendi</strong></span> <span class='ocrx_word' id='word_1_811' title='bbox 2835 5683 3014 5742; x_wconf 86' lang='lat' dir='ltr'><strong>studio</strong></span> <span class='ocrx_word' id='word_1_812' title='bbox 3063 5691 3343 5756; x_wconf 86' lang='lat' dir='ltr'><strong>abreptus,</strong></span> <span class='ocrx_word' id='word_1_813' title='bbox 3379 5691 3580 5743; x_wconf 86' lang='lat' dir='ltr'><strong>merito</strong></span> <span class='ocrx_word' id='word_1_814' title='bbox 3610 5683 3728 5756; x_wconf 73' lang='lat' dir='ltr'><strong>ipse</strong></span> 
     </span>
    </p>
   </div>
   <div class='ocr_carea' id='block_1_122' title="bbox 2147 5753 3727 5822">
    <p class='ocr_par' dir='ltr' id='par_1_122' title="bbox 2147 5753 3727 5822">
     <span class='ocr_line' id='line_1_122' title="bbox 2147 5753 3727 5822; baseline 0.002 -15"><span class='ocrx_word' id='word_1_815' title='bbox 2147 5753 2205 5807; x_wconf 91' lang='lat' dir='ltr'><strong>in</strong></span> <span class='ocrx_word' id='word_1_816' title='bbox 2246 5756 2719 5822; x_wconf 87' lang='lat' dir='ltr'><strong>reprehensionem</strong></span> <span class='ocrx_word' id='word_1_817' title='bbox 2746 5756 2988 5811; x_wconf 90' lang='lat' dir='ltr'><strong>incurrit.</strong></span> <span class='ocrx_word' id='word_1_818' title='bbox 3027 5753 3310 5813; x_wconf 49' lang='lat' dir='ltr'><strong>Porro&#39;hic</strong></span> <span class='ocrx_word' id='word_1_819' title='bbox 3359 5758 3528 5813; x_wconf 87' lang='lat' dir='ltr'><strong>Judas</strong></span> <span class='ocrx_word' id='word_1_820' title='bbox 3585 5753 3727 5812; x_wconf 69' lang='lat' dir='ltr'><strong>uso-</strong></span> 
     </span>
    </p>
   </div>
   <div class='ocr_carea' id='block_1_123' title="bbox 2150 5825 3738 5906">
    <p class='ocr_par' dir='ltr' id='par_1_123' title="bbox 2150 5825 3738 5906">
     <span class='ocr_line' id='line_1_123' title="bbox 2150 5825 3738 5906; baseline 0.004 -26"><span class='ocrx_word' id='word_1_821' title='bbox 2150 5838 2260 5880; x_wconf 81' lang='lat' dir='ltr'><strong>Iem</strong></span> <span class='ocrx_word' id='word_1_822' title='bbox 2293 5839 2324 5880; x_wconf 86' lang='lat' dir='ltr'><strong>a</strong></span> <span class='ocrx_word' id='word_1_823' title='bbox 2349 5825 2617 5881; x_wconf 88' lang='lat' dir='ltr'><strong>nonnullis</strong></span> <span class='ocrx_word' id='word_1_824' title='bbox 2645 5826 2843 5882; x_wconf 84' lang='lat' dir='ltr'><strong>dicitur</strong></span> <span class='ocrx_word' id='word_1_825' title='bbox 2873 5828 3124 5886; x_wconf 83' lang='lat' dir='ltr'><strong>habuisse</strong></span> <span class='ocrx_word' id='word_1_826' title='bbox 3156 5829 3400 5898; x_wconf 80' lang='lat' dir='ltr'><strong>Mariam,</strong></span> <span class='ocrx_word' id='word_1_827' title='bbox 3436 5838 3586 5887; x_wconf 80' lang='lat' dir='ltr'><strong>teste</strong></span> <span class='ocrx_word' id='word_1_828' title='bbox 3627 5825 3738 5906; x_wconf 31' lang='grc' dir='ltr'>ιιι..</span> 
     </span>
    </p>
   </div>
  </div>
