3894 6480
1811 105 1848 124 ..ο

563 314 675 373 259

1281 309 1549 368 EUSEBll
1587 303 2067 367 CESARIENSIS
2103 301 2255 360 OPP.
2299 301 2480 357 PARS
2518 300 2560 356 l.
2601 329 2673 342 —-
2709 299 3101 356 HISTORICA.

3720 303 3816 357 260

564 429 906 491 commendo.
968 429 1102 485 Cum
1175 445 1302 484 vero
1359 429 1643 497 episcopus
1708 442 1832 482 eum
1891 425 2144 496 juvenem

2256 422 2507 488 Ἔφεσον,
2530 422 2560 475 ὁ
2586 421 2642 474 δὲ
2673 438 2776 492 πρε
2788 419 3047 489 σ6ύτερος
3077 418 3363 474 ἀναλαϐὼν
3384 419 3567 476 οἶκαδε
3595 421 3678 475 τὸν
3719 437 3817 476 πα-

565 524 918 594 suscepisset,
947 532 1002 578 et
1029 537 1173 576 cura:
1212 522 1313 577 sibi
1340 522 1394 574 in
1445 532 1719 590 pos1erum
1764 519 1884 574 fore
1917 518 2140 589 pollice-

565 626 739 681 retur,
768 615 959 680 iterum
987 613 1222 668 Joannes
1255 612 1444 667 eadem
1471 627 1592 681 qua:
1621 612 1772 682 prius
1801 612 2058 666 mandare
2085 621 2140 664 et

566 707 862 766 contestari
901 721 1007 760 non
1039 705 1268 761 destitit.
1324 704 1454 759 Post
1486 705 1601 758 haec
1640 702 1884 759 Joannes
1917 704 2138 772 quidem

565 802 836 873 Ephesum
869 813 1146 869 regressus
1178 806 1283 856 est.
1321 797 1622 867 Presbyter
1651 813 1780 853 vero
1826 797 2141 852 adolescen-

569 917 677 963 tem
703 906 806 962 sibi
839 904 1091 960 traditum
1118 902 1172 956 in
1201 902 1420 958 domum
1462 917 1616 956 suam
1651 901 1960 970 suscipiens
2005 902 2138 956 edu-

566 1001 734 1065 cavit,
783 998 939 1063 fovit,
1000 1004 1166 1063 atque
1224 994 1539 1048 continuit:
1577 994 1902 1062 tandemque
1955 1008 2142 1049 sacra-

567 1101 808 1147 mentum
840 1088 1096 1160 baptismi
1131 1086 1305 1142 eidem
1339 1086 1581 1141 tradidit.
1659 1086 1923 1156 Deinceps
1955 1101 2139 1140 sacer-

565 1185 664 1240 dos
693 1185 759 1239 de
791 1183 1021 1253 pristina
1054 1197 1188 1238 cura
1217 1188 1381 1248 atque
1416 1177 1660 1234 custodia
1686 1179 1952 1248 paulatim
1976 1179 2144 1233 remi-

565 1277 657 1342 sit,
719 1276 919 1346 quippe
973 1291 1094 1329 cum
1136 1273 1538 1345 perfectissimo
1586 1272 1810 1326 custode
1870 1271 2141 1341 apposito,

565 1367 769 1423 Christi
804 1367 1062 1423 videlicet
1094 1365 1382 1435 signaculo
1420 1365 1679 1432 juvenem
1707 1363 2141 1418 communiisset.

567 1461 720 1516 Illum
751 1476 883 1532 ergo
909 1468 1234 1531 praematura
1295 1455 1524 1528 potitum
1573 1456 1848 1520 libertate,
1907 1455 2144 1526 aequales

565 1566 785 1635 quidam
815 1565 917 1620 sibi
950 1565 1270 1634 adjungunt,
1313 1564 1525 1619 desides
1558 1578 1622 1619 ac
1652 1563 1926 1632 dissoluti,
1964 1575 2016 1619 et
2048 1563 2145 1618 lla.

566 1656 714 1726 giliis
741 1655 994 1710 omnibus
1023 1655 1341 1709 assuefacti.
1370 1656 1445 1708 Ac
1498 1656 1732 1734 primum
1765 1659 1981 1728 quidem
2027 1674 2144 1712 ma-

567 1745 779 1813 gnificis
831 1743 1094 1798 conviviis
1153 1743 1554 1798 adolescentem
1620 1744 1850 1800 illiciunt

566 1836 764 1891 deinde
800 1838 866 1891 ad
895 1837 1206 1906 spoliandas
1249 1837 1436 1891 obvios
1485 1838 1710 1908 egressi,
1756 1853 1940 1893 secum
1985 1838 2134 1891 illurn

567 1931 850 1986 abducunt
879 1950 892 1984 :
939 1930 1062 1985 inde
1102 1933 1169 1986 ad
1198 1933 1463 2003 majorum
1495 1932 1764 1987 scelerum
1813 1934 2136 1987 societatem

567 2022 952 2077 cohortantur.
994 2021 1062 2076 At
1101 2023 1190 2078 ille
1225 2023 1424 2078 sensim
1455 2025 1805 2078 assuescebat
1857 2023 2138 2092 pravitati,

568 2122 624 2167 et
664 2123 919 2182 tanquam
951 2128 1246 2184 generosus
1282 2122 1336 2167 et
1391 2113 1612 2169 effrenis
1666 2127 1839 2183 equus
1895 2127 1925 2166 a
1991 2121 2144 2167 recto

570 2204 791 2258 tramite
824 2207 1108 2275 abreptus,
1149 2221 1214 2261 ac
1250 2206 1462 2260 frenum
1509 2207 1911 2273 commordcns,
1940 2216 2144 2274 quanto

568 2297 779 2367 majore
806 2299 973 2352 animi
1021 2300 1200 2355 indole
1230 2300 1494 2371 prreditus
1523 2309 1664 2366 erat,
1694 2307 1845 2353 tanto
1874 2300 2055 2352 acrius
2090 2299 2144 2352 in

569 2419 812 2474 praeceps
855 2403 1154 2461 ferebatur.
1207 2405 1486 2462 Postremo
1538 2405 1745 2473 abjecta
1805 2420 1901 2474 spe
1955 2404 2147 2459 salutis

569 2510 732 2564 quam
763 2495 816 2549 in
851 2495 962 2550 Deo
996 2508 1272 2564 posuerat,
1322 2497 1455 2551 nihil
1496 2497 1606 2567 jam
1638 2496 1911 2551 mediocre
1965 2495 2147 2548 animo

570 2586 913 2657 designabat,
945 2589 1038 2642 sed
1071 2591 1264 2657 grandi
1312 2589 1493 2658 aliquo
1535 2589 1742 2644 scelere
1802 2597 2146 2658 perpetrato,

573 2681 790 2748 quando
815 2680 1031 2748 quidem
1063 2678 1174 2747 jam
1199 2681 1266 2735 de
1297 2681 1470 2735 salute
1500 2697 1595 2734 sua
1645 2681 1862 2750 penitus
1891 2683 2147 2751 despera-

570 2780 760 2835 verat,
792 2787 977 2843 parem
1015 2789 1138 2829 cum
1177 2776 1388 2830 caeteris
1423 2787 1644 2844 prunam
1673 2774 1857 2829 subire
1885 2775 2146 2844 dedigna-

571 2879 755 2935 batur.
787 2881 1093 2951 Assumptis
1127 2882 1291 2951 igitur
1326 2883 1433 2937 illis
1464 2883 1598 2951 ipsis
1627 2881 1927 2948 sodalibus,
1968 2889 2024 2937 et
2067 2884 2150 2937 in»

573 2969 764 3024 stituto
788 2969 1061 3024 latronum
1093 2971 1340 3039 collegio,
1372 2972 1486 3040 ipse
1528 2981 1780 3042 prompto
1812 2974 1995 3026 animo
2040 2975 2146 3027 dux

574 3079 763 3119 eorum
793 3062 1038 3130 effectus,
1072 3063 1350 3129 violentia,
1386 3065 1626 3120 credibus
1655 3075 1817 3136 atque
1861 3067 2147 3122 atrocitate

1905 1763 1920 1799 τ
1977 1757 2138 1799 ιιοοιιι
2171 1784 2217 1844 Β

2246 516 2537 587 ραδοθέντα
2560 515 2865 579 νεανίσκον,
2914 514 3134 585 ἔτρεφε,
3177 518 3444 586 συνεῖχεν,
3503 513 3722 580 ἔθαλπε,
3761 517 3817 570 τὸ

2240 608 2545 660 τελευταῖον
2605 605 2859 675 ἐφώτισε.
2933 605 3043 658 Καὶ
3104 605 3243 676 μετὰ
3291 605 3450 658 τοῦτο
3496 605 3670 676 ὑφῆκε
3721 607 3816 676 τῆς

2241 698 2486 761 πλείονος
2514 696 2832 768 ἐπιμελείας
2860 697 2957 750 καὶ
2987 697 3409 768 παραφυλακῆς,
3431 696 3510 760 ὡς
3538 697 3598 750 τὸ
3625 698 3818 752 τέλειον

2241 790 2389 860 αὐτῷ
2416 789 2781 860 φυλακτήριον
2807 789 3114 859 ἐπιστήσας
3152 786 3250 858 τὴν
3281 787 3558 858 σφραγῖδα
3589 787 3676 840 τοῦ
3710 789 3821 840 Κυ-

2244 883 2359 954 ρίου
2389 882 2517 952 (15).
2541 880 2632 952 Τῷ
2654 882 2710 934 δέ
2741 881 2976 944 ἀνέσεως
3000 881 3105 950 πρὸ
3129 880 3277 953 ῶρας
3321 880 3606 950 λαϐομένω
3658 897 3821 952 προσ-

2243 971 2552 1042 φθείρονται
2597 971 2875 1042 (Myrr.st
2895 969 3082 1040 ἥλικες
3107 971 3266 1042 ἀργοὶ
3299 969 3395 1024 καὶ
3422 970 3819 1042 ἀπερρωγότες,

2243 1064 2432 1127 ἐθάδες
2462 1063 2666 1118 κακῶν.
2703 1064 2814 1118 Καὶ
2846 1064 3066 1134 πρῶτον
3109 1064 3207 1135 μὲν
3240 1064 3310 1118 δι’
3341 1063 3638 1117 ἑστιάσεων
3663 1063 3822 1116 πολυ-

2244 1156 2411 1210 τελῶν
2433 1157 2594 1211 αύτὸν
2619 1155 2933 1224 ἐπάγονται,
2953 1149 3074 1207 εἶτά
3087 1173 3191 1208 που
3225 1155 3443 1224 νύκτωρ
3467 1156 3562 1208 ἐπὶ
3589 1156 3821 1209 λωποδυ-

2249 1251 2373 1303 σίαν
2397 1249 2661 1317 ἐξιόντες,
2678 1249 3096 1316 συνεπάγονταιυ
3125 1244 3243 1301 εἶτά
3274 1267 3326 1301 τι
3353 1250 3447 1302 καὶ
3482 1249 3663 1319 μεῖζον
3692 1268 3823 1320 συμ-

2245 1342 2504 1416 πράττειν
2522 1339 2723 1411 ήξίουν.
2741 1342 2798 1394 '0
2826 1342 2881 1394 δὲ
2900 1341 3181 1408 κατολίγον
3203 1340 3593 1412 προσειθίζετο.
3612 1343 3718 1396 Καὶ
3743 1343 3825 1398 διὰ

2249 1435 2476 1506 μέγεθος
2517 1433 2751 1503 φύσεως,
2792 1434 2994 1497 ἐκστάς
3022 1432 3212 1504 ῶσπερ
3241 1434 3480 1505 ἄστομος
3527 1435 3622 1488 καὶ
3658 1434 3824 1505 εὔρω-

2247 1547 2368 1593 στος
2420 1530 2585 1592 ἵππος
2625 1528 2798 1600 ὀρθῆς
2835 1528 2980 1590 ὁδοῦ,
3026 1528 3120 1580 καὶ
3168 1528 3259 1582 τὸν
3305 1527 3523 1598 χαλινὸν
3569 1528 3821 1592 ἐνδακὼν,

2249 1618 2510 1690 μειζόνως
2538 1619 2678 1673 κατά
2712 1618 2821 1672 τῶν
2861 1617 3151 1690 βαράθρων
3177 1617 3424 1689 ἐφέρετο.
3456 1620 3752 1686 Ἀπογνοὺς
3772 1622 3822 1672 δὲ

2244 1712 2444 1776 τελέως
2469 1712 2569 1784 τὴν
2601 1714 2658 1764 ἐν
2687 1711 2807 1783 Θεῷ
2841 1710 3136 1782 σωτηρίαν,
3179 1711 3333 1765 οὐδὲν
3375 1710 3455 1764 ἔτι
3493 1711 3688 1783 μικρὸν
3725 1713 3825 1766 διε·

2242 1808 2432 1868 νοεῖτο,
2457 1804 2592 1858 ἀλλὰ
2617 1803 2758 1875 μέγα
2785 1821 2839 1857 τι
2871 1803 3103 1874 πράξας,
3123 1802 3420 1874 ἐπειδήπερ
3441 1803 3589 1870 ἅπαξ
3623 1804 3826 1857 ἀπολώ-

2243 1898 2343 1960 λει,
2368 1898 2457 1951 ἴσα
2471 1899 2580 1961 τοῖς
2597 1896 2768 1960 ἄλλοις
2780 1895 2983 1949 ’παθεῖν
3000 1895 3149 1964 ἠξίου
3170 1895 3516 1966 (15).Αύτοῦς
3533 1895 3597 1967 δή
3612 1895 3826 1960 τούτους

2242 1987 2642 2052 ἁναλαῦὼν,καὶ
2661 1989 2947 2062 λῃστήριον
2965 1989 3358 2062 συγκροτήσας,
3375 1988 3594 2058 ἕτοιμος
3605 1988 3805 2058 λῄσταρ
3815 2015 3828 2025 -

2243 2097 2336 2150 χος
2362 2075 2450 2150 ἦν,
2475 2079 2795 2150 βιαιότατος,
2820 2077 3243 2148 μαιφονώτατος,
3281 2077 3829 2149 χαλεπώτατος-,Χρό-

2245 2190 2333 2236 νος
2365 2175 2422 2225 ἐν
2442 2171 2878 2242 μέσῳοκαίιτινος
2892 2170 3480 2241 ἐπιπεσούσηςχρείας,
3503 2171 3827 2228 ἀνακαλούσι

2243 2266 2334 2318 τὸν
2374 2263 2648 2334 Ἰωάννην.
2688 2262 2745 2314 ’0
2770 2261 2849 2328 δὲ,
2873 2262 2996 2314 ἐπεὶ
3019 2262 3088 2315 τά
3119 2263 3254 2316 ἄλλα
3273 2257 3348 2317 ὧν
3379 2265 3542 2336 χάριν
3572 2258 3672 2335 ἧκε
3698 2283 3827 2318 κατ-

2241 2358 2527 2426 εστήσατο,
2562 2355 2695 2422 ’Δγε
2740 2352 2827 2424 δή,
2899 2353 3026 2426 ἔφη,
3085 2349 3130 2408 ὧ
3185 2356 3477 2424 ἐπίσκοπε,
3522 2357 3621 2429 τὴν
3658 2377 3828 2431 παρα-

2247 2447 2564 2516 καταθήκην
2592 2445 2794 2509 ἀπόδος
2832 2447 2986 2518 ἡμῖν,
3022 2448 3092 2518 ἢν
3122 2447 3234 2516 ἐγώ
3265 2465 3324 2507 τε
3372 2451 3467 2503 καὶ
3525 2452 3554 2503 ὀ
3597 2453 3827 2524 Χριστός

2251 2558 2334 2594 σοι
2365 2537 2858 2610 ταρακατεθέμεθα
2884 2539 2977 2591 ἐπὶ
3002 2539 3100 2610 τῆς
3145 2540 3492 2610 Ἐκκλησίας,
3523 2535 3594 2612 ἧς
3621 2561 3827 2613 προκα-

2249 2632 2399 2705 θέζῖἶο
2427 2631 2722 2702 μάρτυρος.
2784 2630 2840 2683 Ὀ
2893 2630 2950 2684 δὲ
2993 2631 3055 2684 τὸ
3107 2632 3208 2702 μὲν
3268 2633 3485 2704 πρῶτον
3534 2634 3824 2705 ἐξεπλάγη,

2249 2726 2507 2796 χρήματα
2536 2724 2779 2793 οἰόμενος
2823 2724 2965 2794 ἅπερ
2991 2725 3091 2777 οὐκ
3130 2725 3308 2790 ἔλαϐε,
3355 2727 3823 2795 συκοφαντεῖσθαι,

2251 2819 2347 2871 καὶ
2382 2814 2506 2868 οὔτε
2542 2814 2814 2868 πιστεύειν
2835 2811 2979 2885 εἶχεν
3011 2816 3152 2889 ὑπὲρ
3175 2810 3250 2869 ὧν
3273 2817 3374 2871 οὐκ
3399 2815 3566 2888 εἶχεν,
3590 2819 3710 2872 οὔτε
3761 2821 3830 2872 d-

2256 2907 2461 2959 πιστεῖν
2495 2906 2736 2980 Ἰωάννῃ.
2775 2907 2956 2976 Ὠςδέ,
2981 2903 3084 2958 Τὸν
3096 2909 3396 2973 νεανίσκον,
3424 2907 3599 2973 εἶπεν,
3619 2910 3827 2964 ἀπαιτῶ

2250 3001 2344 3052 καὶ
2387 2997 2484 3067 τὴν
2527 2997 2704 3067 ψυχὴν
2759 2995 2852 3048 τοῦ
2896 2996 3145 3065 ἀδελφοῦ,
3194 2998 3455 3065 στενάξας
3519 3001 3759 3054 κάτωθεν
3796 3003 3830 3052 6

2252 3091 2582 3163 πρεσϐύτης,
2635 3091 2728 3145 καί
2767 3108 2819 3142 τι
2864 3089 2957 3144 καὶ
3003 3090 3389 3162 ἐπιδακρύσας,
3415 3093 3670 3158 Ἐκεῖνος,
3703 3094 3824 3164 ἔφη,

573 3169 799 3216 cunctos
828 3161 1143 3230 superabat.
1195 3159 1492 3229 Aliquanto
1538 3171 1661 3230 post
1703 3173 1967 3231 tempore,
2027 3176 2149 3217 cum

2256 3183 2499 3252 τέθνηκε.
2515 3181 2639 3245 Πῶς
2673 3181 2763 3234 καὶ
2783 3180 2902 3234 τίνα
2937 3181 3161 3235 θάνατον
3183 3199 3197 3246 ;
3224 3181 3341 3252 Θεῴ
3360 3181 3640 3252 τέθνηκεν,
3659 3179 3824 3238 εἶπεν.

573 3268 776 3340 negotii
819 3267 1120 3339 cujuspiam
1164 3269 1467 3325 necessitas
1513 3269 1816 3338 incidisset,
1865 3270 2060 3326 iterum
2095 3271 2148 3326 in

647 3389 760 3459 (1'5)
787 3386 908 3459 Τὴν
940 3386 1238 3456 σφραγιδα
1292 3385 1410 3459 τοῦ,
1450 3386 1696 3453 Κυρίου.
1731 3384 1954 3441 Veteres
1993 3388 2142 3442 Gltri-

578 3457 748 3516 stiani
775 3459 845 3511 ita
887 3458 1212 3524 baptismum
1263 3457 1553 3514 vocabant.
1587 3465 1644 3508 ut
1690 3465 1887 3524 praeter
1923 3468 2152 3512 caateros

583 3535 742 3584 ducet
770 3528 1064 3595 Gregorius
1088 3525 1462 3580 Nazianzenus
1502 3527 1554 3576 iu
1583 3527 1832 3581 oratione
1856 3527 2154 3596 quadrage-

580 3604 740 3661 sima,
774 3599 862 3649 ubi
917 3597 1244 3662 baptismum
1300 3597 1530 3648 diversis
1577 3597 1886 3649 nominibus
1933 3612 1962 3649 a
1997 3597 2154 3651 Chrio

581 3671 774 3724 stiauis
797 3666 1260 3738 vocariobservat
1294 3681 1306 3716 :
1335 3665 1515 3738 Δῶρον
1547 3665 1838 3738 καλοῦμεν,
1859 3667 2152 3738 Αχάρισμα,

583 3741 884 3811 βάπτισμα,
911 3737 1138 3811 χρίσμα,
1165 3734 1440 3811 φώτισμα,
1465 3735 1771 3811 ἀφθαρσίας
1795 3734 2158 3811 ἒγδύμάᾼου-

579 3805 708 3882 ἱερὸν
739 3805 1180 3882 παλιγγενεσίας,
1215 3807 1504 3876 σφραγῖδα,
1536 3807 1641 3858 πᾶν
1665 3808 1693 3861 ὃ
1716 3821 1766 3859 τι
1792 3805 1980 3882 τίμιον.
2015 3807 2159 3882 Gau-

585 3876 702 3934 sam
729 3894 858 3932 vero
883 3892 979 3930 cur
1009 3877 1339 3944 baptismum
1383 3885 1641 3929 vocarent
1685 3876 1980 3946 σφραγῖδα,
2013 3878 2154 3931 idem

585 3950 884 4020 Gregorius
919 3946 1411 4020 subjungi_t,_‘qued
1461 3946 1684 4020 scilicet
1731 3948 2047 4020 baptismus
2085 3951 2158 4001 sit

585 4016 926 4075 conservatio
946 4027 1002 4071 et
1035 4016 1255 4070 dominii
1283 4027 1430 4070 nota.
1461 4016 1594 4069 Male
1621 4031 1750 4085 ergo
1775 4017 2157 4086 Ghristophor-

587 4106 754 4146 sonus
800 4089 946 4142 hunc
999 4087 1208 4141 Eusebii
1253 4087 1422 4140 nostri
1471 4090 1644 4140 locum
1699 4088 1766 4140 de
1808 4099 2150 4142 sacramento

588 4157 1016 4214 confirmationis
1051 4158 1440 4225 interpretatus
1488 4167 1604 4222 est;
1652 4155 1732 4210 sic
1757 4161 1902 4211 enim
1936 4159 2104 4212 vertit
2133 4176 2148 4214 :

589 4229 782 4284 Postea
833 4245 950 4282 vero
994 4227 1080 4280 ubi
1123 4227 1296 4296 sigillo
1336 4227 1573 4287 Domini,
1601 4227 1654 4279 id
1701 4237 1775 4279 est
1824 4239 2152 4281 sacramento

588 4299 1024 4369 conﬁrmationis,
1053 4308 1301 4366 tanquam
1325 4297 1555 4369 perfecta
1595 4306 1810 4365 tutaque
1830 4297 1944 4365 ejus
1989 4299 2152 4369 animi

587 4366 831 4424 custodia
861 4370 1208 4438 obsignasut,
1233 4366 1483 4438 nonnihil
1499 4368 1562 4420 de
1581 4383 1709 4420 cura
1741 4369 1964 4438 remisit.
1994 4367 2154 4436 Atqui

2268 3276 2470 3347 Ἀπέϐη
2497 3274 2605 3343 γὰο
2640 3273 2874 3344 πονηρὸς
2908 3274 3003 3327 καὶ
3038 3272 3266 3345 ἐξώλης,
3301 3275 3394 3327 καὶ
3412 3275 3474 3326 τὸ
3514 3276 3827 3345 κεφάλαιον,

2261 3388 2470 3451 zandis,
2514 3401 2544 3441 a
2596 3385 2714 3442 Nic.
2747 3385 2987 3458 Rigaltio‘
3035 3388 3243 3446 editus,
3307 3384 3512 3458 signum
3554 3385 3674 3453 ﬁdei
3745 3386 3834 3458 bis

2259 3458 2497 3527 appellat
2521 3455 2908 3525 baptismafet
2943 3455 3148 3527 signum
3177 3455 3509 3522 simpliciter
3546 3471 3667 3524 pag.
3711 3456 3830 3510 151.

2260 3523 2511 3582 Cletnens
2551 3523 2955 3582 Aiexaudriuus
3008 3527 3059 3579 in
3093 3523 3414 3595 Pwdagogo.
3450 3523 3574 3596 pag.
3619 3527 3708 3591 41,
3763 3529 3836 3579 ait

2261 3597 2587 3684 baptismum
2619 3596 3192 3684 “multis“nomini-bus
3234 3596 3830 3684 aj‘ipellalrizxdptspa.

2263 3667 2537 3738 φώτισμα,
2572 3667 2794 3722 τέλειον.
2847 3666 2914 3719 Et
2965 3667 3018 3719 in
3072 3665 3344 3732 Excerptis
3389 3665 3664 3729 Theodoti,
3711 3665 3832 3735 pag.

2258 3739 2386 3800 3M,
2421 3749 2579 3793 vocat
2611 3739 2939 3804 baptismum
2977 3735 3265 3807 σφραγῖδα,
3294 3745 3348 3807 et
3389 3737 3714 3807 σφράγισμα
3739 3738 3836 3807 τῆς

2259 3808 2546 3881 άληθείας,
2571 3822 2904 3881 causamque
2929 3806 3092 3881 affert
3125 3806 3366 3881 nundinis
3384 3806 3648 3881 eamdem
3675 3806 3835 3876 quam

2259 3874 2576 3947 Gregorius.
2609 3877 2770 3930 Plura
2806 3874 2929 3930 vide
2955 3879 3096 3947 apud
3123 3876 3181 3947 Ρ.
3224 3874 3557 3947 llalloixium
3593 3878 3647 3931 in
3679 3874 3837 3930 nota-

2261 3945 2499 4003 tionibus
2543 3949 2609 4000 ad
2646 3947 2822 4001 Vitam
2855 3945 3028 4001 sancti
3090 3945 3396 4014 Polycarpi,
3437 3961 3561 4015 cap.
3614 3949 3668 4001 9.
3709 3947 3837 4014 Qui-

2257 4019 2525 4142 Δῗιιειιὲξὶιιιι
2565 4016 2927 4088 Epiphaniam
2962 4017 3016 4070 in
3052 4015 3246 4071 haeresi
3273 4015 3686 4084 Ebionteorum,
3709 4033 3833 4087 cap.

2315 4103 2345 4142 e
2472 4126 2486 4141 .
3248 4125 3257 4133 .

2315 4098 2370 4143 et
2397 4098 2486 4142 δι.
3248 4125 3257 4133 ,

2330 4160 2444 4224 (14)
2474 4157 3003 4226 Προσφθείρονται.
3065 4156 3232 4224 Hujus
3261 4155 3412 4209 verbi
3453 4157 3567 4210 vim
3602 4171 3708 4210 non
3758 4158 3836 4211 in—

2263 4229 3043 4295 tellexitGbristopltorsonus,
3099 4239 3155 4281 ut
3195 4242 3264 4282 ex
3303 4227 3565 4280 versione
3594 4227 3709 4294 ejus
3745 4241 3836 4295 ap-

2265 4309 2438 4367 paret.
2484 4296 2955 4369 Προσφθείρεσθαι
3002 4299 3144 4352 idem
3186 4306 3270 4350 est
3327 4298 3488 4369 quod
3528 4296 3835 4369 προσέρχε-

2267 4366 2412 4434 σθαι,
2442 4366 2547 4422 ιιἰεὶ
2577 4369 2725 4435 quod
2769 4366 2828 4420 in
2875 4369 3071 4421 malam
3107 4375 3313 4434 partem
3345 4366 3604 4420 sumitur.
3638 4366 3838 4422 Eodem

588 4441 778 4496 Graeca
806 4438 863 4510 id
891 4435 996 4492 non
1026 4447 1242 4510 sonant.
1269 4436 1679 4510 Nathlemens
1707 4437 1822 4510 ait,
1843 4435 2151 4506 episcopum

2267 4456 2430 4494 sensu
2467 4436 2870 4510 είσφθείρεσθαι
2903 4439 3089 4492 dicunt
3113 4436 3287 4510 Graeci
3321 4449 3420 4504 pro
3469 4436 3838 4510 εἰσέρχεσθαι,

588 4523 713 4566 cum
745 4509 1148 4563 adolescentem
1185 4508 1333 4562 illum
1377 4507 1667 4575 aliquando
1718 4505 1946 4560 fovisset
1994 4505 2156 4576 atque

592 4581 924 4636 instituisset
975 4577 1395 4641 studiosissime,
1431 4579 1650 4630 tandem
1707 4577 1858 4630 illum
1916 4579 2160 4645 baptiza-

593 4653 762 4721 visse;
815 4657 994 4721 postea
1027 4663 1155 4721 vero
1189 4665 1378 4721 curam
1427 4647 1568 4721 illius
1601 4646 1961 4721 adolescentis
2006 4649 2156 4717 abje-

591 4717 757 4787 cisse,
785 4717 986 4789 quippe
1028 4719 1114 4772 cui
1158 4717 1626 4789 perfectissimum
1647 4718 1927 4789 custodem
1987 4733 2158 4789 appar

592 4785 819 4852 suisset,
839 4785 1174 4843 Doininieuui
1213 4787 1571 4858 signaculum.
1597 4785 1673 4848 ὠς
1700 4787 1759 4858 τὸ
1783 4787 1988 4858 τέλειον
2012 4787 2159 4858 αὐτῷ

593 4860 956 4932 φυλακτήριον
1003 4859 1301 4932 ἐπιστήσας
1347 4857 1445 4926 τὴν
1495 4857 1762 4932 σφραγῖδα
1797 4857 1898 4932 ’τοῦ
1931 4857 2156 4930 Κυρίου.

596 4926 1120 4999 (ἐΙιῐὶειωιίἰιονεοιιυε
1156 4926 1245 4983 illa
1291 4935 1456 4982 verba
1494 4926 1582 4990 ὡς
1620 4929 1922 4998 ἐπιστήσας
1976 4926 2158 4991 vertit,

597 5003 682 5056 ubi
711 5003 1050 5070 obsignnsxet,
1095 5015 1218 5055 cum
1265 5009 1479 5070 vertere
1522 5000 1701 5070 potius
1729 5000 2026 5061 debuisset,
2069 5009 2156 5052 ut-

598 5083 715 5136 pote
747 5068 836 5140 qui
875 5071 1216 5138 obsignasset.
1267 5069 1417 5123 Hanc
1445 5071 1591 5140 enim
1625 5068 1730 5120 vim
1774 5070 1941 5140 habet
1972 5071 2160 5140 Graeca

603 5138 891 5212 partiéula,
925 5152 1000 5212 et_
1029 5141 1216 5212 lectori
1265 5139 1492 5212 indicat,
1532 5138 1586 5212 id
1611 5139 1784 5212 _quod
1837 5139 2040 5212 dicitur
2065 5138 2161 5212 _ad

601 5208 878 5279 superiora
918 5209 1106 5264 referri
1131 5211 1353 5265 debere.
1387 5209 1522 5263 Cum
1553 5208 1719 5279 igitur
1751 5219 1910 5279 antea
1961 5211 2026 5262 de
2065 5208 2164 5261 ba-

604 5277 799 5352 ptismo
827 5282 1034 5352 locutus
1065 5281 1138 5332 sit
1167 5281 1416 5352 Clemens
1449 5279 1526 5352 (id
1553 5277 1698 5331 enim
1731 5277 2006 5352 significat
2036 5293 2165 5352 ver-

602 5347 729 5406 bum
764 5352 892 5406 illud
919 5347 1195 5420 ἐφώτισε),
1229 5351 1280 5401 iu
1322 5350 1423 5404 hac
1455 5347 1622 5420 etiam
1660 5347 1878 5420 periodo
1900 5349 1965 5401 de
1986 5348 2170 5420 bapti-

605 5436 721 5475 smo
759 5438 880 5476 eum
921 5417 1068 5488 loqui
1097 5417 1317 5473 necesse
1350 5427 1449 5473 est.
1473 5419 1581 5472 Sed
1604 5427 1658 5471 et
1683 5419 1944 5488 Eusebius
1981 5419 2035 5470 in
2068 5417 2167 5471 lib.

604 5505 680 5555 vr,
713 5508 830 5559 cap.
865 5493 894 5543 7
926 5486 1017 5544 ubi
1073 5489 1139 5544 de
1179 5488 1417 5542 Basilide
1450 5489 1586 5558 agit,
1631 5486 1962 5559 baptismum
2007 5494 2168 5559 vocat

609 5557 897 5629 σφραγῖδα.
924 5559 1099 5629 Latini
1127 5573 1340 5628 quoque
1369 5557 1562 5629 eodem
1586 5558 1743 5629 modo
1764 5557 2171 5629 vomat_signa-

609 5624 784 5683 culturi
811 5628 954 5697 ﬁdei.
992 5630 1083 5684 Sic
1115 5624 1348 5682 Rufinus
1379 5629 1431 5680 in
1461 5628 1556 5697 lib.
1585 5627 1872 5680 tadversus
1909 5624 2171 5697 Hierony-

611 5715 771 5762 mum,
799 5694 971 5762 iunio,
997 5711 1048 5754 et
1083 5708 1238 5754 vetus
1267 5707 1457 5751 auctor
1474 5695 1549 5748 De
1582 5697 1841 5748 hwreticis
1873 5709 1974 5747 non
1999 5694 2173 5771 bapti-

669 5803 688 5826 ‘
703 5776 771 5852 ἰι.
793 5812 840 5850 c.
864 5813 1030 5862 parem
1050 5813 1156 5854 cum
1181 5799 1364 5853 arteria
1385 5805 1556 5850 sortem
1575 5795 1760 5848 habere.
1791 5795 1923 5846 Eutr.

2256 4521 2318 4562 ut
2350 4519 2500 4562 notat
2530 4509 2750 4564 Suidas.
2801 4510 2973 4574 Quam
3004 4523 3189 4562 vocem
3221 4507 3404 4577 legere
3441 4507 3667 4562 memini
3701 4511 3840 4577 apud

2257 4579 2580 4645 Gregorium
2639 4577 2768 4630 Νη.
2813 4579 2866 4649 ἰιι
2916 4576 3305 4649 οιαιίοιιθᾼὲί,
3341 4575 3533 4649 ὥσπερ
3568 4595 3620 4631 τι
3644 4575 3843 4649 νόσὶμα

2257 4650 2427 4704 δεινὸν
2475 4652 2596 4712 ταῖς
2637 4648 2957 4719 ἐκκλησίαις
3018 4647 3337 4718 είσεφθάρή.
3375 4647 3444 4719 Et
3503 4647 3665 4718 patilo
3723 4647 3842 4719 post

2259 4723 2325 4774 de
2354 4721 2618 4790 Gregorjo
2667 4717 2867 4773 Ariano
2919 4720 3162 4790 loquens.
3219 4717 3285 4788 τῇ
3315 4717 3587 4790 πολιτείᾳ
3613 4717 3844 4790 παρεῖσ-

2261 4787 2488 4862 φθαρενῖ
2552 4787 2712 4842 Plura
2759 4790 2824 4842 de
2863 4790 2966 4862 hoc
2992 4787 3162 4842 verbo
3196 4787 3323 4842 alibi
3359 4787 3573 4854 notavi,
3608 4787 3730 4859 qua:
3765 4790 3846 4842 in-

2261 4861 2549 4931 praesentia
2579 4875 2682 4913 non
2721 4869 2856 4931 sunt
2880 4861 2945 4911 ad
2973 4874 3216 4912 manum.

2333 4930 2444 5000 (15)
2470 4931 2600 4983 Ἴσα
2649 4929 2772 4996 τοῖς
2818 4928 3032 4995 ἄλλοις
3075 4927 3285 5000 παθεῖν
3327 4927 3549 5000 ἠξίους.
3572 4927 3844 5000 Gruterus

2263 4996 2568 5069 negativam
2595 4999 2914 5068 particulam
2949 5002 3037 5053 hic
3066 4999 3429 5056 addiditzobx
3451 4996 3630 5069 ἠξίου.
3666 4999 3846 5053 Ataue

2264 5068 2565 5126 itailettisse
2591 5071 2843 5123 videntur
2869 5070 3096 5123 Ruﬁnus
3126 5080 3180 5122 ct
3208 5069 3498 5121 Musculus.
3555 5068 3687 5121 Mihi
3721 5085 3842 5120 tua-

2264 5087 2337 5126 lla
2369 5087 2415 5124 I8
2459 5087 2565 5124 ISSC
2591 5087 2843 5123 vtaentur
2871 5087 3096 5123 I‘IIIIIIIIS
3126 5087 3180 5122 Cl
3208 5087 3498 5121 MUSCUIIIS.
3555 5087 3687 5121 nillil
3721 5087 3842 5120 ΙηὸΙ·

2264 5143 2346 5211 gis
2390 5087 2636 5209 piaceret
2691 5138 2953 5211 ἀπηξίου.
2985 5137 3372 5211 Ροπίῌιιιιιιοιι
3416 5139 3847 5211 potestvulgata

2266 5207 2560 5280 scriptura,
2588 5211 2633 5264 si
2671 5207 2807 5264 voce
2840 5209 2927 5262 illa
2956 5213 3068 5273 τοῖς
3108 5207 3290 5280 ἄλλοις
3319 5222 3422 5280 non
3463 5210 3684 5263 sodales
3716 5209 3847 5280 ado-

2267 5278 2522 5336 lescentis
2557 5281 2699 5333 illius
2728 5279 3017 5343 intelligas,
3043 5280 3137 5334 sed
3163 5279 3303 5333 alios
3333 5278 3577 5332 latrones
3603 5288 3661 5333 et
3695 5278 3843 5332 sica-

2269 5351 2400 5422 rios.
2427 5350 2484 5404 In
2513 5349 2704 5413 codice
2721 5348 2886 5413 Μαι,
2908 5347 3058 5422 Med.
3086 5358 3140 5402 et
3173 5347 3310 5402 Fuk.
3346 5347 3547 5418 legitur
3576 5347 3847 5422 πράττειν

2269 5416 2448 5496 ἠξίου.
2490 5422 2701 5496 ὃεάίεα
2740 5423 2915 5496 lectio
2943 5420 3074 5496 ferri
3113 5437 3220 5477 non
3261 5416 3638 5496 potes—nicum
3677 5425 3730 5479 in
3767 5437 3862 5496 ca-

2271 5493 2394 5566 dem
2433 5495 2660 5566 periodo
2691 5493 3017 5566 praecedant
3057 5494 3170 5566 hare
3222 5495 3382 5566 verba
3410 5495 3568 5566 μέγα
3617 5512 3673 5566 τι
3711 5495 3856 5565 πρά-

2273 5565 2390 5631 ξας.
2434 5563 2543 5621 etc.
2599 5563 2723 5620 Ubi"
2752 5573 2932 5620 tamen
2986 5565 3159 5618 nostri
3207 5565 3361 5620 codd.
3407 5563 3572 5629 Man,
3623 5563 3769 5620 Med.
3807 5572 3862 5616 et

2271 5637 2408 5690 Fuk.
2439 5638 2704 5708 scriptum
2740 5636 2940 5692 habent
2983 5635 3125 5707 μέγα
3159 5653 3212 5690 τι
3254 5637 3479 5706 πρᾶξαι,
3511 5639 3720 5708 absque
3746 5635 3859 5688 ιιιιο

2272 5724 2457 5763 εεηςιι.
