3894 6484
508 285 616 342 265
1213 286 1485 344 EUSEBll
1520 280 2001 342 CESARIENSIS
2038 285 2187 342 OPP.
2227 286 2408 344 PARS
2442 284 2484 345 Ι.
2525 322 2595 334 --
2633 291 3028 354 HISTORICA.
3658 300 3760 357 2M

507 399 791 459 sustinuit.
810 399 1061 455 Animam
1101 416 1275 456 meam
1318 416 1418 472 pro
1472 408 1563 457 tua
1606 400 1866 455 vicariam
1921 400 2059 456 dabo

2183 402 2357 467 διδοὺς
2406 406 2544 476 μέγα
2595 408 2950 481 παράδειγμα
3004 412 3293 482 μετανοίας
3344 413 3629 485 ἀληθινῆς,
3677 412 3770 471 και

506 495 601 546 Sta
626 493 807 556 modo,
838 501 893 547 et
924 493 1055 548 mihi
1079 494 1271 557 crede;
1301 509 1333 548 a
1354 492 1571 549 Christo
1596 493 1793 547 missus
1812 508 1953 548 sum.
1990 492 2059 547 lli

2194 496 2337 567 μέγα
2360 498 2647 572 γνώρισμα
2672 502 3110 572 παλιγγενεσίας,
3134 506 3392 577 τρόπαιον
3418 503 3767 570 ἀναστάσεως

510 585 604 641 ille
633 585 862 652 auditis,
888 588 1121 656 primum
1151 592 1367 656 quidem
1388 586 1543 641 vultu
1575 588 1629 640 in
1653 596 1858 641 terram
1883 587 2059 644 demis

2190 587 2544 664 βλεπομένηςο
2584 612 2605 647 θ

503 692 566 734 so
600 677 877 734 substitit:
913 680 1105 735 deinde
1164 680 1338 736 armis
1386 681 1634 751 abjectis,
1707 686 1948 738 tremens
1989 683 2047 738 in
2107 684 2378 758 lacrymas
2441 687 2645 746 eﬁ‘usus
2691 699 2795 746 est.
2859 691 2927 748 Et
2976 692 3324 749 accedentem
3378 708 3570 751 senem
3619 706 3765 751 com-

503 770 713 841 plexus,
748 772 952 842 gemitu
980 788 1045 829 ac
1074 773 1336 830 lamentis
1372 784 1634 844 quantum
1675 775 1912 829 maxime
1958 786 2174 846 poterat
2235 782 2444 836 veniam
2500 784 2746 854 rogabat,
2805 795 2862 842 et
2901 787 3157 859 lacrymis
3207 789 3364 860 quasi
3413 790 3591 855 altero
3640 804 3769 863 qum

501 863 627 917 dam
654 864 928 932 baptismo
986 868 1336 936 expiabatur,
1382 865 1557 922 solam
1592 867 1872 922 dexteram
1918 870 2219 930 occultans.
2279 872 2416 929 Tum
2468 878 2746 947 apostolus
2796 882 3073 950 spondens
3130 897 3194 938 ac
3259 882 3509 954 dejerans
3555 898 3619 941 se
3673 900 3765 941 ve-

503 956 651 1014 niam
689 959 842 1031 ipsia
872 958 1166 1016 Servatore
1194 960 1593 1031 impetravisse,
1627 976 1901 1035 oransque
1922 979 1986 1019 ac
2018 965 2074 1018 in
2109 980 2281 1034 genua
2323 970 2660 1037 provolutus,
2704 980 2759 1027 et
2785 973 3030 1029 dextram
3073 975 3244 1045 ipsam
3288 976 3531 1046 juvenis,
3580 980 3765 1045 utpote

499 1053 821 1125 pmnitentia
853 1064 1238 1125 expurgatam,
1301 1053 1639 1122 deesculans,
1686 1055 1862 1125 ipsum
1920 1055 1975 1110 in
2032 1052 2324 1113 Ecclesiam
2380 1062 2618 1117 reduxit.
2673 1063 2880 1120 Exinde
2931 1066 3127 1135 partim
3184 1068 3391 1123 crebris
3425 1067 3763 1124 orationibus

500 1148 669 1205 Deum
703 1149 1021 1221 deprecans,
1054 1148 1251 1218 partim
1298 1149 1634 1205 continuatis
1677 1165 1788 1204 una
1834 1165 1955 1207 cum
2008 1151 2206 1221 juvene
2239 1154 2457 1223 jejuniis
2480 1157 2641 1211 simul
2698 1158 2810 1232 94
2857 1160 3161 1226 decertans,
3220 1161 3471 1218 omnibus
3528 1162 3764 1233 denique

496 1238 790 1295 verborum
852 1237 1125 1295 illecebris
1198 1237 1440 1292 animum
1477 1238 1597 1308 ejus
1647 1239 1985 1306 demulcens,
2038 1257 2141 1296 non
2172 1243 2324 1312 prius
2378 1246 2642 1301 abscessit
2683 1264 2843 1316 quam
2892 1250 3041 1304 illum
3091 1251 3348 1307 Ecclesiae
3404 1252 3759 1319 restituisset,

496 1344 863 1404 magnumque
893 1330 1124 1385 sinceras
1165 1328 1511 1399 poenitentiae
1542 1330 1872 1400 exemplum,
1902 1341 1957 1387 et
2005 1332 2209 1388 iteratae
2250 1338 2673 1406 regenerationis
2723 1339 2914 1410 ingens
2968 1342 3370 1412 documentum,
3424 1354 3503 1401 et‘
3536 1348 3760 1418 conspi-

495 1442 609 1483 cua:
655 1426 1073 1482 resurrectionis
1100 1433 1362 1493 tropaeum
1395 1426 1646 1501 omnibus
1666 1426 2011 1484 ostendisset.
2048 1446 2069 1481 ι

1064 1514 1291 1573 CAPUT
1317 1515 1515 1573 XXIV.

919 1608 994 1664 De
1019 1609 1205 1664 ordine
1228 1607 1660 1678 Evangeliorum.

562 1702 743 1758 llaeca
769 1698 1048 1756 Clemente
1077 1698 1300 1767 scripta,
1344 1697 1398 1751 in
1460 1698 1605 1753 hunc
1665 1696 1847 1767 operis
1900 1698 2072 1753 nostri

493 1797 673 1849 locum
708 1790 1065 1860 coniecimus,
1106 1796 1219 1843 tum
1251 1788 1318 1844 ad
1348 1788 1599 1843 notitiam
1630 1802 1836 1852 rerum.
1861 1796 1974 1844 tum
2004 1789 2071 1845 ad

493 1885 782 1941 utilitatem
813 1881 1108 1952 legentium
1157 1878 1459 1951 profutura.
1494 1877 1615 1935 Jam
1655 1895 1785 1936 vero
1831 1880 2070 1953 ejusdem

492 1974 725 2047 apostoli
766 1973 992 2042 scripta,
1035 1986 1157 2041 quae
1197 1971 1443 2026 omnium
1490 1985 1758 2027 consensu
1810 1972 1859 2028 ei
1902 1972 2073 2027 ascri-

490 2068 697 2123 buutur
726 2078 1133 2121 recenseamus.
1166 2063 1234 2119 Et
1258 2064 1434 2132 primo
1457 2064 1674 2134 quidem
1721 2063 2069 2135 Evangelium

490 2156 664 2228 ipsius
696 2156 966 2210 universis
993 2168 1090 2224 per
1134 2154 1323 2210 orbem
1375 2163 1645 2207 terrarum
1680 2145 1939 2208 Ecclesi‘is
1973 2169 2070 2207 no-

491 2247 765 2301 tissimum
809 2245 930 2301 sine
970 2245 1077 2300 ulla
1138 2244 1471 2300 dubitatione
1518 2243 1915 2310 suscipiendum
1964 2253 2069 2301 est.

490 2342 644 2409 Quod
670 2356 801 2397 vero
829 2352 980 2397 recte
1008 2350 1061 2396 et
1088 2356 1210 2396 cum
1259 2339 1471 2395 ratione
1501 2347 1696 2409 quarto
1740 2337 1869 2394 illud
1923 2336 2065 2404 loco,

486 2417 610 2505 post
638 2433 803 2489 trium
851 2432 1080 2487 aliorum
1134 2430 1482 2502 Evangeliaa
1510 2430 1785 2484 veteribus
1836 2428 2069 2485 colloca-

486 2539 602 2581 tum
649 2526 742 2591 sit,
783 2525 1003 2595 planum
1061 2523 1153 2577 (iet
1180 2523 1284 2578 hoc
1338 2525 1520 2578 modo.
1566 2519 1936 2576 Admirabiles
1987 2520 2065 2575 illi

485 2632 822 2687 prorsusque
890 2616 1060 2672 divini
1103 2612 1333 2685 apostoli
1370 2613 1680 2671 Servatoris
1707 2610 1917 2680 nostri,
1940 2628 2063 2668 cum

484 2717 669 2764 essent
732 2708 844 2763 vita
925 2706 1143 2777 quidem
1209 2719 1276 2760 ac
1332 2704 1580 2761 moribus
1637 2702 2060 2775 castigatissimi,

486 2809 543 2857 et
576 2800 830 2856 omnibus
861 2799 1161 2856 virtutibus
1197 2800 1397 2862 Ornati,
1424 2812 1678 2854 sermone
1716 2806 1898 2853 autem
1946 2797 2063 2865 ipso

2680 1520 3078 1598 ΚΕφΑΑΑιοΝ
3115 1524 3241 1579 ΚΔν.

2172 1609 2311 1677 Περὶ
2328 1608 2438 1678 τῆς
2453 1607 2675 1675 τάξεως(
2688 1608 2809 1664 τῶν
2822 1612 3207 1682 Εὑαγγελίων
3221 1612 3363 1685 (Nic.
3380 1614 3453 1670 Π.
3474 1616 3540 1671 Ε.
3562 1635 3624 1679 η.
3641 1621 3756 1692 45).

2241 1698 2426 1753 Ταῦτα
2448 1698 2543 1753 τοῦ
2571 1700 2906 1771 Κλήμεντος,
2935 1702 3176 1775 ἱστορίας
3196 1703 3332 1775 ὁμοῦ
3363 1708 3459 1762 καὶ
3479 1708 3757 1779 ὠφελείας

2169 1789 2271 1859 τῆς
2298 1790 2406 1843 τῶν
2439 1788 2834 1861 ἐντευξομένων
2862 1791 3077 1859 ἕνεκεν,
3126 1795 3360 1852 ἐνταῦθά
3401 1816 3496 1871 μοι
3528 1801 3755 1858 κείσθω.

2168 1881 2306 1952 Φέρε
2337 1880 2393 1933 δὲ
2426 1882 2522 1934 καὶ
2549 1881 2703 1935 τοῦδε
2735 1882 2827 1936 τοῦ
2866 1884 3168 1941 ἀποστόλου
3191 1887 3293 1951 τὰς
3323 1891 3756 1966 ἀναντιρῤήτους

2171 1973 2649 2046 ὑποσημηνώμεθα
2680 1976 2791 2049 (25)
2827 1976 3063 2049 γραφάς.
3110 1982 3219 2035 Καὶ
3261 1981 3325 2055 δὴ
3385 1983 3446 2038 τὸ
3497 1990 3621 2040 κατ’
3663 1988 3761 2042 αύ-

2168 2065 2262 2120 τδν
2289 2065 2657 2137 Εὐαγγέλιον
2692 2070 2811 2135 ταῖς
2839 2072 2942 2127 ύπδ
2974 2071 3064 2128 τὸν
3099 2073 3322 2141 οὐρανὸν
3360 2075 3752 2148 διεγνωσμένον

2184 2156 2542 2229 Ἐκκλησίαις,
2568 2156 2778 2230 πρῶτον
2801 2157 3232 2231 ἀνωμολογήσθω
3252 2158 3518 2229 (24).Ὅτι
3545 2177 3612 2230 γε
3640 2163 3748 2232 μὴν

2169 2247 2406 2318 εὐλόγως
2455 2244 2593 2321 πρὸς
2640 2249 2749 2304 τῶν
2800 2250 3046 2322 ἀρχαίων
3084 2250 3143 2304 ὲν
3173 2252 3412 2324 τετάρτῃ
3447 2250 3616 2324 μοίρᾳ
3644 2251 3757 2304 τῶν

2169 2340 2344 2394 ἄλλων
2375 2339 2544 2411 τριῶν
2563 2338 2926 2404 κατείλεκται,
2957 2339 3129 2412 ταύτῃ
3156 2340 3223 2396 ἂν
3254 2341 3463 2410 γένοιτο
3485 2341 3665 2413 δῆλον.
3689 2342 3755 2396 0i

2168 2430 2447 2485 θεσπέσιοι
2494 2431 2590 2484 καὶ
2619 2430 2695 2495 ὼς
2731 2429 2946 2501 άληθῶς
2994 2430 3335 2502 Θεοπρεπείς,
3385 2432 3530 2503 φημὶ
3565 2431 3625 2485 δὲ
3656 2429 3754 2483 τοῦ
3813 2454 3830 2471 ι

2165 2520 2400 2593 Χριστοῦ
2432 2522 2558 2586 τοὺς
2584 2520 2933 2585 ἀποστόλους,
2978 2521 3070 2575 τὸν
3101 2520 3212 2592 βίον
3254 2522 3440 2593 ἄκρως
3472 2520 3755 2594 κεκαθαρ-

2169 2612 2342 2684 μένοι,
2377 2613 2471 2667 καὶ
2490 2614 2657 2685 ἀρετῇ
2687 2613 2837 2686 πάσῃ
2853 2613 2951 2676 τὰς
2976 2612 3153 2684 ψυχὰς
3176 2612 3582 2684 κεκοσμημένοι
3605 2652 3622 2677 ,
3652 2612 3755 2685 τὴν

2163 2703 2221 2759 δὲ
2250 2704 2494 2774 γλῶτταν
2531 2705 2916 2772 ἰδιωτεύοντες,
2946 2708 3011 2777 τῇ
3033 2722 3099 2774 γε
3136 2705 3242 2777 μὴν
3273 2705 3412 2777 πρὸς
3440 2705 3536 2759 τοῦ
3570 2705 3751 2775 Σωτῆα

2168 2815 2257 2871 ρος
2286 2799 2470 2862 αὐτοῖς
2493 2798 2842 2871 δεδωρημένῃ
2870 2796 2988 2870 Θείιι⁸
3014 2798 3109 2851 καὶ
3148 2796 3564 2869 πα-ραδοξοποιῷ
3589 2799 3752 2853 δυνάά

484 2892 650 2947 rudes
675 2900 859 2947 essent
880 2901 1047 2962 atque
1084 2892 1270 2947 inculti
1306 2908 1320 2946 :
1358 2889 1481 2945 l‘reti
1511 2889 1692 2944 divina
1744 2898 1799 2944 et
1836 2887 2059 2944 miriﬁca

2170 2909 2263 2965 μει
2293 2889 2640 2963 θαρσοῦντες,
2670 2889 2733 2943 τὸ
2766 2890 2865 2960 μὲν
2887 2891 2946 2943 ὲν
2973 2890 3220 2963 περινοίᾳ
3253 2890 3348 2943 καὶ
3382 2890 3554 2964 τέχνῃ
3575 2890 3751 2961 λόγων

482 2983 691 3039 virtute
723 2982 854 3051 ipsis
893 2998 923 3037 a
956 2983 1248 3038 Servatore
1275 2996 1559 3047 concessa,
1604 2980 1903 3037 artiﬁcioso
1935 2996 2059 3035 ver-

483 3075 676 3130 borum
707 3084 904 3130 ornatu
941 3073 1181 3144 Magistri
1212 3075 1299 3130 sui
1337 3087 1608 3146 praecepta
1647 3086 1925 3146 exponere
1969 3087 2062 3127 ne-

483 3178 590 3235 que
613 3175 903 3227 noverant,
930 3179 1111 3235 neque
1159 3167 1288 3221 item
1328 3164 1691 3220 conabantur.
1752 3163 1858 3219 Sed
1907 3162 2062 3231 adjuo

478 3259 659 3314 rantis
690 3257 837 3329 ipsos
872 3256 1106 3327 Spiritus
1136 3258 1313 3313 sancti
1356 3257 1842 3324 demonstratione,
1871 3266 1921 3310 et
1949 3257 2061 3310 vir—

483 3357 597 3404 tute
630 3349 831 3405 Christi
861 3364 981 3418 quae
1010 3364 1109 3418 per
1147 3348 1293 3418 ipsos
1323 3347 1556 3418 plurima
1589 3347 1937 3417 perpetrabat
1959 3346 2063 3400 nti-

482 3440 690 3505 racula,
728 3440 1097 3495 tantummodo
1132 3450 1374 3505 utentes,
1401 3439 1657 3493 notitiam
1687 3436 1838 3508 regni
1888 3436 2056 3492 caelo-

484 3548 605 3588 rum
631 3533 751 3587 orbi
807 3541 1074 3586 terrarum
1125 3531 1468 3586 nuntiabant.
1518 3527 1705 3600 Neque
1747 3543 1891 3583 curas
1948 3527 2060 3583 illis

482 3633 605 3678 erat
639 3622 804 3678 libros
827 3623 1092 3688 scribere,
1118 3621 1319 3691 quippe
1342 3620 1436 3690 qui
1478 3618 1639 3691 longe
1679 3620 2059 3689 praestantiore

482 3715 793 3770 ministerio
831 3723 886 3767 et
916 3727 1079 3782 supra
1128 3712 1392 3766 humanas
1429 3711 1575 3766 vires
1631 3711 1806 3781 posito
1862 3706 2056 3779 funge-

482 3815 692 3861 rentur.
732 3804 935 3859 Paulus
967 3814 1115 3859 certe
1138 3804 1230 3872 qui
1278 3804 1418 3858 inter
1446 3816 1638 3859 omnes
1670 3802 1946 3871 apostolos
2002 3810 2058 3857 et

479 3900 776 3955 verborum
814 3908 1076 3969 apparatu
1106 3911 1161 3953 et
1183 3897 1575 3952 sententiarum
1622 3897 1861 3966 pondere
1900 3896 2057 3951 facile

480 3990 791 4061 praestabat,
825 4001 1021 4061 praeter
1043 3991 1419 4059 'paucissimas
1458 3988 1728 4059 Epistolas
1762 3987 1893 4044 nihil
1940 4002 2058 4043 om-

482 4082 614 4135 nino
638 4080 903 4149 scriptum
941 4079 1160 4149 reliquit
1197 4098 1211 4134 :
1247 4080 1457 4136 tametsi
1484 4081 1762 4134 innumera
1795 4079 2056 4149 mysteria

477 4184 751 4240 exponere
802 4170 1054 4239 potuerit,
1111 4173 1309 4242 quippe
1365 4170 1456 4241 qui
1514 4171 1582 4225 ad
1639 4184 1824 4225 earum
1872 4184 2051 4224 rerum

2162 2982 2231 3037 τὰ
2258 2982 2349 3036 τοῦ
2375 2981 2694 3036 διδασκάλου
2717 2981 3012 3053 μαθήματα
3032 2980 3375 3052 πρεσϐεύειν,
3403 2981 3531 3035 οὒτε
3552 2980 3753 3053 ᾔδεσαν

2162 3071 2287 3127 οὔτε
2319 3072 2644 3145 ἐνεχείρουνο
2668 3075 2735 3145 τῇ
2761 3071 2817 3125 δὲ
2843 3071 2936 3126 τοῦ
2963 3070 3108 3126 θείου
3139 3071 3455 3143 Πνεύματος
3495 3075 3594 3127 τοῦ
3620 3092 3749 3128 συν-

2163 3164 2455 3238 εργοῦντος
2511 3164 2694 3229 αὐτοῖς
2726 3164 3020 3231 ἀποδείξει,
3049 3163 3144 3217 καὶ
3171 3167 3236 3236 τῇ
3264 3164 3332 3217 δι’
3355 3165 3538 3219 αὐτῶν
3563 3183 3752 3223 συντε-

2160 3257 2393 3330 λουμένῃ
2441 3254 2838 3328 θαυματουργῷ
2888 3253 2983 3308 τοῦ
3029 3253 3266 3327 Χριστοῦ
3325 3255 3556 3327 δυνάμει
3610 3258 3751 3331 μόνῃ

2161 3348 2452 3422 χρώμενοι,
2481 3348 2581 3420 τῆς
2602 3347 2711 3403 τῶν
2732 3346 2977 3419 οὐρανῶν
2999 3346 3274 3418 βασιλείας
3295 3343 3394 3419 τὴν
3421 3348 3630 3417 γνῶσιν
3654 3351 3750 3402 ἐπὶ

2162 3436 2344 3489 πᾶσαν
2394 3433 2762 3507 κατήγγελλον
2805 3436 2904 3507 τὴν
2955 3435 3297 3508 οἰκουμένην,
3360 3438 3601 3509 σπουδῆς
3647 3438 3749 3507 τῆς

2160 3528 2288 3597 περὶ
2318 3526 2379 3581 τὸ
2425 3527 2780 3597 λογογραφεῖν
2836 3526 3039 3599 μικρὰν
3092 3528 3406 3598 ποιούμενοι
3458 3529 3743 3601 φροντίδα.

2159 3620 2271 3672 Καὶ
2289 3618 2432 3672 τοῦτ’
2465 3618 2752 3692 ἔπραττον,
2783 3618 2877 3673 ἅτε
2926 3618 3128 3689 μείζονι
3158 3620 3254 3673 καὶ
3284 3619 3425 3692 ὑπὲρ
3454 3620 3749 3693 ἄνθρωπον

2159 3710 2329 3783 ἀξυπη
2338 3710 2491 3785 ρετού
2498 3728 2649 3782 μενοι
2664 3712 2925 3783 διακονίᾳ.
2952 3712 3010 3765 '0
3022 3712 3151 3780 γοῦν
3164 3711 3374 3776 Παῦλος
3392 3713 3611 3767 πάντων
3629 3714 3747 3787 (ἓὸ)

2159 3805 2216 3859 ἓν
2228 3806 2548 3876 παρασκευῇ
2562 3802 2734 3873 λόγων
2746 3802 3133 3867 δυνατώτατος,
3150 3805 3242 3875 νοή
3253 3803 3383 3874 μασξ
3396 3821 3456 3856 τε
3480 3804 3749 3858 ἱκανώτα-

2156 3913 2247 3961 τος
2260 3894 2516 3965 γεγονὼς,
2538 3895 2598 3949 ού
2616 3895 2774 3949 πλέον
2790 3895 2897 3949 τῶν
2915 3896 3263 3967 βραχυτάτων
3291 3893 3746 3967 Ἐπιστολῶν(ἳ6)

2157 3991 2340 4061 γραφῇ
2358 3987 2725 4059 παραδέδωκε,
2750 3986 2924 4042 καίτοι
2945 3988 3114 4059 μυρία
3129 4004 3192 4057 γε
3216 3988 3310 4041 καὶ
3328 3988 3620 4061 ἀπόρρητα
3650 3988 3745 4042 λέ-

2156 4097 2274 4150 γειν
2289 4079 2448 4150 ἔχων,
2468 4078 2563 4132 ἆτε
2581 4080 2689 4133 τῶν
2710 4080 2899 4151 μέχρις
2915 4078 3144 4151 ούρανοῦ
3160 4079 3342 4147 τρίτου
3365 4079 3745 4152 θεωρημάτων

2156 4168 2483 4239 ἐπιψαύσας,
2531 4170 2619 4223 ἐπ’
2644 4169 2806 4223 αὐτόν
2842 4187 2901 4223 τε
2948 4168 3038 4223 τὸν
3084 4168 3364 4241 θεοπρεπῆ
3407 4171 3748 4242 παράδεισον

480 4277 599 4333 qua:
625 4261 677 4316 in
708 4262 867 4317 tertio
912 4272 1040 4316 sunt
1074 4262 1252 4330 caelo,
1313 4262 1827 4334 contemplationem
1876 4262 2040 4330 perti-

2164 4261 2543 4334 ὶναρπασθεὶς,
2574 4262 2790 4317 καὶτῶν
2807 4265 2985 4316 ἐκεῖσε
3013 4262 3273 4334 ῥημάτων
3298 4263 3556 4335 ἀρρήτων
3578 4263 3745 4328 ἀξιω-

477 4446 758 4520 reductum
775 4447 1067 4505 fuissezérri.
1088 4447 1187 4519 τὴν
1201 4448 1523 4520 Ἐκκλησίαν
1543 4450 1879 4519 ἐπανήγαγε.
1907 4448 2057 4516 Quod

479 4520 526 4591 si
568 4520 668 4572 hoc
723 4518 840 4572 loco
890 4518 1151 4591 legamus
1187 4518 1599 4591 ἀποκατέστησε
1637 4518 1713 4591 τῇ
1741 4520 2053 4591 Ἐκκλησία,

476 4589 657 4659 inepta
683 4591 789 4641 erit
814 4601 878 4659 ac
904 4587 1176 4659 superﬂua
1206 4589 1447 4654 ejusdem
1488 4587 1567 4644 rei
1622 4587 1898 4659 repetitio.
1927 4587 2056 4644 ne.-

479 4656 717 4725 spondeo
744 4658 1033 4713 restituere
1064 4656 1316 4711 Ecclesiae
1346 4675 1451 4714 non
1478 4660 1619 4714 idem
1652 4656 1773 4714 esse
1795 4676 1858 4715 ac
1891 4663 2055 4715 redu-

478 4742 603 4781 cere
644 4729 697 4780 in
744 4727 1065 4782 Ecclesiam.
1107 4727 1412 4782 lieducitur
1442 4732 1587 4784 enim
1626 4730 1693 4784 ad
1727 4731 2051 4797 Ecclesiam,

478 4798 571 4870 qui
596 4797 969 4870 pmnitentiant
1001 4808 1251 4870 acturum
1273 4813 1489 4870 seresse
1518 4802 1840 4870 profitetur;
1882 4802 2049 4855 resti-

481 4866 658 4920 tuitur
682 4870 877 4941 autem
908 4867 1168 4921 Ecclesia:
1196 4867 1243 4941 is
1270 4869 1386 4936 qui,
1406 4940 1412 4941 γ
1430 4866 1649 4941 peracta
1701 4866 2051 4941 paenitentia,

480 4936 968 5009 reconciliatoriam
1003 4952 1196 5009 manus
1223 4936 1627 5009 itnpositionem
1672 4936 1907 5009 accepit.

550 5003 1262 5081 (25)_'1‘:roanynrcbyeﬂq
1303 5003 1565 5079 γραφάς.
1636 5003 1826 5081 Magis
1874 5009 2055 5080 piaret

484 5075 653 5155 altera
692 5077 852 5155 lectio
885 5092 1045 5155 quain
1088 5075 1265 5145 reperi
1319 5075 1593 5155 inmodice
1643 5075 1813 5155 Mai,
1852 5075 2045 5155 ε’πισητ

486 5143 809 5217 μηνώμεθα,
855 5145 941 5199 cui
972 5146 1102 5217 iere
1144 5143 1416 5202 consentit
1465 5150 1635 5203 codex
1678 5143 1894 5211 Medic.,
1945 5143 2049 5205 ni'si

482 5214 627 5288 quod
649 5214 1139 5288 ’ἐπισημεινώμεθα
1162 5218 1638 5288 scriptumbabet.
1671 5222 1740 5274 At
1763 5221 1817 5274 iu
1857 5219 2047 5276 codice

482 5283 617 5341 Fuk.
648 5283 906 5352 scripturn
932 5283 1013 5339 est
1039 5283 1530 5356 ὲπισημεὶώμεθα.ι

566 5358 677 5431 (24)
706 5357 868 5431 vulg.
899 5358 1011 5415 Kal
1048 5358 1131 5431 δὴ
1310 5354 1380 5414 τὸ
1414 5354 1543 5431 κατ’
1584 5356 1772 5431 αὑτὸν
1813 5356 2072 5431 Εὐαγγέ-

486 5426 691 5485 λιον.ζ.
714 5426 1208 5501 ἀνοὶιολογήσθω.
1229 5428 1512 5501 Posterius
1534 5426 1626 5482 καί
1654 5427 2068 5501 expungendum

487 5509 610 5563 est,
639 5498 838 5569 utpore‘
865 5498 1105 5570 ineptum
1151 5515 1217 5555 ac
1251 5499 1607 5570 superﬂuum.
1653 5498 1840 5570 Abesu
1859 5505 2005 5570 certe
2035 5512 2067 5551 a

491 5569 666 5624 tribus
703 5565 908 5626 nostris
957 5565 1237 5625 codicibus
1270 5565 1436 5624 Μὲη..
1479 5568 1615 5623 Med.
1664 5576 1717 5620 ct
1748 5565 2067 5622 Fuketiano.

492 5637 850 5710 Scribendum
902 5656 1121 5710 quoque
1170 5639 1641 5710 ἁνωμολογήσθω,
1674 5638 1935 5710 producta
1981 5651 2068 5692 se~

490 5708 665 5764 cunda
704 5706 934 5776 syllaba;
976 5706 1111 5768 sicut
1155 5712 1209 5765 in
1236 5706 1731 5771 iisdcm’c'odicibus
1768 5706 2021 5763 habetur.

2232 4445 2346 4518 (25)
2382 4445 2433 4499 Ὀ
2486 4446 2637 4516 γοῦν
2695 4448 2936 4513 Παῦλος
2987 4445 3247 4501 πάντων.
3288 4446 3474 4518 Codic.
3517 4447 3655 4502 Maz.
3683 4462 3747 4504 et

2162 4516 2300 4603 μου.
2330 4516 2525 4606 γοεειιι
2544 4520 2900 4606 ιίιιιθιᾮκειηιηι
2924 4519 3240 4606 ho‘clmodq,
3288 4518 3345 4572 '0
3366 4516 3500 4606 γοῦν
3523 4520 3747 4606 Παύλος

2157 4586 2232 4641 ὢν
2261 4586 2499 4659 πάντων
2541 4589 2599 4642 ὲν
2630 4589 2954 4659 παρασκευῇ
2995 4586 3170 4655 λόγων
3196 4586 3589 4652 δυνατώτατος.
3629 4592 3747 4645 Sed

2157 4658 2291 4744 nihil
2325 4672 2459 4727 opus
2487 4670 2573 4712 est
2605 4661 2707 4713 hac
2739 4672 2889 4724 voce,
2918 4658 3042 4713 eum
3072 4667 3336 4726 sequatur
3367 4660 3595 4713 verbum
3639 4675 3747 4727 γε-

2193 4745 2348 4791 ονως.

2155 4744 2348 4868 γοῖἕξ)
2384 4800 2466 4851 Οὐ
2518 4800 2709 4852 πλέον
2764 4798 2884 4852 τῶν
2926 4795 3325 4868 βραχυτάτων
3368 4797 3746 4853 ἐπιστολῶν.

2153 4866 2480 4936 Ambiguum
2525 4880 2611 4939 est
2658 4878 2835 4922 utrum
2888 4866 3093 4939 paucas
3125 4882 3194 4939 a_n
3222 4867 3420 4939 breves
3458 4868 3748 4938 Epistolas

2155 4940 2287 4992 velit
2313 4940 2518 4993 dicere.
2546 4937 2854 5006 Utrumque
2883 4936 3028 4993 enim
3056 4937 3123 4992 de
3148 4936 3300 4991 Pauli
3329 4936 3590 5006 Epistolis
3616 4939 3745 4995 dici

2153 5017 2333 5076 potest
2362 5023 2504 5079 :eas
2528 5008 2741 5063 scilicet
2767 5018 2819 5063 et
2846 5021 3050 5077 paucas
3064 5022 3207 5074 esse,
3232 5009 3432 5079 quippe
3453 5024 3575 5079 qua:
3593 5023 3751 5078 qua-

2156 5078 2458 5133 tuordecim
2492 5093 2775 5133 numerum
2828 5093 2934 5132 non
2984 5079 3248 5133 excedant
3282 5094 3296 5131 :
3330 5078 3387 5133 et
3409 5078 3625 5143 breves.
3656 5080 3748 5133 iis

2151 5146 2392 5273 guidem,
2420 5152 2513 5217 qui
2536 5147 2659 5203 illas
2697 5147 2784 5216 pie
2813 5163 2878 5203 ac
2907 5148 3157 5216 religiose
3182 5148 3538 5217 perlegerim.
3566 5150 3749 5203 Certe

2201 5219 2411 5273 riaenes
2430 5231 2523 5272 eas
2545 5217 2920 5273 ὀλιγοστίγους
2952 5227 3110 5272 vocat
3131 5217 3185 5271 in
3222 5217 3318 5273 lib.
3352 5232 3381 5270 v
3419 5218 3745 5273 Exposuit)-

2201 5219 2411 5286 rigenes
2430 5231 2523 5272 eas
2545 5217 2920 5287 ὀλιγοστίχους
2952 5227 3110 5287 vocat
3131 5217 3185 5271 in
3222 5217 3318 5273 lib.
3352 5232 3381 5270 v
3419 5218 3745 5287 Expositio-

2151 5302 2277 5357 num
2303 5288 2357 5341 in
2381 5286 2727 5356 Evangelium
2771 5286 3017 5342 Joannis.
3043 5286 3294 5357 Origenis
3318 5287 3483 5343 verba
3505 5286 3571 5342 εἰ
3604 5289 3751 5355 quis

2150 5355 2330 5427 legere
2368 5355 2659 5427 desiderat,
2688 5358 2960 5412 habentur
2990 5358 3130 5413 infra
3150 5355 3214 5411 in
3241 5358 3341 5413 ltb.
3368 5373 3442 5421 Vl,
3479 5373 3601 5427 eap.
3628 5358 3747 5411 25.

2148 5424 2421 5498 ln'codice
2466 5426 2602 5484 Fuk.
2643 5429 2732 5482 hic
2779 5428 2947 5498 locus
2988 5428 3060 5481 ita
3110 5430 3444 5498 perscriptus
3492 5424 3575 5482 est
3606 5445 3618 5479 :
3645 5429 3745 5479 Οὐ

2147 5495 2309 5569 πλέον
2332 5498 2439 5551 τῶν
2479 5498 2833 5569 βραχυτάτων
2867 5496 2990 5553 ίδῶν
3028 5495 3359 5552 Ἐπιστολῶν
3384 5498 3570 5569 γραφῇ
3611 5511 3747 5547 πα·-

2152 5566 2490 5636 ραδέδωκεν,
2516 5566 2619 5623 ubi
2660 5568 2782 5621 ίδῶν
2828 5571 3217 5637 compendiosa
3268 5566 3567 5624 scribendi"
3592 5577 3745 5620 nuta

2150 5638 2386 5706 positum
2410 5649 2492 5696 est
2523 5654 2622 5709 pro
2650 5638 3094 5711 δεκατεσσάρων.
