3894 6482
504 292 619 391 9.67.

512 468 669 522 rant,
715 456 768 513 in
804 456 1152 529 Evangeliutn
1198 475 1355 511 suum
1414 457 1714 525 conjecisse
1765 476 1779 511 :

507 548 629 617 ipso
658 546 886 603 indicari
916 547 1147 615 primum
1175 561 1297 600 cum
1332 546 1497 601 dicit:
1535 565 1553 596 ι
1582 546 1693 600 lloc
1728 546 1940 600 initium
1975 547 2077 599 nti-

507 638 815 694 raculorum
840 636 1157 703 fecitJesus;
1193 656 1212 689 ι
1246 634 1575 691 deindecurn
1606 638 1659 692 in
1688 638 1803 707 ipso
1825 637 1935 706 jam
1963 654 2081 707 pro-

505 742 695 799 gressu
726 727 1058 782 narrationis
1090 742 1269 781 rerutn
1302 740 1332 780 a
1363 724 1490 782 Jesu
1519 736 1818 798 gestarum,
1848 730 2082 783 mentio-

506 836 632 877 nem
695 821 967 876 interserit
994 817 1216 873 Joannis
1244 817 1501 887 Baptistae
1529 829 1784 891 tanquam
1814 821 1869 874 itt
1896 818 2077 875 IEuon

495 912 653 982 juxta
681 911 792 984 96
819 911 996 965 Saletn
1025 909 1308 964 etiamtum
1363 910 1715 979 baptizantis.
1754 909 1907 978 Quod
1955 910 2076 980 qui-

503 1007 628 1062 dem
684 1004 1024 1075 apertissime
1067 1003 1308 1058 ostendit
1364 1004 1447 1059 his
1477 1005 1695 1060 verbis:
1729 1023 1749 1057 t
1802 1003 2076 1069 Nondum,

503 1096 710 1166 inquit,
771 1093 1011 1151 Joannes
1063 1094 1342 1164 coniectus
1395 1104 1514 1149 erat
1566 1096 1620 1149 iu
1698 1111 1995 1151 carcerem.
2051 1114 2071 1147 ι

500 1187 735 1245 Proinde
768 1185 1010 1242 Joannes
1044 1186 1268 1255 quidem
1302 1201 1391 1241 res
1423 1200 1454 1240 a
1490 1186 1711 1243 Christo
1740 1196 1924 1260 gestas
1970 1187 2076 1257 pri-

499 1294 731 1348 usquam
785 1277 1025 1333 Joannes
1096 1277 1337 1347 Baptista
1409 1280 1681 1334 custodire
1735 1279 2076 1348 mancipatus

496 1369 712 1435 fuisset,
743 1370 1040 1440 Evangelio
1084 1385 1184 1425 suo
1237 1370 1636 1441 complectitur.
1690 1370 1903 1441 Reliqui
1942 1386 2077 1430 vero.

498 1473 611 1521 tres
650 1464 999 1532 evangelisue
1038 1478 1125 1519 res
1146 1462 1347 1519 Christi
1387 1472 1591 1532 gestas,
1631 1480 1699 1519 ex
1752 1479 1858 1533 quo
1891 1463 2075 1532 Bapti-

499 1564 583 1608 sta
634 1553 917 1623 coniectus
975 1563 1060 1610 est
1115 1553 1169 1610 in
1247 1569 1559 1619 carcerem,
1652 1563 2069 1625 persequuntur.

497 1647 652 1715 Quod
679 1648 994 1718 quicunque
1016 1646 1283 1702 attentius
1310 1646 1708 1710 observaverit,
1729 1662 2069 1717 nequaquam

495 1740 787 1810 Evangelia
817 1740 961 1795 inter
1008 1754 1070 1795 se
1104 1740 1372 1797 dissidere
1404 1741 1634 1811 posthac
1685 1739 2021 1795 existimabit
2050 1758 2063 1795 :

494 1829 694 1900 quippe
739 1846 864 1887 cum
911 1828 1141 1885 Joannis
1182 1829 1401 1900 quidem
1453 1828 1803 1901 Evangelium
1853 1830 2066 1884 initium

494 1931 713 1976 actuum
758 1921 986 1987 Christi,
1019 1931 1212 1977 cmtera
1242 1930 1423 1977 autem
1470 1921 1758 1991 Evangelia
1791 1921 2070 1989 sequentis

495 2012 757 2082 temporis
786 2013 1075 2069 historiam
1122 2014 1465 2070 contineant.
1515 2013 1583 2067 Et
1614 2014 1809 2069 seriem
1847 2014 2064 2083 quidem

493 2103 665 2173 ipsam
694 2103 911 2173 generis
940 2103 1147 2160 Christi
1174 2103 1472 2159 secundum
1515 2120 1759 2170 carnem,
1811 2116 1998 2175 utpote
2038 2123 2067 2161 a

490 2192 748 2249 Mattham
774 2203 826 2249 ct
856 2193 1002 2249 Luca
1045 2195 1199 2265 prius
1237 2196 1521 2263 traditam,
1570 2195 1813 2252 Joannes
1868 2198 2066 2253 merito

491 2286 866 2356 praetermisit.
911 2285 994 2342 Ab
1023 2286 1138 2353 ipsa
1170 2300 1303 2340 vero
1346 2286 1463 2357 ejus
1499 2286 1783 2343 divinitate
1833 2289 2065 2358 sumpsit

492 2379 730 2444 initium,
760 2379 957 2450 quippe
988 2393 1109 2448 quae
1138 2393 1168 2432 a
1196 2377 1403 2450 Spiritu
1436 2387 1625 2434 sancto
1660 2380 1761 2448 ipsi
1809 2390 2065 2451 tanquam

489 2472 858 2541 prmstantiori
890 2470 1077 2526 inisset
1122 2480 1423 2527 reservata.
1454 2472 1635 2542 Atque
1659 2472 1775 2528 haec
1803 2474 1871 2527 de
1899 2472 2067 2529 Joan-

491 2564 579 2617 nis
620 2563 913 2633 Evangelio
960 2563 1102 2618 dicta
1158 2564 1271 2619 sint
1328 2579 1357 2619 a
1412 2564 1591 2620 nobis.
1643 2565 1886 2621 Marcum
1937 2582 2066 2621 vero

487 2669 736 2724 quaenam
763 2670 924 2710 causa
952 2654 1017 2709 ad
1049 2648 1393 2711 scribendum
1421 2656 1722 2727 impulerit,
1750 2656 1865 2727 jam
1901 2674 2065 2728 supe-

487 2743 601 2800 rius
631 2745 1072 2802 commemoravi.
1106 2746 1177 2800 At
1216 2745 1391 2803 Lucas
1422 2748 1476 2803 in
1521 2749 1636 2817 ipso
1672 2749 1951 2820 Evangelii
1981 2751 2063 2805 sui

484 2836 713 2889 exordio
744 2850 863 2905 qua:
910 2827 1186 2892 scribendi
1234 2836 1336 2893 sibi
1389 2852 1551 2893 causa
1600 2849 1748 2896 esset
1787 2841 2061 2911 exposuit.

486 2927 578 2981 Ait
602 2929 745 2983 enim
783 2927 982 2984 multos
1012 2937 1216 2985 temere
1248 2939 1417 2999 atque
1446 2930 1825 3001 imprudenter
1845 2949 2067 3005 aggres-

484 3029 578 3071 sos
607 3015 773 3072 fuisse
805 3018 1170 3073 narrationem
1200 3033 1390 3073 earum
1426 3034 1612 3076 rerum
1646 3036 1783 3091 quas
1820 3024 1936 3093 ipse
1962 3038 2060 3078 cx-

485 3109 730 3182 ploratas
765 3110 988 3167 haberet
1022 3130 1036 3168 :
1072 3127 1135 3167 ac
1167 3111 1396 3181 proinde
1433 3127 1492 3168 se
1532 3115 1854 3170 necessitate
1886 3114 2059 3170 addu-
2086 3148 2130 3206 ο

481 3209 651 3265 ctum,
683 3210 741 3256 ut
774 3216 870 3258 nos
898 3203 967 3258 ab
994 3203 1217 3261 incertis
1243 3205 1596 3277 opinionibus
1621 3205 1903 3271 liberaret,
1932 3221 2051 3263 cer-

483 3295 748 3352 tissimam
799 3312 865 3352 ac
911 3296 1284 3355 ﬁdelissimam
1333 3300 1700 3355 narrationem
1734 3315 1923 3356 earum
1970 3314 2059 3356 re-

481 3401 628 3451 rum,
659 3402 889 3455 quarum
922 3388 1037 3458 ipse
1074 3388 1368 3445 veritatem
1396 3390 1593 3460 partim
1623 3405 1692 3446 ex
1721 3388 1879 3446 Pauli
1920 3404 2057 3447 cou-

479 3479 754 3545 tubernio,
799 3479 995 3548 partim
1040 3496 1106 3536 ex
1161 3482 1491 3551 reliquorum
1522 3482 1897 3550 apostolorum
1945 3499 2061 3540 ser-

480 3570 735 3625 monibus
785 3571 1065 3639 hauserat,
1117 3573 1410 3641 Evangelia
1461 3588 1560 3629 suo
1611 3576 1922 3634 tradidisse.
1955 3576 2060 3633 Sed

479 3663 597 3719 haec
625 3678 655 3718 a
683 3663 841 3720 nobis
864 3665 1079 3734 quidem
1110 3679 1254 3720 nunc
1283 3666 1423 3719 dicta
1448 3667 1558 3720 sint
1588 3666 1852 3722 hactenus
1879 3684 1895 3732 ;
1923 3667 2057 3722 alias

478 3770 613 3811 vero
647 3756 985 3810 commodius
1013 3756 1195 3812 allatis
1233 3768 1481 3812 veterum
1518 3758 1848 3828 scriptorum
1902 3760 2053 3826 locis,

478 3847 613 3918 quid
645 3845 847 3917 reliqui
879 3847 946 3903 de
975 3847 1163 3902 eodem
1196 3861 1521 3918 argumento
1568 3850 1918 3918 tradiderint,
1959 3852 2054 3907 do—

479 3953 607 3995 cere
642 3938 983 3995 conabimur.
1020 3938 1192 3995 Porro
1223 3942 1365 3995 inter
1393 3940 1620 3996 Joannis
1657 3942 1865 4012 scripta
1912 3959 2053 4014 prae-

480 4039 567 4087 ter
595 4029 969 4100 Evangelium,
1021 4032 1170 4100 prior
1215 4046 1432 4101 quoque
1466 4029 1707 4102 Epistola
1756 4041 1871 4088 tum
1898 4050 1929 4090 a
1964 4051 2052 4090 re-

1213 336 1483 396 EUSEBH
1520 337 1996 395 CESARIENSlS
2033 335 2185 394 OPP.
2228 337 2407 395 PARS
2446 337 2488 393 l.
2534 369 2594 379 -——
2635 336 3028 394 lllSTORlCA.

1824 457 1984 526 idque
2015 456 2082 510 ab
2112 465 2155 514 Α
2182 472 2275 520 τος
2298 459 2355 510 ὲν
2378 456 2552 509 Αἰνὼν
2580 457 2744 525 ἐγγὺς
2772 456 2867 509 τοῦ
2900 456 3092 527 Σαλήμ
3125 455 3258 526 (29)·
3305 454 3496 525 σαφῶς
3529 472 3588 507 τε
3611 455 3772 508 τοῦτο

3659 339 3767 394 963

2183 547 2374 620 δηλοῦν
2400 551 2457 601 ὲν
2483 548 2559 618 τῷ
2587 548 2781 617 λέγειν·
2807 570 2823 597 α
2864 546 3030 601 Οὔπω
3048 548 3156 619 γὰρ
3175 544 3262 619 ἦν,
3288 548 3472 618 φησὶν,
3515 548 3771 620 Ἰωάννης

2184 640 2512 711 βεϐλημένος
2555 642 2634 704 εἰς
2669 639 2931 709 φυλακήν.
2969 659 2987 691 ι
3026 639 3236 693 Οὐκοῦν
3281 642 3309 693 ὁ
3353 640 3455 709 μὲν
3506 638 3769 708 Ἰωάννης

2179 734 2244 802 τῇ
2274 731 2366 784 τοῦ
2388 732 2506 783 κατ’
2530 730 2688 783 αὑτὸν
2721 728 3052 797 Εὐαγγελίου
3085 730 3291 799 γραφῇ,
3322 727 3388 781 τὰ
3415 726 3643 798 μηδέπω
3672 724 3768 778 τοῦ

2181 821 2481 877 Βαπτιστοῦ
2503 825 2580 885 εἰς
2608 820 2848 892 φυλακὴν
2872 820 3033 891 βεόλη
3043 820 3202 890 μένου
3231 820 3369 892 πρὸς
3397 818 3493 872 τοῦ
3525 816 3767 889 Χριστοῦ

2179 915 2492 987 πραχθέντα
2526 912 2909 985 παραδίδωσιν·
2936 913 2985 964 οἱ
3019 912 3075 965 δὲ
3107 912 3282 965 λοιποί
3303 914 3454 983 τρεῖς
3478 910 3766 979 εὐαγγελι-

2181 1008 2323 1070 σταὶ,
2348 1005 2414 1059 τὰ
2451 1005 2588 1076 μετά
2615 1007 2715 1077 τὴν
2744 1007 2821 1068 εἰς
2849 1004 2910 1059 τὸ
2942 1000 3313 1076 δεσμωτήριον
3355 1002 3639 1075 κάθειρξιν
3664 1001 3763 1056 τοῦ

2178 1098 2483 1153 Βαπτιστοῦ
2537 1098 2987 1169 μνημονεύουσιν.
3045 1092 3139 1162 Οἷς
3197 1099 3290 1152 καὶ
3355 1099 3713 1167 ὲπιστήσαντι
3744 1137 3761 1162 ,

2176 1193 2351 1246 οὐκέτ’
2374 1190 2439 1245 ἂν
2460 1189 2606 1254 δόξαι
2636 1191 2921 1259 διαφωνεῖν
2944 1189 3189 1262 ἀλλήλοις
3211 1190 3276 1243 τὰ
3313 1188 3644 1257 Εὐαγγέλια,
3682 1187 3767 1259 τῷ

2174 1283 2236 1337 τὸ
2290 1284 2386 1353 μὲν
2433 1282 2573 1336 κατὰ
2631 1283 2881 1353 Ἰωάννην
2922 1280 2988 1334 τὰ
3029 1281 3220 1352 πρῶτα
3256 1280 3363 1335 τῶν
3389 1279 3483 1335 τοῦ
3520 1277 3763 1350 Χριστοῦ

2176 1374 2426 1446 πράξεων
2468 1374 2762 1445 περιέχειν,
2809 1374 2878 1427 τὰ
2924 1373 2980 1426 δὲ
3026 1372 3186 1426 λοιπὰ
3217 1371 3315 1443 τὴν
3356 1372 3449 1425 ἐπὶ
3480 1371 3626 1424 τέλει
3662 1368 3761 1423 τοῦ

2174 1465 2365 1536 χρόνον
2416 1464 2563 1534 αὐτῷ
2591 1462 2966 1534 γεγενημένην
3017 1462 3275 1532 ἱστορίαν.
3313 1461 3554 1522 Εἰκότως
3588 1460 3632 1512 δ’
3663 1454 3763 1513 οὖν

2171 1556 2269 1627 τὴν
2301 1556 2397 1626 μὲν
2430 1555 2529 1624 τῆς
2565 1555 2765 1625 σαρκὸς
2795 1554 2889 1606 τοῦ
2917 1554 3165 1625 Σωτῆρος
3189 1557 3217 1621 ἦ
3233 1553 3347 1624 μῶν
3373 1551 3726 1621 γενεαλογίαν
3744 1588 3764 1616 ,

2174 1648 2269 1702 an
2296 1647 2561 1717 Ματθαίῳ
2590 1648 2683 1699 καί
2699 1647 2882 1717 Λουκᾷ
2908 1648 3339 1717 προγραφεῖσαν,
3360 1642 3760 1712 ἀποσιωπῆσαι

2171 1741 2262 1794 τὸν
2304 1742 2575 1813 Ἰωάννην,
2618 1740 2719 1809 τῆς
2764 1738 2820 1792 δὲ
2870 1737 3149 1807 Θεολογίας
3196 1735 3569 1808 ἀπάρξασθαι,
3609 1735 3763 1790 ὼσὰν

2171 1833 2317 1903 αὐτῷ
2340 1834 2475 1905 πρὸς
2496 1831 2590 1885 τοῦ
2623 1831 2765 1885 θείου
2804 1829 3120 1900 Πνεύματος
3161 1823 3248 1880 οἷα
3281 1825 3552 1897 κρείττονι
3579 1843 3765 1897 παραρ-

2171 1924 2610 1995 πεφυλαγμένης.
2657 1923 2841 1975 Ταῦτα
2891 1922 2989 1991 μὲν
3033 1914 3127 1972 οὖν
3176 1920 3306 1989 ἡμῖν
3347 1917 3476 1990 περὶ
3530 1912 3631 1987 τῆς
3663 1917 3762 1971 τοῦ

2169 2016 2309 2070 κατὰ
2339 2016 2588 2086 Ἰωάννην
2613 2013 2943 2083 Εὑαγγελίου
2970 2014 3186 2085 γραφῆς
3219 2011 3478 2083 εἰρήσθω.
3516 2014 3631 2066 Καὶ
3657 2013 3763 2083 τῆς
3850 2094 3855 2097 ι

2170 2108 2310 2164 κατὰ
2343 2110 2568 2182 Μάρκον
2600 2109 2656 2162 δὲ
2686 2111 2718 2180 ἡ
2747 2107 3013 2179 γενομένη
3039 2106 3207 2169 αἰτία,
3231 2106 3415 2169 ἐντοῖς
3447 2105 3763 2178 ἔμπροσθεν

2169 2201 2302 2272 ἡμῖν
2331 2201 2643 2273 δεδήλωται.
2692 2201 2749 2254 Ὀ
2781 2200 2838 2253 δὲ
2874 2200 3089 2261 Λουκᾶς
3117 2197 3419 2269 ἀρχόμενος
3460 2198 3555 2251 καὶ
3595 2197 3765 2261 αὐτὸς

2166 2294 2260 2348 τοῦ
2293 2295 2411 2347 κατ’
2445 2294 2605 2348 αὑτὸν
2635 2293 3083 2364 συγγράμματος,
3108 2290 3204 2361 τὴν
3238 2291 3418 2343 αἰτίαν
3448 2289 3759 2362 προῦὓηκε,

2166 2385 2232 2438 δι’
2257 2388 2321 2455 ἦν
2352 2385 2643 2457 πεποίηται
2671 2385 2769 2456 τὴν
2791 2382 3060 2448 σύνταξιν·
3089 2382 3287 2454 δηλῶν,
3308 2382 3383 2445 ὼς
3410 2382 3520 2452 ἄρα
3544 2382 3764 2436 πολλῶν

2166 2478 2259 2530 καὶ
2285 2476 2457 2530 ἄλλων
2486 2476 2919 2547 προπετέστερον
2953 2473 3450 2544 ὲπιτετηδευκότων
3501 2473 3764 2542 διήγησιν

2166 2560 2588 2639 ποιήσασθαι,ὦν
2604 2566 2761 2630 αὐτὸς
2775 2564 3228 2637 πεπληροφόρητο
3240 2563 3763 2633 λόγων,ἁναγκαίως

2167 2660 2518 2714 ἀπαλλάττων
2553 2661 2697 2730 ἡμᾶς
2728 2658 2827 2728 τῆς
2856 2658 2982 2729 περί
3012 2658 3138 2721 τοὺς
3175 2656 3368 2721 ἄλλους
3399 2655 3761 2727 ἀμφηρίστου

2166 2752 2503 2823 ὑπολήψεως.
2525 2752 2614 2805 τὸν
2650 2749 2866 2820 ἀσφαλῆ
2893 2750 3070 2818 λόγον,
3103 2743 3178 2803 ὧν
3217 2749 3378 2812 αὐτὸς
3411 2748 3615 2812 ἱκανῶς
3658 2747 3760 2819 τὴν

2165 2841 2420 2915 ἀλήθειαν
2462 2840 2813 2912 κατειλήφει,
2853 2841 2916 2893 ἐκ
2950 2840 3050 2908 τῆς
3079 2840 3195 2910 ἆμα
3235 2836 3435 2909 Παύλῳ
3466 2838 3761 2899 συνουσίας

2164 2951 2221 2986 τε
2270 2935 2364 2986 καὶ
2407 2932 2706 3003 διατριϐῆς,
2760 2933 2853 2985 καὶ
2900 2932 2997 3001 τῆς
3028 2930 3134 2983 τῶν
3178 2928 3381 2982 λοιπῶν
3433 2927 3760 2982 ἀποστόλων

2162 3024 2378 3095 ὁμιλίας
2398 3023 2579 3095 ὼφελη
2589 3024 2767 3095 μένος,
2790 3022 2876 3076 διὰ
2893 3022 2984 3075 τοῦ
3012 3022 3142 3075 ἰδίου
3165 3022 3484 3092 παρέδωκεν
3509 3020 3761 3088 Εύαγγε-

2163 3119 2299 3171 λίου.
2338 3118 2447 3171 Καὶ
2477 3115 2650 3170 ταῦτα
2687 3116 2784 3187 μὲν
2814 3116 2975 3187 ἡμεῖς
3018 3115 3145 3185 περὶ
3177 3112 3400 3166 τούτων·
3422 3112 3758 3183 οἰκειότερον

2160 3210 2215 3262 δὲ
2254 3208 2392 3261 κατὰ
2417 3208 2605 3279 καιρὸν
2634 3206 2722 3260 διὰ
2745 3205 2846 3276 τῆς
2871 3204 2979 3257 τῶν
3002 3205 3247 3277 ἀρχαίων
3275 3203 3656 3277 παραθέσεως,
3683 3202 3758 3256 τὰ

2164 3301 2256 3354 καὶ
2303 3303 2416 3364 τοῖς
2442 3278 2622 3363 ἄλλοις
2650 3297 2778 3370 περὶ
2815 3296 2997 3351 αὐτῶν
3048 3296 3317 3367 εἰρημένα
3369 3295 3756 3366 πειρασόμεθα
3808 3278 3814 3288 ’

2161 3393 2420 3463 δηλῶσαι.
2454 3392 2574 3444 Τῶν
2607 3390 2663 3444 δὲ
2703 3388 2951 3443 Ἰωάννου
2988 3387 3463 3459 συγγραμμάτων,
3498 3385 3639 3458 πρὸς
3669 3384 3755 3458 τῷ

2162 3484 2478 3555 Εὑαγγελίῳ
2514 3485 2609 3539 καὶ
2633 3484 2665 3553 ἡ
2704 3483 2947 3553 προτέρα
2977 3480 3086 3535 τῶν
3126 3478 3490 3543 Ἐπιστολῶν,
3512 3481 3669 3553 παρά
3690 3497 3753 3534 τε

2159 3580 2270 3640 τοῖς
2302 3575 2396 3630 νῦν
2440 3576 2673 3638 καὶτοῖς
2709 3575 2783 3627 ἐτ’
2806 3573 3054 3645 ἀρχαίοις
3102 3572 3507 3642 ἀναμφίλεκτος
3540 3571 3754 3643 ὡμολό-

2162 3684 2348 3738 γηται,
2369 3666 2739 3735 ἀντιλέγονται
2767 3665 2823 3719 δὲ
2860 3666 2917 3718 αἰ
2937 3662 3122 3717 λοιπαὶ
3151 3662 3262 3717 δύο.
3301 3663 3414 3733 Τῆς
3433 3663 3477 3716 δ’
3514 3664 3752 3718 Ἀποκα-

2162 3757 2373 3829 λύψεως
2407 3761 2492 3828 ἐφ’
2523 3758 2780 3829 ἑκάτερον
2810 3755 2889 3810 ἔτι
2926 3753 3021 3808 νῦν
3055 3753 3206 3826 παρὰ
3235 3757 3350 3817 τοῖς
3396 3753 3614 3819 πολλοῖς
3653 3773 3753 3808 πε-

2161 3852 2432 3924 ριέλκεται
2459 3853 2492 3921 ἡ
2522 3850 2665 3915 δόξα.
2697 3851 2884 3920 Ὅμως
2911 3863 2975 3917 γε
3008 3847 3114 3919 μὴν
3145 3847 3210 3899 ὲκ
3227 3846 3327 3916 τῆς
3358 3847 3473 3899 τῶν
3503 3847 3751 3919 ἀρχαίων

2160 3944 2464 4016 μαρτυρίας
2478 3943 2536 3994 ὲν
2558 3940 2745 4011 οἰκείῳ
2764 3936 2944 4012 καιρῷ
2974 3936 3073 4009 τὴν
3105 3938 3385 4008 ἐπίκρισιν
3405 3936 3623 4004 δέξεται
3651 3940 3750 3992 καὶ

2155 4036 2315 4107 αὐτή.

476 4128 819 4183 centioribus
880 4134 994 4181 tum
1023 4128 1094 4181 ab
1149 4126 1391 4199 antiquis
1459 4129 1713 4185 omnibus
1772 4130 1916 4185 citra
1973 4134 2403 4188 controversiam
2438 4128 2791 4195 admittitur;
2827 4126 3048 4197 reliquae
3075 4134 3251 4179 autem
3277 4126 3397 4181 duae
3431 4124 3484 4178 itt
3518 4124 3742 4178 dubium

476 4230 823 4277 revocantur.
858 4221 934 4276 De
978 4221 1354 4280 Revelatiouis
1384 4234 1563 4281 autem
1623 4225 1762 4281 libro
1821 4227 2000 4285 adhuc
2070 4229 2123 4283 in
2180 4239 2462 4295 utramque
2514 4233 2724 4296 partem
2773 4222 3090 4291 opinionum
3152 4221 3418 4275 varietate
3471 4230 3742 4275 certatur.

473 4317 582 4374 Sed
613 4316 729 4372 hac
773 4315 937 4371 etiam
969 4319 1342 4372 controversia
1391 4318 1750 4374 vetustiorum
1801 4321 2112 4377 testimonio
2139 4318 2468 4390 competenti
2501 4327 2747 4388 tempore
2777 4311 3189 4383 disceptabitnr.

961 4456 1070 4528 97
1108 4456 1333 4514 CAPUT
1386 4459 1549 4515 XXV.

468 4574 546 4630 De
604 4574 800 4628 divinis
852 4571 1144 4647 Sc-ripluria
1198 4574 1430 4627 omnium
1484 4592 1742 4647 consensu
1801 4578 2043 4647 receptis,

748 4656 794 4698 et
822 4647 886 4697 de
913 4644 981 4697 iis
1013 4659 1132 4711 qua:
1169 4660 1272 4697 non
1322 4654 1445 4697 sunt
1475 4646 1755 4713 ejusmodi.

537 4756 811 4813 Caeterum
868 4767 1232 4827 opportunum
1300 4758 1512 4812 videtur
1571 4758 1675 4814 hoc
1730 4759 1853 4816 loco
1902 4760 2039 4816 Novi

465 4848 799 4904 Testamenti
840 4847 1008 4903 libros
1042 4849 1111 4903 de
1144 4848 1476 4919 quihusjatn
1509 4849 1770 4918 diximus,
1796 4867 2041 4906 summa-

464 4943 561 4997 tim
588 4954 893 4996 recensere.
948 4939 1133 4996 Primo
1181 4942 1343 5011 igitur
1383 4939 1695 4998 collocanda
1747 4956 1833 4999 est
1881 4961 2038 5000 sacra

463 5032 881 5103 Evangeliorutn
912 5032 1176 5102 quadriga
1206 5048 1221 5096 ;
1255 5047 1417 5101 quam
1447 5033 1645 5089 deinde
1697 5050 2040 5104 consequun-

465 5133 554 5177 tur
581 5125 749 5179 Actns
774 5123 1166 5192 apostolorum.
1205 5122 1339 5178 Post
1380 5124 1479 5179 hos
1527 5129 1878 5181 numeranda:
1913 5138 2043 5180 sunt

463 5215 616 5270 Pauli
656 5212 929 5280 Epistolas
958 5211 1083 5265 Inde
1107 5210 1259 5279 prior
1292 5212 1379 5266 illa
1408 5211 1660 5278 Joannis,
1690 5230 1754 5268 ac
1788 5216 2043 5271 similiter

463 5308 606 5362 Petri
646 5303 890 5376 Epistula
952 5302 1298 5372 suscipienda
1346 5315 1448 5359 est.
1504 5304 1791 5362 Postremo
1844 5308 2041 5377 adjun-

460 5400 633 5468 genda
662 5408 770 5460 est,
794 5397 839 5452 si
866 5396 941 5451 ita
980 5395 1286 5462 videbitur,
1331 5396 1556 5452 Joannis
1600 5398 1920 5455 Revelatio:
1974 5400 2039 5455 de

460 5503 565 5558 qua
593 5488 724 5557 quid
749 5498 968 5543 veteres
1015 5488 1312 5551 Senserint,
1361 5502 1460 5543 suo
1505 5488 1625 5544 loco
1672 5504 2033 5558 exponemus.

459 5580 526 5636 Et
559 5581 674 5636 ltaac
699 5580 921 5650 quidem
956 5582 1231 5635 communi
1284 5583 1526 5637 omnium
1575 5595 1843 5634 consensu
1885 5597 2035 5638 rece-

2658 4454 3054 4511 ΚΕΦΑΛΔῙΟΝ
3095 4455 3223 4508 ΚΕ’.

2151 4573 2292 4642 Περί
2316 4571 2433 4626 τῶν
2463 4569 2963 4642 όμολογοινμένωξῄ
2996 4570 3187 4642 θείων.
3202 4563 3467 4642 Γραςξῷν
3492 4568 3593 4621 καὶ
3619 4567 3740 4622 τῶν

2455 4634 2541 4712 ﬂii
2572 4634 2854 4703 τοιούτων
2878 4635 3021 4708 (Nic.
3056 4635 3126 4690 ll.
3164 4634 3231 4692 Ε.
3262 4652 3319 4701 ιι,
3343 4636 3455 4708 είϋ).

2221 4759 2454 4829 Εύλογον
2487 4754 2799 4811 δ’ἐνταῦοα
2837 4753 3183 4824 γενομένους,
3242 4753 3737 4821 ἀνακεφαλαιώσαο

2153 4854 2277 4909 σθαι
2313 4852 2410 4915 τὰς
2439 4850 2771 4922 δηλωθείσας
2807 4849 2906 4918 τῆς
2948 4846 3157 4917 Καινῆς
3187 4843 3465 4915 Διαθήκης
3488 4847 3731 4917 γραφάς.

2148 4946 2258 4999 Καὶ
2287 4941 2349 5012 δὴ
2380 4941 2603 4994 τακτέον
2634 4942 2692 4994 ἐν
2746 4936 2980 5010 πρώτοις
3009 4936 3109 5006 τὴν
3134 4933 3294 5003 ἁγίαν
3338 4934 3448 4986 τῶν
3487 4935 3738 5003 Εύαγγε-

2148 5037 2277 5089 λίων
2309 5033 2629 5104 τετρακτύν·
2658 5025 2738 5091 οἷς
2760 5030 2948 5082 ἕπεται
2978 5029 3012 5097 ἡ
3040 5027 3147 5079 τῶν
3169 5026 3429 5098 Πράξεων
3449 5026 3559 5080 τῶν
3592 5028 3732 5080 ἀπο-

2151 5127 2350 5180 στόλων
2380 5124 2587 5196 γραφή.
2627 5120 2784 5175 Μετὰ
2820 5120 2876 5172 δὲ
2910 5119 3137 5191 ταύτην,
3180 5120 3278 5184 τὰς
3317 5119 3531 5173 Παύλου
3558 5136 3733 5171 κατα-

2147 5217 2365 5274 λεκτέον
2416 5213 2751 5276 Ἐπιστολὰς,
2786 5206 2873 5275 αἷς
2911 5210 3036 5283 ἑξῆς
3079 5211 3175 5283 τὴν
3203 5211 3511 5284 φερομένην
3548 5212 3734 5265 Ἰωαν-

2148 5327 2242 5363 νου
2289 5307 2598 5379 προτέραν,
2654 5305 2749 5357 καὶ
2796 5302 2995 5372 ὁμοίως
3053 5301 3151 5372 τὴν
3196 5303 3402 5372 Πέτρου
3449 5302 3727 5369 κυρωτέον

2160 5398 2495 5467 Ἐπιστολὴν.
2544 5395 2664 5447 Ἐπὶ
2688 5393 2898 5456 τούτοις
2924 5392 3148 5445 τακτέον
3173 5433 3188 5457 ,
3229 5391 3343 5459 εἴγε
3375 5392 3589 5463 φανείη,
3624 5392 3725 5462 τὴν

2157 5487 2520 5556 Ἀποκάλυψιν
2582 5483 2851 5544 Ἰωάννου,
2886 5482 3012 5553 περὶ
3059 5478 3127 5553 ἦς
3157 5482 3226 5535 τὰ
3272 5480 3504 5546 δόξαντα
3583 5481 3727 5535 κατὰ

2143 5580 2335 5651 καιρὸν
2368 5574 2734 5650 ἐκθησόμεθα.
2776 5574 2886 5626 Καὶ
2926 5571 3098 5626 ταῦτα
3141 5572 3241 5644 μὲν
3271 5573 3330 5628 ὲν
3362 5572 3728 5645 ὁμολογουμέ-

529 5789 641 5863 ('29)
690 5787 901 5859 van-ag
940 5786 1045 5841 τοῦ
1072 5782 1300 5852 Σαλήμ.
1330 5782 1386 5837 ιη
1422 5742 1792 5834 vetustissimo
1822 5777 2006 5834 codice
2034 5777 2060 5831 ι

2166 5818 2169 5831 .
2202 5775 2465 5846 scriptum
2492 5776 2673 5833 inveni
2708 5775 2911 5846 Σαλείμ
2943 5794 3064 5833 cum
3099 5777 3461 5849 diphthongo.
