3894 6480
540 364 637 420 271

1235 368 1504 427 EUSEBII
1541 371 2018 429 CJESARIENSIS
2054 370 2204 428 OPP.
2245 371 2425 428 PARS
2464 371 2503 427 Ι.
2543 403 2613 415 --
2647 370 3032 428 lllSTORlCA.

3658 371 3765 427 272

540 501 971 546 commemorare
995 491 1250 559 dignatus
1292 498 1396 547 est.
1446 489 1553 547 Sed
1586 502 1641 548 et
1668 493 1842 562 ipsum
1877 493 2069 549 dicend

2197 491 2508 545 ἐναλλάττει
2544 490 2846 562 χαρακτὴρ,
2869 490 2904 561 ἦ
2934 506 2994 542 τε
3020 485 3213 560 γνώμη
3249 489 3341 541 καὶ
3365 490 3399 559 ἡ
3430 486 3541 541 τῶν
3570 490 3628 541 ἐν
3662 488 3761 542 αὐ-

537 592 709 648 genus
740 577 898 647 longe
935 580 1004 634 ab
1030 579 1325 649 apostolica
1354 581 1703 652 simplicitate
1728 582 1841 654 98
1884 584 2089 640 discre-

536 679 649 739 pat.
691 668 897 727 Sensus
933 686 1146 741 quoque
1166 671 1303 741 ipse,
1343 682 1398 727 et
1442 689 1562 743 quae
1605 674 1808 730 ibidem
1861 676 2095 730 traditur

538 758 690 828 fides,
716 775 839 817 cum
868 776 899 816 a
932 776 1058 816 vera
1092 770 1148 817 et
1175 763 1439 819 catholica
1468 765 1717 820 doctrina
1773 766 2092 837 plurimum-

535 863 792 919 quantum
866 857 1114 922 aberret,
1178 855 1295 911 haec
1364 855 1759 913 hazreticorum
1809 858 2090 913 hominum

536 943 786 1013 figmenta
817 959 943 1001 esse
979 946 1265 1002 manifeste
1295 948 1558 1017 coarguit.
1586 947 1849 1015 Quocirca
1880 963 1946 1004 ne
1975 949 2096 1019 qui-

534 1037 655 1091 dem
681 1036 824 1092 inter
855 1038 1072 1107 spurios
1102 1039 1403 1095 collocandi
1432 1050 1559 1095 sunt
1586 1041 1638 1094 hi
1674 1041 1819 1106 libri,
1851 1040 1946 1095 sed
1975 1050 2095 1094 tan-

532 1143 690 1198 quam
721 1130 941 1185 absurdi
976 1138 1030 1186 et
1070 1131 1243 1202 impii.
1284 1147 1509 1201 prorsus
1555 1132 1892 1203 repudiandi.
1938 1130 2093 1188 Nunc

535 1218 600 1271 ad
638 1221 837 1277 seriem
870 1221 1115 1279 historia:
1142 1232 1339 1278 nostra:
1362 1226 1668 1280 redeamus.

1076 1396 1306 1455 CAPUT
1352 1396 1543 1453 XXVI.

881 1508 956 1565 De
1002 1508 1292 1565 Menandro
1326 1509 1735 1580 'pra’stigiatore.

598 1623 840 1678 Simonis
888 1622 1025 1693 Magi
1091 1637 1380 1678 successor
1442 1622 1755 1693 Menander,
1807 1625 2086 1683 diabolicae

524 1714 813 1783 pravitatis
865 1712 1093 1768 alterum
1150 1712 1315 1767 telum
1381 1713 1567 1782 priore
1613 1714 1703 1770 illo
1750 1730 2083 1787 nequaquam

525 1802 759 1860 inferius
801 1804 1091 1874 semetipso
1140 1818 1207 1858 ac
1257 1817 1435 1858 mores
1487 1819 1615 1859 suos
1660 1808 1932 1875 praestitit.
1987 1808 2085 1865 llic

522 1909 738 1965 quoque
768 1894 1090 1961 Samarites,
1128 1895 1197 1948 ad
1227 1908 1494 1947 summam
1530 1896 1862 1967 magicarum
1890 1899 2082 1954 artium

522 1989 770 2057 peritiam
794 1988 1018 2058 perinde
1052 2001 1118 2042 ac
1146 1987 1402 2056 magister
1442 2003 1791 2061 progressus,
1839 1991 2085 2057 pluribus

532 2082 710 2137 adhuc
744 2090 799 2136 et
825 2079 1237 2136 absurdioribus
1266 2082 1540 2152 figmentis
1585 2084 1923 2140 exuberavit.
1946 2086 2082 2142 Nam

523 2172 764 2241 seipsum
806 2172 1024 2244 quidem
1051 2171 1397 2228 Servatorem
1424 2188 1544 2230 esse
1572 2180 1868 2241 asserebat,
1894 2180 1961 2232 ad
1988 2180 2085 2233 ho-

457 2254 460 2259 “
520 2264 725 2319 minum
758 2264 989 2319 salutem
1019 2277 1086 2320 ex
1111 2264 1247 2320 aevis
1277 2265 1598 2334 quibusdam
1625 2266 1988 2324 invisibilibus
2017 2272 2084 2324 ab

518 2353 630 2409 alio
660 2354 1010 2410 destinatum.
1036 2354 1312 2411 Neminem
1338 2371 1469 2414 vero
1500 2357 1683 2413 aiebat
1713 2359 1860 2428 ipsos
1893 2363 2079 2416 mundi

517 2448 826 2503 conditores
862 2447 1083 2518 angelos
1115 2463 1273 2518 posse
1315 2463 1599 2518 superare,
1650 2450 1753 2505 nisi
1788 2451 1879 2522 qui
1928 2452 2080 2523 prius

518 2539 724 2610 magica
775 2538 1061 2609 disciplina
1114 2552 1145 2593 a
1189 2553 1249 2594 se
1314 2538 1628 2604 institutus,
1676 2549 1730 2594 et
1784 2541 2074 2608 baptismo,

515 2645 674 2697 quem
715 2630 832 2701 ipse
869 2629 1141 2694 tradebat,
1197 2628 1441 2686 initiatus
1490 2631 1705 2686 fuisset.
1762 2630 1931 2698 Quem
1982 2632 2077 2688 ba-

515 2720 771 2790 ptismum
804 2721 1115 2793 quicunque
1140 2722 1417 2792 suscipere
1446 2724 1796 2789 meruissent,
1830 2739 1925 2779 eos
1942 2739 2076 2794 per-

511 2820 726 2878 petuam
766 2812 819 2868 in
874 2813 977 2869 hoc
1025 2812 1731 2884 saeculojmmortalitatem
1781 2815 2103 2886 adepturoS‘

508 2901 813 2959 afﬁrmabat
838 2922 853 2959 :
882 2919 988 2959 non
1023 2903 1253 2973 amplius
1300 2907 1461 2961 morti
1498 2907 1789 2974 obnoxios,
1835 2907 1932 2963 sed
1987 2908 2076 2962 hic

507 2996 562 3049 in
590 3009 764 3051 aevum
791 3009 1194 3066 permansuros,
1220 2998 1450 3068 juvenes
1494 3013 1711 3068 semper
1756 3009 1921 3068 atque
1971 2999 2074 3053 im-

507 3085 764 3142 mortales
790 3086 1020 3144 futuros.
1048 3090 1222 3159 Atque
1270 3089 1386 3146 haec
1414 3089 1633 3161 quidem
1679 3104 1746 3144 ex
1786 3088 1974 3143 lrenaci
2008 3089 2071 3142 Ii-

2196 587 2309 647 τοῖς
2343 584 2655 656 φερομένων
2691 584 3004 655 προαίρεσις
3023 622 3038 647 ,
3087 581 3336 635 πλεῖστον
3366 582 3490 634 ὅσον
3518 580 3618 651 τῆς
3640 580 3765 650 άλη-

2196 675 2322 740 θοῦς
2376 672 2686 747 ὀρθοδοξίας
2731 675 3010 746 ἀπᾴδουσα
3061 671 3197 744 (54),
3229 673 3311 726 ὅτι
3350 672 3415 744 δὴ
3471 672 3763 743 αίρετικῶν

2196 766 2400 839 ἀνδρῶν
2427 766 2827 838 ἀναπλάσματα
2856 764 3134 836 τυγχάνει,
3178 764 3363 835 σαφῶς
3397 765 3721 838 παρίστησιν
3742 781 3758 794 ·

2195 858 2315 912 ὅθεν
2344 858 2451 912 οὐδ’
2482 860 2540 911 έν
2566 858 2738 921 νόθοις
2757 857 2895 911 αὐτὰ
2922 856 3311 922 κατατακτέον,
3343 856 3460 911 ἀλλ’
3485 857 3564 921 ὡς
3587 858 3763 912 ἄτοπα

2200 950 2377 1019 πάντη
2423 949 2520 1002 καὶ
2560 948 2790 1020 δυσσεϐῆ
2831 948 3215 1020 παραιτητέον.
3254 949 3451 1022 Ἴωμεν
3481 948 3549 1020 δὴ
3580 947 3762 1002 λοιπὸν

2198 1041 2292 1096 καὶ
2315 1042 2408 1097 ἐπὶ
2430 1040 2527 1114 τὴν
2553 1041 2678 1113 ἑξῆς
2706 1041 2962 1116 ἱστορίαν.

2680 1397 3074 1452 ΚΕΦΑΛΑΙΟΝ
3118 1396 3263 1464 Kq'.

2191 1505 2330 1574 Περὶ
2363 1504 2709 1574 Μενάνδρου
2740 1505 2846 1560 τοῦ
2886 1506 3099 1577 γόητος
3131 1504 3271 1576 (Nic.
3324 1504 3394 1560 11.
3424 1505 3493 1560 Ε.
3527 1522 3608 1570 tit,
3648 1496 3759 1578 12):

2257 1618 2478 1689 Σίμωνα
2504 1617 2597 1671 τὸν
2631 1616 2804 1688 μάγον
2835 1616 3141 1689 Μένανδρος
3171 1616 3573 1689 διαδεξάμενος,
3601 1619 3763 1673 ὁπλον

2183 1709 2434 1783 δεύτερον
2463 1710 2572 1782 (55)
2605 1710 2664 1762 οὐ
2689 1713 2865 1781 χεῖρον
2889 1708 2980 1763 τοῦ
3012 1710 3297 1781 προτέρου,
3327 1711 3425 1781 τῆς
3449 1709 3764 1782 διαϐολικῆς

2186 1800 2467 1873 ἐνεργείας
2516 1800 2892 1854 ἀποδείκνυται
2943 1801 3033 1854 τὸν
3082 1801 3311 1873 τρόπον·
3362 1798 3431 1874 ἦν
3468 1804 3563 1857 καὶ
3608 1798 3763 1870 οὗτος

2185 1894 2473 1966 Σαμαρεὺς
2499 1894 2633 1965 (56),
2670 1896 2748 1958 εἰς
2779 1894 2948 1966 ἄκρον
2981 1894 3037 1947 δὲ
3066 1894 3166 1965 τῆς
3190 1895 3444 1965 γοητείας
3476 1898 3578 1950 οὐκ
3610 1897 3765 1951 ἔλατ-

2181 2002 2271 2040 τον
2325 1985 2420 2040 τοῦ
2467 1984 2787 2040 διδασκάλου
2849 1983 3145 2054 προελθὼν,
3207 1986 3448 2057 μείζοσιν
3509 1988 3758 2057 ἐπιδαψι-

2180 2076 2395 2130 λεύετεέι
2442 2076 2843 2149 τερατολογίαις
2863 2116 2877 2139 ,
2909 2076 3098 2130 ἑαυτὸν
3138 2078 3256 2148 μὲν,
3288 2078 3364 2142 ὡς
3391 2077 3502 2149 ἄρα
3541 2078 3650 2151 εἴη,
3676 2079 3764 2132 λέ-

2180 2185 2313 2238 γων,
2351 2170 2380 2221 ό
2413 2169 2627 2241 Σωτὴρ,
2653 2167 2745 2222 ἐπὶ
2778 2171 2841 2240 τῇ
2877 2169 2985 2222 τῶν
3018 2168 3319 2242 ἀνθρώπων
3352 2172 3559 2227 ἄνωθέν
3598 2173 3763 2228 ποθεν

2179 2261 2238 2327 ἐξ
2263 2260 2507 2331 ἀοράτων
2533 2258 2742 2313 αἰώνων
2764 2260 3167 2332 ἀπεσταλμένος
3192 2262 3456 2334 σωτηρίᾳ,
3491 2263 3761 2319 διδάσκων

2177 2351 2234 2404 δὲ
2270 2350 2344 2421 μὴ
2382 2349 2556 2414 ἄλλως
2599 2349 2857 2404 δύνασθαί
2893 2368 3015 2405 τινα
3052 2351 3147 2405 καὶ
3178 2351 3356 2406 αὐτῶν
3405 2352 3514 2406 τῶν
3562 2372 3764 2427 κοσμο-

2178 2442 2346 2495 ποιῶν
2371 2441 2618 2511 ἀγγέλων
2645 2443 3120 2514 περιγενήσεσθαι,
3151 2443 3225 2515 μὴ
3255 2442 3519 2516 πρότερον
3544 2445 3636 2499 διὰ
3660 2447 3763 2517 τῆς

2178 2533 2313 2604 πρὸς
2353 2532 2519 2588 αὐτοῦ
2568 2534 2999 2606 παραδιδομένης
3035 2537 3273 2605 μαγικῆς
3319 2538 3617 2608 ἐμπειρίας
3660 2539 3761 2610 ἀχ-
3829 2540 3840 2560 ¹

2177 2624 2357 2689 θέντα,
2394 2626 2487 2680 καὶ
2510 2624 2597 2679 διὰ
2628 2624 2721 2680 τοῦ
2752 2626 3165 2697 μεταδιδομένου
3202 2628 3339 2700 πρὸς
3366 2629 3534 2683 αὐτοῦ
3565 2629 3760 2701 βαπτί-

2178 2733 2398 2787 σματος.
2442 2711 2516 2771 Οὗ
2557 2716 2683 2781 τοὺς
2727 2717 3186 2788 κατηξιωμένους,
3243 2718 3543 2774 ἀθανασίαν
3586 2721 3757 2776 ἀΐδιοι

2174 2809 2233 2860 ἐν
2279 2807 2427 2879 αὐτῷ
2468 2809 2641 2879 τούτῳ
2688 2807 2930 2879 μεθέξειν
2976 2809 3091 2880 (57)
3126 2809 3203 2881 τῷ
3248 2808 3366 2882 βίῳ,
3399 2813 3599 2883 μηκέτι
3632 2812 3759 2886 θνή-

2175 2912 2423 2964 σκοντας,
2453 2898 2619 2952 αὐτοῦ
2651 2898 2708 2951 δέ
2740 2900 3185 2971 παραμένοντας,
3212 2901 3292 2964 είς
3322 2901 3383 2954 τὸ
3410 2903 3500 2956 ἀεὶ
3532 2904 3758 2975 ἀγήρως

2172 2992 2323 3055 τινὰς
2355 2992 2449 3045 καὶ
2482 2990 2782 3055 ἀθανάτους
2824 2992 3132 3064 ἐσομένους.
3174 2993 3358 3048 Ταῦτα
3396 2994 3494 3066 μὲν
3538 2992 3633 3050 οὖν
3662 2998 3757 3051 καὶ

2172 3079 2238 3133 ἐκ
2264 3079 2373 3132 τῶν
2414 3079 2702 3151 Είρηναίου
2740 3081 3032 3150 διαγνῶναι
3075 3082 3274 3154 ῥᾴδιον.
3319 3084 3430 3138 Καὶ
3460 3086 3489 3139 ὁ
3535 3086 3757 3140 Ἰουστῖ-

506 3177 620 3233 bris
669 3178 791 3235 licet
842 3194 1199 3251 cognoscere.
1262 3181 1368 3237 Sed
1418 3191 1472 3235 ct
1511 3178 1762 3236 Justinus
1815 3182 2069 3236 similiter

2173 3187 2260 3233 νος
2285 3170 2341 3224 δέ
2384 3170 2525 3224 κατὰ
2554 3170 2615 3225 τὸ
2645 3172 2778 3225 αὐτὸ
2810 3172 2903 3226 τοῦ
2940 3173 3180 3244 Σίμωνος
3214 3175 3616 3245 μνημονεύσας,
3659 3180 3757 3232 καὶ

503 3276 792 3338 postquam
821 3270 885 3323 de
917 3269 1139 3325 Simone
1170 3271 1375 3337 retulit,
1409 3273 1475 3326 de
1508 3272 1809 3328 Menandro
1852 3289 2067 3344 quoque

2174 3262 2269 3335 τὴν
2299 3263 2427 3335 περὶ
2456 3262 2647 3317 τούτου
2676 3264 2928 3336 διήγησιν
2954 3265 3228 3337 ἐπιφέρει,
3258 3266 3434 3335 λέγων
3453 3285 3469 3298 ·
3505 3285 3525 3319 ι
3543 3268 3757 3323 Μέναν-

499 3359 781 3429 subjungit
807 3360 921 3415 haec
948 3356 1109 3415 verba
1138 3379 1153 3417 :
1192 3380 1210 3414 ι
1246 3358 1593 3418 Menandrum
1625 3363 1750 3418 item
1778 3365 2063 3435 quemdam

500 3447 903 3504 Samaritanum
932 3465 998 3504 ex
1031 3451 1148 3505 vico
1172 3451 1514 3522 Caparattaea
1543 3452 1859 3518 oriundum,
1902 3452 2065 3506 disci-

499 3541 687 3611 pulum
716 3540 980 3605 Simonis,
1012 3543 1318 3598 daemonum
1350 3543 1588 3599 stimulis
1635 3544 1904 3615 agitatum
1952 3543 2066 3597 An-

501 3633 758 3689 tiochiam
784 3634 1022 3700 venisse,
1081 3645 1246 3705 atque
1292 3635 1365 3690 ibi
1415 3635 1681 3706 plurimos
1708 3644 1827 3692 arte
1854 3636 2062 3706 magica

496 3724 761 3781 delusisse
787 3726 1056 3781 novimus.
1084 3725 1184 3793 Qui
1216 3725 1378 3780 etiam
1405 3726 1768 3790 sectatoribus
1797 3726 1913 3781 suis
1940 3741 2066 3796 per-

495 3825 743 3871 suaserat
768 3817 913 3886 ipsos
943 3832 1217 3887 nunquam
1267 3832 1389 3872 esse
1426 3817 1747 3872 morituros.
1787 3817 1851 3871 Et
1893 3832 1961 3872 ex
2008 3818 2066 3871 il-

491 3902 601 3960 lius
631 3904 914 3976 disciplina
943 3906 1126 3960 adhuc
1149 3917 1447 3975 supersunt
1493 3907 1737 3960 nonnulli
1780 3908 1870 3977 qui
1923 3908 2061 3962 idem

491 3997 870 4067 profitentur.»
898 3995 1024 4052 Fuit
1044 3998 1145 4052 hoc
1161 3997 1438 4052 diabolicae
1464 3996 1774 4053 calliditatis
1795 4016 2065 4054 commen-

491 4099 623 4149 tum,
658 4097 716 4142 ut
746 4103 843 4159 per
873 4087 1149 4143 maleﬁcos
1196 4089 1444 4144 homines
1499 4086 1934 4144 Christianorum
1966 4107 2066 4144 no—

490 4196 613 4235 men
641 4177 780 4234 falso
802 4180 903 4234 sibi
930 4178 1293 4240 vindicantes.
1329 4193 1586 4248 magnum
1620 4179 1751 4233 illud
1781 4180 2062 4252 religionis

488 4280 689 4326 nosme
744 4279 1145 4325 sacramentum
1180 4269 1404 4340 magica:
1443 4270 1577 4325 artis
1625 4270 1846 4327 infamia
1876 4288 2062 4344 asper-

483 4371 655 4434 geret,
681 4362 1139 4421 etecclesiastica
1192 4363 1447 4434 dogmata
1482 4362 1552 4418 de
1594 4364 1900 4418 animorum
1951 4363 2059 4418 iui--

482 4535 586 4573 non
620 4496 919 4582 inveniunt:
949 4528 1056 4572 etc.
1083 4517 1255 4572 Porro
1280 4519 1334 4573 in
1357 4518 1634 4576 codicibus
1657 4520 1857 4573 nostris
1886 4521 2047 4585 Maz.,

480 4589 621 4643 Med.
661 4598 717 4643 et
754 4586 1050 4643 Fuketiaiio
1098 4589 1360 4659 scriptum
1412 4599 1498 4646 est
1556 4589 1698 4644 κατὰ
1738 4588 1839 4653 τὰς
1877 4590 2057 4644 διαδο-

2173 4591 2312 4659 ΰολικ

477 4659 600 4732 χάς,
619 4674 751 4732 cum
779 4660 1028 4732 articulo.

547 4727 661 4798 (54)
710 4728 1081 4798 Ὀρθοδοξίας
1107 4726 1446 4794 ἀπᾴδουσα.
1465 4728 1600 4785 Tres
1627 4730 1798 4784 nostri
1818 4731 2054 4797 codices,

480 4797 647 4862 Maz.,
676 4798 818 4853 Med.
861 4811 917 4852 et
966 4797 1102 4854 Fuk.
1165 4800 1427 4866 scriptum
1484 4800 1686 4855 habent
1728 4800 2054 4858 ἀποδέουσα.

484 4867 718 4924 Rectior
749 4878 932 4923 tamen
986 4869 1119 4924 mihi
1177 4869 1393 4923 videtur
1449 4870 1654 4926 codicis
1708 4868 1865 4941 Regii
1916 4874 2057 4926 scri-

520 4949 573 4993 ιιι
583 4953 663 4992 ra.

689 5008 925 5080 Ὀπλον
944 5005 1258 5080 δεύτερον.
1286 5009 1343 5062 in
1379 5007 1539 5078 hujus
1561 5010 1711 5067 vocis
1735 5010 2057 5080 interpreta-

478 5078 843 5135 tioneOiniies
875 5078 1200 5146 interpretes
1247 5078 1427 5148 lapsos
1452 5096 1578 5137 csse
1608 5082 1799 5136 miror.
1828 5078 2057 5137 Rufinus

474 5160 687 5203 scutum
740 5149 921 5220 vertit
952 5187 968 5211 ,
1013 5149 1229 5220 Langus
1272 5162 1328 5204 et
1363 5152 1636 5206 musculus
1697 5160 2053 5220 amaturum,

473 5219 1007 5290 Cliristophorsonns
1043 5219 1519 5290 propugnaculum.
1545 5221 1710 5281 Atqui
1746 5219 1910 5290 ὅπλον
1954 5222 2055 5275 hoc

475 5289 595 5361 loco
620 5290 894 5361 signiﬁcat
924 5290 1105 5344 telum.
1154 5289 1325 5361 Igitur
1373 5290 1535 5343 ὅπλον
1592 5291 1695 5359 τῆς
1739 5289 2052 5361 διαϐολικῆς

472 5359 773 5429 ἐνεργείας,
811 5362 951 5431 idem
981 5368 1066 5431 est
1095 5374 1163 5416 ac
1189 5359 1443 5431 ὄργανον,
1471 5361 1881 5415 instrumentum
1938 5359 2050 5413 dai-

467 5434 722 5497 moniacw
752 5429 1054 5497 pravitatis.

541 5496 657 5622 (52)
689 5494 843 5570 ναις.
880 5499 1334 5555 Ἀποδείκνυταυ
1354 5498 1463 5554 τὸν
1483 5501 1705 5582 τρόπον⁸
1720 5494 1806 5581 ,ἦν
1822 5497 1919 5551 καὶ
1939 5500 2049 5553 αὐ-

541 5587 575 5622 c
648 5569 928 5622 auaoedc.
955 5570 1011 5622 ln
1046 5580 1281 5622 quatuor
1326 5583 1532 5622 nostris
1560 5571 1860 5622 codicibus.
1882 5567 2044 5622 Μειῑ..

467 5565 928 5640 ἵρᾲΣᾳμᾳρὲύς,
955 5570 1011 5623 In
1046 5580 1281 5640 quatuor
1326 5565 1532 5625 nostris
1560 5565 1860 5640 codicibus,
1882 5567 2044 5634 Mam,

470 5634 631 5709 Med"
650 5634 783 5693 F'uk'.
797 5652 851 5693 et
870 5634 1076 5703 Savil.,'
1095 5641 1255 5709 longe
1271 5640 1431 5693 aliam
1462 5641 1620 5708 hujus
1647 5638 1751 5693 loci
1766 5639 2051 5709 interpun-

466 5707 701 5761 ctionein
731 5709 936 5779 iuveni,
962 5724 1124 5779 quam
1157 5707 1376 5765 secutus
1403 5720 1488 5765 est
1507 5707 2049 5779 Christophorsouus,

471 5787 530 5833 ut
575 5792 643 5832 cx
690 5778 937 5835 versione
979 5776 1108 5847 ejus
1155 5791 1403 5850 apparet.
1452 5780 1544 5836 Sic
1579 5776 2046 5835 enim’scribitur':

2171 3356 2296 3428 δρον
2318 3356 2375 3411 δέ
2406 3374 2527 3411 τινα
2554 3358 2647 3410 καὶ
2674 3357 2836 3410 αὑτὸν
2864 3358 3123 3430 Σαμαρέα
3148 3358 3239 3412 τὸν
3275 3358 3384 3413 ἀπὸ
3414 3358 3612 3432 κώμης
3634 3362 3752 3413 Κα-

2172 3448 2532 3520 παρατταίας,
2589 3449 2882 3519 γενόμενον
2931 3449 3174 3522 μαθητὴν
3217 3449 3312 3503 τοῦ
3362 3451 3630 3522 Σίμωνος,
3672 3454 3752 3506 οξ-

2173 3540 2472 3612 στρηθέντα
2504 3540 2598 3594 καὶ
2622 3541 2783 3594 αὐτὸν
2810 3541 2915 3594 ὑπὸ
2959 3541 3064 3595 τῶν
3092 3542 3379 3612 δαιμόνων,
3412 3542 3510 3595 καὶ
3538 3543 3599 3596 ἐν
3637 3545 3754 3597 Ἀν-

2166 3633 2371 3705 τιοχείᾳ
2401 3635 2710 3705 γενόμενον,
2750 3633 2976 3696 πολλοὺς
3004 3633 3343 3704 ἐξαπατῆσαι
3378 3632 3467 3687 διὰ
3507 3634 3752 3706 μαγικῆς

2165 3726 2359 3796 τέχνης
2399 3725 2641 3797 οἴδαμεψ
2675 3725 2734 3790 ὃς
2762 3728 2857 3780 καὶ
2881 3728 3005 3787 τοὺς
3030 3724 3177 3795 αὐτῷ
3210 3724 3532 3794 ἑπομένους,
3573 3726 3648 3789 ὡς
3676 3726 3751 3796 μὴ

2165 3816 2555 3888 ἀποθνήσκοιεν
2584 3816 2785 3870 ἔπεισε.
2815 3817 2924 3870 Καὶ
2948 3816 3042 3869 νῦν
3072 3815 3213 3880 τινές
3236 3819 3373 3869 εἰσιν
3393 3818 3491 3877 ἀπ’
3515 3819 3749 3881 ἐκείνου,

2163 3906 2322 3962 τοῦτο
2356 3906 2762 3979 ὁμολογοῦντες.
2818 3926 2836 3959 ι
2878 3904 2987 3961 Ἦν
3027 3906 3072 3959 δ’
3105 3905 3212 3980 ἄρα
3248 3908 3563 3981 διαϐολικῆς
3600 3914 3753 3982 ἐνερ-

2165 3999 2338 4069 γείας,
2380 3999 2467 4054 διὰ
2512 3999 2727 4053 τοιῶνδε
2782 4001 2991 4071 γοήτων
3030 3999 3127 4070 τὴν
3187 4001 3532 4071 Χριστιανῶν
3578 4016 3749 4073 προσ-

2157 4091 2382 4163 ηγορίαν
2404 4091 2801 4162 ὑποδυομένων,
2825 4090 2888 4144 τὸ
2912 4090 3055 4162 μέγα
3080 4091 3177 4162 τῆς
3207 4090 3517 4155 θεοσεϐείας
3542 4094 3750 4164 μυστή-

2159 4199 2272 4253 ριον
2306 4182 2397 4235 ἐπὶ
2429 4182 2632 4254 μαγείᾳ
2661 4181 2956 4235 σπουδάσαι
2982 4181 3273 4243 διαϐαλεῖν,
3302 4181 3562 4254 διασῦραί
3587 4200 3648 4236 τε
3679 4183 3747 4236 δι’

2157 4271 2336 4327 αὐτῶν
2369 4271 2437 4324 τὰ
2465 4271 2593 4345 περὶ
2619 4271 2795 4341 ψυχῆς
2824 4270 3122 4335 ἀθανασίας
3148 4271 3242 4324 καὶ
3268 4270 3477 4341 νεκρῶν
3512 4271 3749 4325 ἀναστά-

2159 4382 2295 4429 σεως
2334 4363 2766 4435 ἐκκλησιαστικά
2801 4362 3065 4435 δόγματα.
3113 4362 3251 4415 Ἀλλ’
3299 4359 3445 4419 οὗτοι
3480 4366 3582 4436 μὲν
3621 4364 3745 4418 τού-

2164 4520 2365 4573 Ὀπλον
2404 4519 2655 4592 δεύτερον
2682 4519 2743 4571 οὐ
2772 4521 2951 4588 χεῖρον
2979 4517 3073 4571 τοῦ
3123 4518 3410 4642 προτέρου,
3466 4520 3572 4590 τῆς
3622 4519 3743 4573 δια⁹

2164 4591 2381 4642 δολιχῆς
2413 4589 2692 4642 ἐνεργείας
2729 4589 3108 4642 ἀποδείκνυται
3141 4606 3169 4640 τ
3204 4608 3231 4640 ν
3259 4589 3460 4642 τρόπον
3487 4607 3501 4621 ·
3538 4587 3611 4642 ἦν
3650 4591 3743 4642 καὶ

2315 4592 2381 4713 ἦέ
2413 4587 2692 4662 ἐνεργείας
2729 4587 3108 4642 ἀποδείκνυται
3141 4587 3231 4642 τὸν
3259 4587 3460 4659 τρόπον
3487 4607 3501 4621 ·
3528 4587 3611 4664 ’ἦν
3650 4591 3745 4642 καὶ

2382 4660 2647 4713 αμαοεύς.
2679 4660 2755 4713 Ac
2786 4659 3026 4713 profecto
3083 4660 3195 4713 [nec
3250 4660 3531 4713 distinctio
3583 4667 3743 4713 longe

2160 4657 2313 4725 οὗτος
2337 4657 2647 4731 Σαμαρεὺς.
2679 4660 2755 4713 Ac
2786 4659 3026 4731 profecto
3059 4660 3209 4731 ilizecr
3250 4657 3531 4716 distinctio
3562 4657 3743 4728 'longe

2162 4733 2361 4787 rectior
2384 4727 2465 4786 εει
2502 4727 2667 4799 quam
2703 4731 2939 4797 vulgata.
2970 4727 3102 4799 Quis
3128 4730 3269 4782 enim
3298 4744 3497 4799 sensus
3520 4740 3610 4786 est
3640 4727 3743 4785 lio-

2159 4818 2279 4873 rum
2309 4797 2594 4873 verborum
2628 4799 2721 4853 τὸν
2743 4801 2941 4873 τρόπον
2969 4797 3036 4873 ἦν
3063 4798 3165 4873 καὶ.
3202 4798 3373 4873 αὐτὸς
3411 4800 3743 4873 Σαμαρεύςῗ

2160 4872 2287 4927 Scio
2320 4873 2536 4939 quidem
2562 4868 2934 4925 Samaritanus
2967 4868 3092 4924 odio
3140 4868 3307 4924 fuisse
3343 4868 3595 4933 Iudaeis,
3621 4880 3742 4924 tati-

2158 4957 2319 5010 quam
2345 4941 2587 4996 omnium
2618 4940 2894 4995 hominum
2925 4939 3268 5003 deterrimos,
3292 4940 3430 5010 adeo
3454 4950 3517 4993 ut
3541 4939 3738 4994 Sama-

2158 5007 2321 5065 ritaiii
2347 5025 2543 5067 nomen
2577 5011 2746 5065 instar
2772 5010 3076 5079 gravissimi
3144 5010 3329 5077 probri
3401 5007 3613 5066 Iudaeis
3637 5012 3740 5064 lia-

2155 5080 2396 5136 beretur.
2435 5079 2628 5135 Verum
2661 5081 2750 5134 hic
2778 5078 2842 5133 de
2875 5081 3049 5148 patria
3093 5078 3374 5133 Menandri
3405 5095 3590 5134 sermo
3628 5089 3736 5136 est.

2158 5151 2235 5204 De
2261 5152 2503 5206 moribus
2527 5159 2707 5204 autem
2745 5149 2887 5202 infra
2931 5149 3169 5218 loquitur
3202 5149 3485 5204 Eusebius.
3556 5151 3735 5206 Porro

2159 5220 2457 5275 Menander
2485 5221 2788 5274 Samarzeus
2814 5219 3264 5289 rdicitui-Leodem
3320 5222 3479 5274 modo
3505 5235 3617 5289 quo
3643 5221 3734 5274 Si-

2158 5306 2282 5344 nion
2316 5290 2625 5345 Snmarwus
2649 5288 2950 5360 appellatur
2982 5305 3011 5342 a
3040 5288 3256 5343 Justiiio
3284 5289 3337 5343 in
3384 5288 3733 5360 Apalbgeu'ca

2152 5370 2209 5413 et
2240 5377 2269 5412 a
2304 5360 2582 5415 Clemente
2630 5361 2681 5413 in
2715 5359 2877 5429 libris
2922 5359 3376 5429 Iiecogm’ti'onum,
3423 5360 3476 5414 id
3530 5359 3614 5414 est
3663 5374 3731 5412 ex

2155 5430 2430 5498 provincia
2463 5447 2557 5485 seu
2596 5431 2819 5497 regione
2852 5428 3119 5494 Samaria,
3159 5446 3260 5482 non
3304 5439 3482 5483 autem
3523 5444 3588 5483 ex
3618 5431 3733 5496 ipsa

2157 5501 2291 5553 urbe
2322 5498 2589 5554 Samaria.
2612 5499 2745 5553 Nam
2786 5500 2971 5553 Simon
3000 5501 3215 5568 quidem
3247 5513 3312 5552 ex
3344 5500 3465 5553 vico
3489 5498 3728 5561 Gittliis;

2155 5568 2603 5641 Menanderjero
2644 5584 2728 5641 ex;
2771 5568 3114 5641 Craparattea,
3147 5568 3490 5641 diceb__xt_bp.q;
3533 5570 3734 5623 Καπα-

2159 5640 2409 5710 ραττέας.
2440 5638 2532 5694 Sic
2561 5639 2784 5710 eniinin
2810 5639 2974 5710 Mam,
3000 5639 3144 5710 Med.
3175 5651 3227 5693 et
3262 5637 3395 5710 Fuk.

2228 5712 2341 5779 (57)
2382 5711 2732 5781 Ἀθανασιιιις
2757 5707 2951 5762 didior
2974 5709 3269 5781 μεθέξειν.
3299 5708 3356 5765 lu
3379 5710 3571 5767 codice
3590 5703 3727 5765 Fuk.

2158 5789 2213 5836 et
2248 5783 2415 5836 Savil.
2447 5781 2644 5849 legitur
2668 5778 3189 5844 ἀθανασίαςάῖδίου.
