3894 6480
161 395 239 450 273
1109 400 1458 461 HISTORIA;
1499 402 2056 462 ECCLESIASTICE
2101 404 2226 460 LIB.
2269 363 2358 463 nt.

3260 414 3365 469 27s

158 526 254 572 τους
281 508 520 581 σωτῆρας
559 490 1014 589 ἐπιγραψάμενοι
1076 520 1175 592 τῆς
1209 520 1445 593 ἀληθοῦς
1493 524 1683 578 ἀποπε-

1802 523 2147 586 mortalitate,
2197 536 2262 579 ac
2309 523 2376 581 de
2417 532 2759 581 mortuorum
2794 525 3195 583 resurrectione
3228 527 3367 582 ludi-

158 600 386 656 πτὼκασιν
420 602 656 670 ἐλπίδος.

602 903 1015 959 ΚΕΦΔΛΑῘΟΝ
1066 908 1191 962 KZ’.

150 989 258 1060 Rep!
286 989 387 1059 τῆς
413 992 777 1050 Ἐσιωναίων
800 997 1231 1069 αἱρέσεως(Νἰς.
1264 997 1337 1052 Η.
1372 999 1438 1053 Ε.
1470 1015 1552 1066 ut,
1585 1002 1694 1070 l3).

204 1081 403 1146 ’Δλλους
423 1081 481 1135 δὲ
509 1083 539 1135 ὁ
572 1084 824 1157 πονηρὸς
844 1087 1050 1158 δαίμων
1072 1089 1171 1160 τῆς
1197 1089 1325 1159 περὶ
1351 1088 1442 1144 τὸν
1466 1090 1699 1162 Χριστὸν

146 1168 217 1225 τοῦ
246 1170 364 1224 Θεοῦ
406 1171 714 1238 διαθέσεως
763 1176 1040 1230 ἀδυνατῶν
1087 1180 1360 1242 ἐκσεῖσαι,
1396 1176 1695 1252 θατεραλή-

145 1279 276 1324 mu;
298 1261 404 1333 (38)
432 1260 642 1334 εὑρὼν,
673 1266 1076 1338 ἐσφετερίζετο.
1110 1267 1452 1331 Ἐδιωναίους
1479 1269 1697 1335 τούτους

142 1350 315 1415 οἰκείως
339 1352 693 1425 ἐπεφήμιζον
716 1357 763 1407 οἱ
799 1355 1022 1426 πρῶτοι,
1054 1356 1282 1427 πτωχῶς
1302 1358 1397 1412 καὶ
1425 1358 1697 1422 ταπεινῶς

137 1444 189 1537 ξά
212 1442 427 1514 περὶτοῦ
442 1444 692 1517 Χριστοῦ
710 1444 1048 1512 δοξάζοντας.
1076 1447 1233 1501 Λιτὺν
1291 1449 1392 1520 μὲν
1445 1450 1551 1523 γὰρ
1598 1451 1695 1504 αύ-

138 1535 205 1589 τὸν
251 1535 335 1589 καὶ
404 1535 595 1589 κοινὸν
647 1537 885 1608 ἡγοῦντο
912 1580 925 1601 ,
998 1538 1137 1593 κατά
1196 1543 1481 1614 προκοπὴν
1532 1543 1695 1616 ἧθους

136 1627 237 1680 αὐτὸ
268 1627 419 1698 μόνον
466 1627 775 1701 ἄνθρωπον
821 1629 1266 1703 δεδικαιωμένον,
1315 1632 1373 1699 ἐξ
1403 1634 1592 1706 ἀνδρός
1633 1652 1692 1689 τε

136 1720 375 1785 κοινωνίας
417 1722 516 1775 καὶ⁹
566 1722 678 1793 τῆς
735 1723 958 1795 Μαρίας
1008 1724 1431 1795 γεγεννημένον·
1484 1725 1592 1780 δεῖν
1638 1726 1694 1780 δὲ

1804 616 1923 671 brio
1952 630 2223 683 exponere
2250 617 2505 674 omnibus
2544 618 2718 673 modis
2762 630 3073 675 conaretur.
3121 618 3228 675 Sed
3272 621 3362 676 isti

1801 706 2015 774 quidem
2046 703 2275 775 89qui
2315 705 2583 774 ejusmodi
2635 720 2946 763 servatores
2993 708 3097 764 sibi
3151 709 3361 766 ascive-

1801 803 1944 859 rant‘,
1975 810 2071 864 spe
2103 811 2244 851 verte
2271 796 2460 852 salutis
2491 797 2707 868 penitus
2736 799 3071 855 exciderunt.

2348 909 2573 967 CAPUT
2611 909 2821 966 XXVII.

2218 1000 2292 1056 De
2324 1001 2691 1057 Ebionworum
2728 1005 2934 1059 haeresi.

1867 1089 2018 1146 Alios
2049 1106 2177 1149 vero
2211 1107 2346 1163 quos
2392 1095 2459 1147 ab
2481 1109 2665 1149 amore
2689 1093 2887 1151 Christi
2932 1096 3194 1169 malignus
3249 1098 3360 1155 da:-

1797 1194 1923 1234 mon
1951 1182 2225 1238 dimovere
2256 1198 2362 1238 non
2392 1194 2660 1253 potuerat,
2697 1185 2803 1240 alia
2837 1201 2902 1241 ex
2930 1198 3078 1258 parte
3113 1188 3358 1245 inﬁrmos

1794 1284 1918 1327 esse
1958 1273 2393 1341 deprehendens.
2432 1276 2486 1328 in
2540 1276 2796 1331 ditionem
2829 1293 2981 1333 suam
3016 1281 3238 1350 redegit.
3290 1280 3355 1335 Ili

1792 1366 1862 1421 ab
1889 1367 2131 1438 antiquis
2168 1369 2536 1439 cdgnontinati
2564 1379 2690 1424 sunt
2720 1370 2958 1427 Ebionzei
2985 1411 3002 1436 ,
3035 1373 3235 1443 quippe
3265 1377 3355 1444 qui

1795 1464 2070 1519 humiliter
2097 1465 2384 1519 admodum
2413 1475 2574 1536 atque
2603 1465 2819 1536 abiecte
2847 1469 2913 1523 de
2950 1467 3165 1526 Christo
3192 1473 3359 1526 senti-

1795 1564 1933 1613 rent.
1972 1557 2106 1611 Eum
2134 1557 2280 1613 enim
2315 1556 2615 1625 simplicem
2642 1573 2706 1615 ac
2736 1559 3038 1631 vulgarem,
3073 1577 3174 1617 nec
3210 1561 3355 1617 aliud

1791 1661 1952 1715 quam
1978 1647 2251 1701 hominem
2278 1661 2397 1703 esse
2414 1647 2735 1713 censebant,
2759 1649 2851 1719 qui
2882 1651 3128 1721 profectu
3177 1653 3353 1708 virtu-

1791 1739 1858 1793 tis
1887 1739 2075 1809 justus
2099 1738 2274 1794 factus
2300 1738 2493 1795 fuisset
2519 1756 2535 1806 ;
2573 1751 2830 1795 caeterum
2870 1756 2935 1796 ex
2963 1742 3065 1798 viri
3094 1759 3220 1798 cum
3251 1744 3359 1799 Ma-

133 1813 308 1876 πάντως
330 1812 519 1877 αὐτοῖς
547 1815 660 1885 τῆς
690 1815 921 1885 νομικῆς
962 1815 1277 1887 θρησκείας,
1312 1816 1389 1880 ὡς
1418 1816 1492 1889 μὴ
1516 1815 1582 1870 ἂν
1606 1817 1683 1870 διὸ

1792 1832 1871 1884 ria
1895 1832 2191 1887 concubitu
2245 1843 2615 1903 procreatum.
2654 1833 2827 1889 Porro
2856 1832 2993 1906 legis
3016 1836 3352 1892 observatio-

88 1895 103 1907 ”
135 1904 266 1974 μάν-ης
306 1906 403 1975 τῆς
451 1908 541 1969 εἰς
591 1905 692 1960 τὸν
736 1907 969 1978 Χριστὸν
1003 1907 1237 1971 πίστεως
1286 1908 1381 1962 καὶ
1427 1908 1519 1962 τοῦ
1568 1912 1683 1964 κατ’

1792 1938 1908 1978 nem
1933 1923 2036 1980 sibi
2061 1924 2283 1979 omnino
2316 1925 2684 1980 necessariam
2740 1925 3032 1992 ducebant,
3077 1927 3229 1998 quasi
3259 1943 3355 1999 per

130 1997 262 2068 crithit
295 1996 411 2069 βίου
459 1997 905 2071 σωθησομένοις.
955 1999 1138 2054 Ἀλλοι
1183 2000 1241 2054 δὲ
1288 2001 1439 2073 παρά
1468 2001 1688 2068 τούτους

128 2090 202 2160 τῆς
228 2090 388 2162 αὐτῆς
423 2090 589 2155 ὄντες
636 2084 1030 2164 προσηγορίας,
1068 2092 1164 2164 τὴν
1201 2092 1300 2164 μὲν
1327 2093 1435 2147 τῶν
1467 2094 1690 2168 εἰρημέ-

126 2199 206 2234 νων
230 2181 448 2237 ἔκτοπον
489 2182 880 2255 διεδίδρασκον
911 2183 1158 2248 ἀτοπίαν,
1190 2184 1253 2238 ἐκ
1280 2184 1558 2257 Παρθένου
1594 2186 1687 2239 καὶ

126 2272 194 2325 τοῦ
214 2274 351 2342 ἁγίου
368 2274 516 2327 Πνεύ
525 2292 710 2344 ματος
734 2276 809 2346 μὴ
825 2275 1143 2347 ἀρνούμενοι
1167 2275 1545 2344 γεγονέναιτόν
1570 2276 1687 2330 Κύ-

127 2382 229 2433 ριον,
248 2366 303 2420 οὗ
321 2365 426 2438 μὴν
465 2366 551 2419 ἔθ’
583 2367 796 2439 ὁμοίως
815 2368 909 2421 καὶ
928 2363 1073 2422 οὗτοι
1106 2368 1479 2441 προϋπάρχειν
1500 2368 1681 2436 αὐτὸν,

122 2455 224 2508 θεὸν
248 2458 412 2526 Λόγον
434 2458 579 2512 δντα
604 2459 703 2511 καὶ
720 2458 920 2528 Σοφίαν
946 2459 1159 2533 Πατρὺς
1187 2459 1591 2531 ὁμολογοῦντες,
1618 2464 1683 2534 τῇ

122 2547 203 2601 τῶν
224 2550 500 2623 προτέρων
536 2551 979 2623 περιετρέποντο
1002 2551 1308 2623 δυσσεϐείᾳ,
1336 2551 1571 2624 μάλιστα
1596 2553 1685 2607 ὅτε

121 2642 192 2694 καὶ
221 2640 308 2713 τὴν
340 2642 687 2715 σωματικὴν
718 2643 847 2715 περὶ
883 2642 974 2698 τὸν
1006 2644 1169 2716 νόμον
1204 2645 1457 2718 λατρείαν
1488 2646 1685 2717 ὁμοίως

119 2731 309 2797 ἐκείνοις
356 2734 670 2806 περιέπειν
720 2735 1073 2800 ἐσπούδαζον.
1127 2731 1285 2791 Οὗτοι
1337 2736 1393 2791 δὲ
1445 2736 1539 2792 τοῦ
1588 2738 1686 2810 μὲν

126 2823 410 2879 Ἀποστδλου
461 2827 665 2890 πάσας
687 2824 789 2890 τὰς
826 2826 1140 2885 Ἐπιστολάς
1162 2829 1435 2900 ἀρνητέας
1459 2829 1686 2900 ἡγοῦντο

118 2910 223 2969 εἶναι
243 2916 365 2981 δεῖ),
388 2916 732 2987 ἀποστάτην
762 2917 1163 2983 ἀποκαλοῦντες
1189 2919 1351 2973 αὑτὸν
1377 2919 1470 2973 τοῦ
1496 2924 1698 2992 νόμους

116 3010 422 3079 Eiram-3.119)
460 3010 523 3063 δὲ
569 3008 729 3082 μόνῳ
752 3008 832 3078 τῷ
862 3012 991 3064 καθ’
1059 3012 1366 3080 Ἐϐραίους
1408 3012 1685 3085 λεγομένῳ

115 3098 365 3170 χρώμενοι,
398 3102 516 3154 τῶν
554 3100 773 3155 λοιπῶν
809 3103 1037 3175 σμικρὸν
1064 3104 1345 3160 ἐποιοῦντο
1369 3107 1546 3175 λόγον.
1575 3108 1687 3163 Καὶ

115 3191 157 3242 τὸ
184 3192 268 3262 μὲν
309 3193 610 3247 Σάϐϐατα
653 3193 752 3246 καὶ⁵
789 3193 888 3263 τὴν
942 3195 1237 3268 Ἰουδαῖκὴν
1266 3196 1431 3269 ἄλλην
1463 3199 1684 3272 ἀγωγὴν

114 3279 272 3349 ὁμοίως
304 3283 547 3350 ἐκείνοις
590 3261 1034 3355 παρεφύλαττον,
1067 3261 1253 3350 ταῖς-δ’
1287 3282 1353 3341 αὖ
1378 3261 1682 3360 Rupta-ai";
1710 3261 1752 3318 c

112 3372 305 3442 ἡμέραις
342 3378 483 3447 ἡμῖν
517 3375 599 3429 τὰ
644 3377 1011 3448 παραπλήσια
1053 3379 1133 3441 εἰς
1172 3380 1391 3451 μνήμην
1441 3382 1539 3453 τῆς
1584 3381 1677 3436 τοῦ

112 3467 277 3540 Κυρίου
338 3471 722 3534 ἀναστάσεως
782 3471 1087 3524 ἐπετέλουν.
1155 3471 1314 3525 Ὅθεν
1374 3472 1525 3547 παρά
1582 3475 1679 3547 τὴν

109 3559 321 3633 τοιαύτην
344 3560 691 3633 ἐγχείρησιν
714 3560 816 3631 τῆς
843 3560 1054 3613 τοιᾶσδε
1091 3560 1378 3633 λελόγχασι
1410 3580 1679 3635 προσηγο-

111 3650 220 3717 ρέςις,
261 3652 353 3705 τοῦ
420 3652 778 3706 Ἑὸιωναίων
829 3650 1118 3722 ὀνόματος,
1158 3653 1256 3724 τὴν
1300 3653 1397 3725 τῆς
1443 3654 1677 3718 διανοίας

108 3742 335 3811 πτωχείαν
368 3743 486 3813 (59)
524 3740 723 3796 αὐτῶν
754 3741 1158 3811 ὑποφαίνοντος.
1194 3742 1374 3814 Ταύτῃ
1408 3744 1517 3816 γὰρ
1562 3745 1679 3798 ἐπί-

108 3831 209 3902 κλην
235 3836 262 3886 ὁ
298 3836 525 3906 πτωχὸς
558 3835 702 3905 παρ’
752 3833 1025 3908 Ἑϐραίοις
1052 3834 1390 3906 ὀνομάζεται.

596 3944 1005 3999 ΚΕΦΑΛΑΙΟΝ
1040 3947 1176 4001 κη’.

106 4037 663 4108 ΠερὶΚηρίνθσυτοῦ
684 4036 1074 4107 αἱρεσιάρχου
1101 4038 1240 4109 (Nic.
1269 4039 1337 4094 Η.
1370 4040 1435 4096 Ε.
1459 4057 1539 4108 ιιι,
1562 4042 1672 4114 14).

155 4129 289 4184 Κατὰ
312 4132 447 4195 τοὺς
473 4127 901 4199 δεδηλωμένους
927 4128 1171 4200 χρόνους,
1200 4130 1390 4203 ἐτέρας
1418 4134 1679 4206 αἱρέσεως

104 4215 303 4289 ἀρωγὸν
330 4219 611 4290 γενέσθαι
645 4217 925 4290 Κήρινθον
956 4220 1387 4293 παρειλήφαμεν.
1422 4224 1598 4289 Γάϊος,
1617 4220 1677 4280 οὗ

105 4310 249 4373 φωνὰς
270 4310 371 4390 ήδη
416 4312 713 4383 πρότερον
747 4308 1169 4380 παρατέθειμαι,
1201 4313 1258 4364 ἐν
1302 4315 1366 4384 τῇ
1403 4316 1679 4390 φερομένῃ

106 4397 232 4451 αὐτοῦ
254 4401 551 4470 Ζητήσρι,
586 4399 771 4454 ταῦτα
816 4400 945 4470 περὶ
983 4399 1146 4454 αὐτοῦ
1176 4402 1407 4474 γραφέν
1450 4423 1469 4455 ι
1518 4407 1683 4483 Ἀλλὰ,

103 4497 172 4547 καὶ
200 4498 471 4569 Κήρινθος
510 4499 546 4551 ὁ
598 4497 672 4551 δι’
707 4495 1104 4567 ἀποκαλύψεων
1135 4497 1210 4559 ὡς
1240 4496 1345 4550 ὑπὸ
1382 4496 1677 4554 ἀποστόλου

1786 2014 1955 2070 solam
1984 2015 2039 2069 in
2068 2014 2344 2070 Christum
2379 2016 2562 2082 ﬁdem,
2606 2018 2882 2087 vitamque
2909 2033 2977 2075 ex
3011 2033 3074 2074 ea
3110 2019 3215 2075 llde
3243 2028 3352 2074 tra-

1786 2108 2026 2174 ductam,
2049 2107 2277 2163 salutem
2305 2110 2562 2178 consequi
2592 2124 2696 2164 non
2733 2109 2993 2167 valerent.
3015 2110 3118 2166 Alli
3150 2110 3220 2167 ab
3246 2111 3351 2176 his,
3432 2128 3441 2135 “

1786 2201 1974 2257 eodem
2004 2200 2221 2256 nomine
2270 2202 2587 2271 nuncupati,
2630 2205 2919 2259 absurdam
2946 2208 3188 2276 priorum
3223 2220 3354 2261 sen-

1788 2294 2011 2348 tentiam
2046 2292 2397 2363 refugientes,
2421 2293 2698 2350 Christum
2729 2298 2948 2368 quidem
2974 2312 3040 2353 ex
3086 2295 3309 2368 Virgine
3331 2337 3350 2364 ,

1787 2395 1838 2442 et
1860 2402 1924 2440 ex
1957 2384 2157 2454 Spiritu
2185 2394 2373 2442 sancto
2406 2387 2646 2456 genitum
2702 2404 2822 2444 esse
2854 2403 2960 2445 non
2992 2396 3222 2461 negant:
3256 2391 3351 2446 sed

1788 2476 1950 2531 iidem
1976 2476 2330 2531 nihilominus
2357 2492 2480 2531 cum
2507 2477 2783 2534 Christum
2810 2489 2996 2551 utpote
3024 2480 3188 2535 Deum
3215 2480 3352 2538 Ver-

1786 2568 1909 2622 bum
1949 2583 2011 2623 ac
2035 2566 2370 2638 Sapientiam
2395 2570 2579 2627 Patris
2626 2579 2756 2626 ante
2806 2572 2990 2626 omnia
3040 2572 3351 2628 substitisse

1785 2658 2005 2713 minime
2034 2657 2325 2726 fateantur,
2348 2662 2401 2716 in
2425 2662 2669 2718 eamdem
2700 2678 2822 2718 cum
2853 2663 3125 2734 prioribus
3157 2664 3349 2734 impie-

1788 2758 1952 2805 tatem
1979 2750 2183 2823 delapsi
2215 2761 2341 2809 sunt
2375 2773 2389 2810 :
2427 2768 2550 2808 cum
2579 2755 2880 2824 praesertim
2909 2755 3224 2826 corporales
3269 2757 3350 2812 le-

1772 2838 1865 2913 ‘gis
1892 2842 2137 2900 Mosaicae
2181 2847 2560 2916 caeremonias,
2598 2847 2822 2918 perinde
2865 2863 2930 2903 ac
2982 2848 3058 2903 illi
3099 2856 3350 2905 accurate

1784 2935 2112 2990 custodiant.
2170 2934 2237 2990 Hi
2299 2936 2569 3006 Epistolas
2626 2941 2843 3009 quidem
2908 2941 3059 2997 Pauli
3123 2956 3351 3012 prorsus

1785 3026 2109 3095 rejiciendas
2140 3044 2261 3086 esse
2294 3032 2616 3098 censebant,
2651 3034 2982 3090 desertorem
3018 3032 3169 3091 illum
3213 3033 3350 3103 legis

1784 3129 2037 3175 vocantes
2071 3122 2275 3177 :solum
2303 3135 2483 3181 autem
2513 3122 2858 3196 Evangelt'um
2887 3124 3050 3190 illud,
3097 3127 3238 3195 quod
3268 3141 3351 3181 se-

1785 3215 2013 3267 cundum
2044 3212 2296 3270 Hebraea
2335 3216 2557 3285 dicitur,
2594 3201 2829 3285 am'plexi
2856 3257 2871 3276 .
2936 3216 3143 3285 reliqua
3195 3218 3347 3287 parvi

1786 3304 2083 3361 faciebant.
2117 3305 2183 3360 Et
2206 3306 2504 3363 Sabbatum
2533 3311 2749 3380 quidem
2806 3308 3053 3378 aliosque
3095 3306 3349 3364 Iudaicos

1786 3397 1920 3452 ritus
1940 3412 2048 3453 non
2082 3411 2243 3453 secus
2262 3413 2326 3454 ac
2352 3397 2522 3455 Judaei
2550 3399 2935 3456 observabant.
2995 3397 3194 3454 Diebus
3217 3412 3350 3453 vero

1788 3488 2077 3543 Dominicis
2112 3490 2300 3544 eadem
2334 3505 2454 3559 qua:
2486 3506 2587 3547 nos
2634 3491 2688 3546 in
2726 3492 3039 3547 memoriam
3096 3504 3341 3545 resurre-

1783 3579 1982 3634 ctionis
2008 3579 2218 3634 Domini
2249 3583 2599 3654 peragebant.
2633 3582 2802 3651 Cujus
2852 3580 2931 3636 rei
2981 3595 3145 3636 causa
3188 3580 3349 3637 Ebio-

1785 3685 2019 3726 meorum
2048 3686 2349 3743 cognomen
2396 3674 2574 3731 sortiti
2629 3682 2792 3736 sunt.
2840 3687 2948 3743 quo
2982 3671 3351 3742 intelligentia:
3444 3700 3447 3703 ν

1784 3758 1995 3814 illorum
2031 3761 2207 3833 inopia
2244 3763 2379 3819 satis
2438 3763 2727 3820 indicatur.
2777 3763 2870 3820 Sic
2906 3764 3051 3820 enim
3111 3763 3350 3819 mendici

1785 3850 1921 3921 apud
1955 3850 2212 3909 Hebraeos
2239 3867 2529 3912 vocantur.

2309 3969 2538 4027 CAPUT
2574 3968 2813 4026 XXVIII.

2199 4059 2278 4115 De
2310 4059 2555 4116 Cerintho
2589 4062 2959 4117 hwreaiarclta.

1853 4149 2051 4207 Eadem
2072 4160 2394 4222 tempestate
2415 4152 2638 4209 alterius
2654 4152 2874 4208 haeresis
2890 4160 3165 4210 auctorem
3189 4151 3352 4207 fuisse

1782 4237 2100 4296 Cerinthum
2124 4246 2460 4313 accepimus.
2485 4245 2560 4299 De
2585 4258 2697 4313 quo
2723 4243 2885 4299 Caius
2934 4245 2980 4299 is
3005 4244 3160 4315 cujus
3188 4245 3349 4298 Verba

1784 4334 2040 4401 superius
2072 4335 2228 4406 100
2255 4335 2562 4401 retulimus,
2586 4336 2701 4390 haec
2736 4335 2790 4390 in
2834 4334 3199 4403 Dirpulatione
3253 4350 3348 4388 sua

1784 4426 2003 4480 scribit:
2025 4444 2043 4477 ι
2069 4425 2173 4481 Sed
2204 4435 2258 4481 et
2285 4426 2595 4492 Cerinthus,
2639 4426 2834 4497 inquit,
2873 4440 2970 4495 per
2997 4425 3351 4481 revelationes

1789 4515 2051 4583 quasdam
2080 4530 2108 4568 a
2139 4531 2200 4571 se
2234 4525 2493 4588 tanquam
2524 4534 2554 4572 a
2586 4532 2784 4587 magno
2832 4517 3066 4587 quodam
3109 4514 3353 4585 apostolo

107 4588 300 4653 μεγάλου
352 4588 814 4662 γεγραμμένων,
869 4587 1251 4660 τερατολογίας
1306 4590 1438 4660 ἡμῖν
1490 4590 1565 4656 ὡς
1613 4592 1679 4645 δι’

1792 4605 2147 4676 conscriptas,
2176 4587 2431 4677 portenta
2460 4605 2709 4677 quaedam
2736 4607 2893 4678 quasi
2918 4608 2986 4662 ab
3016 4606 3222 4675 angelis
3249 4605 3352 4662 sibi

102 4678 305 4745 ἀγγέλων
333 4682 497 4754 αύτῷ
524 4680 891 4749 δεδειγμένας
910 4679 1256 4751 ψευδόμενος,
1285 4681 1567 4752 ἐπεισάγει
1591 4683 1680 4737 λέ-

103 4784 203 4835 γω,
228 4775 359 4843 μετά
392 4775 504 4847 τὴν
535 4774 850 4827 ἀνάστασιν
874 4771 1112 4840 ἐπίγειον
1150 4767 1289 4826 εἶναι
1316 4772 1378 4827 τὸ
1413 4774 1682 4844 βασίλειον

100 4863 167 4916 το]
199 4866 459 4938 Χριστοῦ,
511 4866 620 4920 καὶ
669 4864 836 4917 πάλιν
869 4863 1184 4935 ἐπιθυμίαις
1233 4865 1327 4919 καὶ
1380 4866 1593 4937 ἡδοναῖς
1625 4869 1685 4922 ἐν

111 4951 428 5031 Ἰερουσαλὴμ
454 4959 572 5030 τὴν
597 4957 788 5029 σάρκα
810 4954 1226 5029 πολιτευομένην
1252 4957 1541 5015 δουλεύειν.
1572 4961 1683 5015 Καὶ

102 5042 253 5117 ἐχθρὸς
287 5052 573 5124 ὑπάρχων
606 5051 737 5112 ταῖς
769 5048 1011 5118 Γραφαῖς
1031 5049 1124 5103 τοῦ
1159 5047 1316 5116 Θεοῦ,
1347 5051 1575 5123 ἀριθμὸν
1600 5071 1681 5124 χι-

102 5134 393 5208 eamad;
418 5145 485 5196 ἐν
508 5142 694 5213 γάμῳ
721 5139 936 5212 ἑορτῆς,
961 5138 1129 5194 θέλων
1153 5139 1358 5212 πλανᾷν
1375 5140 1511 5212 (40),
1530 5142 1679 5213 λέγει

152 5347 250 5421 {38)
275 5349 828 5421 Θατεραλήπτους.
867 5348 1011 5404 Nova
1040 5351 1225 5419 dictio,
1249 5368 1316 5410 ex
1341 5354 1552 5412 duabus
1598 5357 1682 5411 in-

101 5414 258 5492 solenti
282 5414 715 5492 conipositione
735 5414 1038 5492 compacta.
1067 5414 1221 5478 ldem'
1251 5426 1395 5482 enim
1432 5436 1527 5483 cst'
1548 5443 1612 5483 ac
1639 5430 1681 5482 si

102 5485 303 5564 dicerent
338 5485 574 5564 θατέρᾳ
606 5485 877 5564 ληπτούςζ
1213 5562 1221 5564 _
1596 5552 1603 5557 κ

154 5557 247 5629 (39)
276 5563 388 5617 Τοῦ
428 5557 813 5634 Ἐϐῐωνὶιίῳν
847 5561 1136 5634 gratator-
1166 5562 1280 5631 τὴν
1292 5565 1404 5633 τῆς
1418 5565 1687 5634 διανοίας

101 5634 384 5703 argiletum
419 5635 589 5687 Idem
615 5630 820 5703 scribit
840 5629 1105 5701 Origenes
1135 5635 1186 5686 in
1224 5629 1317 5688 lib.
1344 5629 1393 5689 i6
1428 5636 1501 5689 De
1532 5629 1685 5703 prin;

103 5695 261 5780 Sipiisl:
450 5700 861 5780 ἐλαμϐάνομεν
918 5695 1092 5780 ταῦτα
1144 5703 1220 5780 ὡς
1268 5705 1320 5780 οξ
1356 5695 1565 5780 πτωχοὶ
1596 5709 1683 5780 τῇ

102 5760 269 5845 ξανοίᾳ
302 5760 664 5845 Ἐὃιωναῗοι,
698 5760 801 5845 τῆς
849 5773 1120 5845 πτωχείας
1146 5760 1257 5845 τῆς
1297 5760 1537 5839 διανοίιῖς
1592 5760 1688 5830 ἐιιτῖ1

102 5841 270 5907 magis}.
290 5861 303 5874 -
336 5844 571 5901 Ἐϐίων
604 5841 720 5908 γὰρ
739 5841 768 5895 ὀ
795 5841 1004 5908 πτωχδς
1027 5844 1156 5909 παρ’
1186 5841 1460 5910 Ἑϐραίοις
1487 5846 1685 5909 ονομάο

1785 4705 2000 4750 ostensa
2027 4704 2369 4753 commentus
2403 4698 2560 4754 nobis
2604 4697 2914 4762 introducit.
2939 4694 3212 4751 aﬂirmans
3232 4707 3356 4768 post

1787 4786 2239 4842 resurrectionem
2273 4803 2497 4859 regnum
2525 4788 2723 4844 Christi
2782 4789 2834 4843 in
2884 4788 3041 4845 terris
3068 4786 3308 4845 futurum
3335 4829 3352 4853 ,

1786 4888 1850 4929 ac
1874 4891 2067 4934 rursus
2108 4880 2361 4937 homines
2395 4878 2782 4952 Hierosolymis
2804 4880 3061 4950 degentes
3097 4883 3355 4953 cupidita-

1786 4966 1928 5023 tibus
1950 4978 2006 5027 et
2037 4970 2298 5042 voluptati
2340 4974 2593 5044 corporis
2615 4971 2886 5029 obnoxios
2918 4972 3054 5028 fore.
3089 4975 3355 5042 Additque

1786 5057 1956 5116 hostis
1981 5061 2072 5119 ille
2099 5062 2414 5119 divinarum
2444 5066 2881 5134 Scripturarum,
2908 5065 3057 5120 mille
3088 5080 3354 5121 annorum

1783 5153 2018 5220 spatium
2056 5154 2110 5207 in
2172 5157 2502 5224 nuptialibus
2550 5155 2706 5211 festis
2737 5163 3076 5212 transactum
3107 5156 3197 5219 iri,
3251 5171 3356 5225 quo

1792 5357 1964 5426 ξεται.
2005 5359 2169 5413 Ὥστε
2198 5358 2488 5414 ὑπολαϐεῖν
2515 5358 2607 5414 ἐπὶ
2651 5359 2777 5425 τοὺς
2812 5358 3101 5483 σαρκίνους
3147 5358 3343 5434 Ἰσραη-

1792 5430 1935 5483 λίτας
1992 5431 2418 5483 προηγουμένως
2462 5429 2554 5483 τὸν
2596 5430 2831 5483 Χοιστὸν
2909 5428 3094 5483 πιδεδη
3105 5429 3337 5483 μηκέναι

1783 5429 1935 5503 λίτας
1992 5431 2418 5503 προηγουμένως
2462 5429 2831 5503 τὸν-Χριστὸν
2879 5428 3357 5500 ἐπιδεδημηκέναι.

1784 5500 1960 5580 Porro
1992 5500 2052 5580 in
2081 5500 2269 5556 cedice
2291 5501 2431 5580 μοι.
2463 5518 2527 5555 ac
2566 5500 2710 5558 Med.
2735 5502 3013 5580 id_nomcn
3055 5514 3178 5580 cum
3205 5515 3357 5569 aspe-

1785 5585 1847 5623 ro
1874 5571 2069 5639 spiritu
2100 5572 2462 5641 perscriptum
2494 5580 2600 5635 est,
2638 5582 2752 5624 tum
2787 5570 2893 5624 hoc
2951 5569 3005 5622 in
3055 5569 3195 5632 loco,
3250 5580 3359 5623 tum

1785 5639 1840 5712 i_n
1871 5639 2014 5696 libro
2043 5650 2219 5712 sexto,
2264 5641 2357 5696 ubi
2409 5642 2591 5710 agitur
2634 5642 2703 5696 de
2753 5639 3107 5712 Symmacho,
3144 5640 3362 5696 Veteris

1787 5655 1840 5693 111
1874 5655 2014 5696 ltDl'O
2043 5655 2219 5703 seruo,
2264 5655 2357 5696 DDI
2409 5655 2591 5710 agitur
2634 5655 2703 5696 (le
2753 5655 3107 5712 Symmacno,

1784 5707 2117 5795 Τεξξξιηετῑιέ
2156 5711 2464 5795 internar-
2531 5780 2568 5795 .,
2615 5779 2634 5795 .
2724 5780 2750 5795 .
2822 5780 2837 5795 .

1859 5778 1972 5850 (40)
2004 5779 2207 5835 Θέλων
2231 5778 2495 5847 πλανᾷν.
2531 5779 2782 5852 Σπλανᾷν
2822 5780 2876 5836 in
2916 5781 3158 5838 editione
3215 5781 3359 5837 Rob.

1787 5850 2047 5908 Stephani
2079 5852 2269 5908 nescio
2290 5866 2398 5909 nuo
2424 5866 2554 5908 casu
2576 5850 2839 5909 excusant
2869 5862 2975 5911 est.
3012 5852 3182 5910 Ouem
3214 5864 3356 5907 tua»
