3894 6502
456 365 564 421 287

1174 364 1264 422 EU
1274 363 1447 420 SEBII
1483 363 1593 418 CM
1602 362 1964 420 SARIENSIS
1998 363 2041 421 0

2146 406 2150 418 ,
2189 364 2369 420 PARS
2409 363 2446 420 Ι.
2487 395 2559 405 -
2598 320 2986 420 ιιιετὸιιιεΑ.

3598 364 3705 422 288

456 482 755 551 supradicti
780 483 1126 554 imperatoris
1160 486 1324 538 tertio
1349 482 1484 538 abiit
1531 497 1562 538 ο
1595 482 1730 548 vita,
1770 482 2031 539 Evarasto

2146 484 2528 555 προειρημένου
2581 483 2842 554 βασιλέως
2889 481 3084 555 ἀρχῆς,
3134 482 3367 554 Κλήμης
3411 483 3708 554 Εὐαρέστῳ

457 576 823 630 sacerdotium
878 575 1219 643 relinquens,
1266 589 1389 629 cum
1419 589 1611 629 novem
1668 583 1813 632 totos
1860 590 2036 631 annos

390 658 403 664 ’
458 667 907 739 praedicationem
935 668 1084 722 verbi
1126 667 1293 722 divini
1321 676 1691 737 procurasset.

1013 848 1242 905 CAPUT
1290 847 1506 904 XXXV.

942 937 1436 1061 Hieroso’lynltorum
1508 937 1761 993 Ecclesia:
1823 937 2036 1008 prefuit

1196 1025 1253 1061 us
1280 1024 1340 1061 us

1196 1024 1340 1062 ιιδιιιε

536 1099 806 1170 Symeone
841 1114 1058 1170 quoque
1081 1100 1148 1153 ad
1191 1101 1338 1154 hunc
1368 1114 1528 1168 quem
1555 1099 1793 1153 diximus
1820 1100 2036 1155 modum

376 1186 380 1189 ⁷
465 1192 570 1244 vita
597 1190 875 1257 defuncto,
928 1190 1409 1263 Hierosolymitani
1459 1194 1803 1262 episctwpatus
1855 1191 2036 1246 sedem

461 1281 651 1336 Justus
689 1282 908 1351 quidam
940 1279 1160 1337 Iudaeus
1206 1281 1465 1351 capessit.
1529 1282 1738 1352 Quippe
1787 1297 1852 1337 ea
1907 1291 2039 1336 tem-

463 1377 673 1439 pestate
698 1369 1127 1426 innumerabiles
1157 1385 1223 1425 ex
1252 1369 1667 1425 circumcisione
1714 1369 1780 1424 ad
1835 1368 2034 1423 Christi

466 1462 625 1516 tidem
656 1463 1010 1520 transierant.

991 1552 1217 1621 CAPUT
1260 1552 1501 1608 xxxvt.

819 1644 899 1698 De
934 1644 1149 1715 Ignatio
1188 1655 1238 1699 et
1276 1645 1388 1714 ejus
1429 1643 1685 1716 epistolis.

464 937 619 1003 Quod
681 940 866 993 tertius

2136 575 2407 644 παραδοὺς
2428 576 2525 646 τὴν
2544 575 2900 645 λειτουργίαν,
2931 573 3150 628 ἀναλύει
3176 575 3267 627 τδν
3285 575 3417 645 βίον,
3439 574 3512 628 τά
3530 575 3708 630 πάντα
3738 606 3761 619 κ

2136 664 2375 735 προστὰς
2433 665 2527 736 ἐτη
2598 664 2753 719 ἐννέα
2823 664 2922 734 τῆς
2975 663 3069 717 τοῦ
3131 664 3276 717 θείου
3345 664 3504 733 λόγου
3565 664 3713 720 διδα-

2138 757 2384 821 σκαλίας.

2636 850 3029 904 ΚΕΦΑΛΑΙΟΝ
3050 851 3174 905 AE'.

2148 940 2246 1005 Ὠς
2284 939 2478 1007 τρίτος
2518 936 2624 1008 τῆς
2662 940 3107 1012 ,Ἱεροσολύμων
3156 941 3427 1012 Ἰοῦστος
3482 940 3710 1012 ἡγεῖται

2648 1011 2786 1081 (Nic.
2812 1010 2888 1075 ll,
2913 1011 3090 1077 Eam,
3116 1011 3193 1083 2).

2208 1100 2364 1156 Ἀλλά
2393 1102 2486 1155 καὶ
2516 1101 2608 1155 τοῦ
2637 1102 2920 1174 Συμεῶνος
2952 1104 3043 1157 τὸν
3068 1103 3374 1174 δηλωθέντα
3399 1102 3714 1158 τελειωθέν-

2136 1209 2226 1257 τος
2257 1192 2475 1264 τρόπον,
2516 1195 2613 1265 τῆς
2652 1195 2709 1246 ἐν
2742 1194 3128 1266 Ἱεροσολύμοις
3154 1195 3460 1266 ἐπισκοπῆς
3480 1194 3574 1250 τὸν
3593 1194 3715 1265 θρό-

2136 1301 2225 1336 νον
2267 1283 2515 1347 Ἰουδαῖός
2543 1301 2625 1348 τις
2657 1282 2829 1355 ὄνομα
2856 1283 3105 1349 Ἰοῦστος,
3130 1286 3338 1358 μυρίων
3370 1286 3507 1339 ὅσων
3526 1286 3591 1338 ἐκ
3608 1302 3712 1337 πε-

2138 1376 2364 1448 ριτομῆς
2388 1377 2465 1437 εὶς
2480 1377 2570 1430 τὸν
2599 1377 2830 1447 Χριστὸν
2844 1376 3145 1447 τηνικαῦτα
3168 1377 3605 1433 πεπιστευκότων
3630 1371 3715 1442 εἷς

2138 1467 2229 1519 κα)⁵
2256 1466 2415 1530 αὐτὸς
2442 1464 2535 1529 ὢν,
2564 1466 2883 1538 διαδέχεται.

2592 1559 2990 1613 ΚΕΦΑΛΑΙΟΝ
3040 1561 3178 1627 AG".

2241 1650 2379 1716 Περὶ
2419 1649 2707 1719 Ἰγνατίου
2751 1650 3007 1719 καὶτῶν
3046 1647 3383 1704 ἐπιστολῶν
3421 1648 3609 1703 αὐτοῦ

2582 1720 2724 1790 (Nic.
2753 1720 2820 1774 11.
2853 1717 2920 1776 Ε.
2954 1735 3037 1785 ttt,
3065 1720 3183 1789 29).

538 1799 732 1856 Iisdem
764 1801 1097 1871 temporibus
1141 1799 1367 1856 ﬂorebat
1421 1801 1474 1855 in
1528 1801 1654 1855 Asia
1710 1799 2037 1871 Polycarpus

2209 1811 2478 1884 Διέπρεπέ
2505 1829 2568 1881 γε
2595 1812 2700 1883 μὴν
2730 1811 2869 1865 κατὰ
2894 1811 3115 1875 τούτους
3140 1810 3232 1864 ἐπὶ
3264 1811 3365 1881 τῆς
3393 1810 3578 1875 Ἀσίας
3606 1809 3720 1864 τῶν

468 1891 838 1959 apostolorum
871 1892 1202 1959 discipulus,
1235 1892 1324 1961 qui
1368 1908 1397 1943 ιι
1431 1889 1787 1944 familiaribus
1825 1904 1889 1942 ac
1941 1889 2041 1943 mi-

469 1982 665 2038 nistris
697 1983 937 2047 Domini,
979 1982 1329 2055 Smyrnensis
1367 1982 1623 2037 Ecclesiae
1669 1982 2037 2052 episcopatum

470 2085 779 2144 acceperat.
825 2074 1025 2145 Papias
1060 2090 1305 2145 quoque,
1366 2073 1803 2143 Hierapolitanus
1827 2073 2039 2143 episco-

468 2183 594 2238 pus,
625 2169 814 2223 eadem
848 2177 1009 2223 aetate
1043 2167 1275 2223 celebris
1300 2166 1420 2234 fuit,
1449 2167 1534 2220 vir
1571 2166 1836 2236 imprimis
1862 2166 2039 2221 diser-

470 2270 559 2314 tus
585 2269 639 2315 et
661 2260 926 2324 eruditus,
975 2275 1040 2314 ac
1084 2260 1493 2331 Scripturarum
1530 2260 1754 2328 peritus.
1794 2256 2039 2328 lgnatius

468 2366 730 2422 prasterea
758 2353 1054 2407 multorum
1077 2351 1418 2407 sermonibus
1457 2360 1641 2405 nostra
1676 2349 1839 2405 etiam
1880 2360 2040 2404 aatate

468 2445 801 2512 celebratus,
847 2445 1118 2500 secundus
1160 2453 1282 2513 post
1328 2443 1551 2498 Petrum
1613 2442 2036 2497 Antiochensem

469 2534 769 2593 Ecclesiam
800 2538 1026 2591 sortitus
1061 2543 1164 2590 est.
1196 2534 1294 2589 Hic
1315 2536 1385 2590 ob
1410 2533 1569 2588 ﬁdem
1594 2532 1794 2589 Christi
1821 2547 1852 2587 e
1882 2530 2038 2602 Syria

470 2633 538 2686 ad
567 2634 758 2689 urbem
795 2632 1021 2688 Romam
1053 2632 1370 2702 perductus,
1411 2630 1603 2686 bestiis
1643 2628 1891 2697 objectus
1920 2640 2040 2683 esse

469 2723 691 2780 dicitur.
720 2724 788 2779 Et
814 2740 935 2780 cum
968 2739 1063 2794 per
1086 2724 1275 2779 Asiam
1310 2723 1410 2778 sub
1442 2721 1850 2777 accuratissima
1880 2720 2042 2775 satel-

469 2813 625 2869 litum
656 2816 901 2871 custodia
939 2817 1271 2880 ductaretur,
1310 2814 1646 2885 singularum
1688 2812 2039 2868 nihilominus

468 2907 753 2961 civitatum
789 2923 926 2978 quas
960 2907 1359 2978 ingrederetur,
1394 2905 1668 2961 Ecclesias
1699 2904 2039 2960 sermonibus

469 3010 524 3054 et
559 2998 1031 3055 cohortationibus
1054 3001 1166 3055 suis
1186 2999 1537 3065 confirmans,
1568 2998 1820 3054 monebat
1851 2998 2040 3069 impri-

469 3093 575 3146 mis
605 3106 661 3144 ut
695 3092 800 3146 sibi
833 3107 861 3143 a
896 3092 1080 3162 pravis
1127 3091 1508 3147 haereticorum
1543 3090 1891 3159 opinionibus
1942 3105 2037 3145 ca-

2140 1903 2449 1956 ἀποστόλων
2476 1902 2736 1975 ὁμιλητὴς
2760 1902 3134 1974 Πολύκαρπος,
3165 1902 3261 1972 τῆς
3289 1901 3432 1955 κατά
3462 1901 3720 1974 Σμύρναν

2153 1995 2473 2067 Ἐκκλησίας
2514 1996 2651 2069 πρὸς
2681 1995 2788 2049 τῶν
2814 1995 3094 2049 αὐτοπτῶν
3145 1996 3238 2049 καὶ
3285 1995 3578 2067 ὑπηρετῶν
3622 1993 3720 2048 τοῦ

2140 2087 2345 2161 Κυρίου
2394 2088 2493 2160 τὴν
2557 2089 2862 2160 ἐπισκοπὴν
2924 2087 3422 2159 ἐγκεχειρισμένος.
3477 2086 3617 2142 Καθ’
3657 2085 3723 2141 ὃν

2139 2181 2459 2253 ἐγνωρίζετο
2491 2182 2706 2245 Παπίας
2748 2181 2849 2252 τῆς
2887 2183 2945 2234 ἐν
2981 2179 3274 2252 Ἱεραπόλει
3299 2178 3594 2250 παροικίας
3623 2178 3725 2233 καὶ

2139 2273 2299 2338 αὐτὸς
2328 2276 2642 2338 ἐπίσκοπος,
2676 2272 2837 2345 [ἀνὴρ
2865 2271 2936 2325 τά
2967 2272 3143 2326 πάντα
3168 2271 3248 2324 ὅτι
3270 2269 3501 2341 μάλιστα
3526 2266 3725 2337 λογιώ-

2137 2384 2296 2429 τατος
2322 2367 2414 2421 καὶ
2438 2366 2537 2437 τῆς
2566 2365 2786 2438 Γραφῆς
2820 2365 3053 2437 είδήμων
3084 2362 3285 2436 (64),]ὅ
3306 2380 3365 2415 τε
3387 2361 3541 2433 παρά
3565 2361 3725 2415 πλεί-

2140 2473 2288 2520 στοις
2317 2455 2484 2509 εἰσέτι
2503 2454 2598 2508 νῦν
2618 2454 2897 2526 διαϐόητος
2932 2454 3210 2524 Ἰγνάτιος,
3245 2454 3345 2524 τῆς
3365 2452 3484 2506 κατ’
3518 2451 3726 2505 Ἀντιό-

2138 2561 2290 2617 χειαν
2316 2544 2521 2616 Πέτρου
2542 2544 2792 2616 διαδοχῆς
2806 2544 3055 2617 δεύτερος
3086 2543 3185 2615 τὴν
3205 2544 3512 2614 ἐπισκοπὴν
3530 2541 3727 2613 κεκλη-

2141 2636 2401 2707 ρωμένος.
2460 2635 2631 2704 Λόγος
2671 2635 2714 2688 δ’
2744 2635 2858 2706 ἔχει
2894 2635 3082 2689 τοῦτον
3120 2635 3228 2689 ἀπὸ
3260 2634 3460 2706 Συρίας
3498 2633 3595 2686 ἐπὶ
3622 2633 3726 2704 τὴν

2151 2726 2434 2799 Ῥωμαίων
2467 2727 2620 2780 πόλιν
2649 2727 3095 2798 ἀναπεμφθέντα,
3130 2725 3333 2798 θηρίων
3359 2723 3616 2795 γενέσθαι
3642 2723 3728 2794 βο-

2140 2818 2240 2890 ρὰν
2260 2820 2360 2890 τῆς
2383 2820 2463 2883 εἰς
2482 2818 2718 2889 Χριστὸν
2742 2818 3047 2890 μαρτυρίας
3071 2805 3254 2872 ἕνεκέν
3273 2834 3286 2848 ·
3319 2818 3414 2871 καὶ
3440 2817 3506 2887 δὴ
3535 2809 3640 2888 τὴν
3656 2816 3728 2869 δι’

2151 2913 2334 2976 Ἀσίας
2368 2910 2478 2983 (65)
2507 2910 2834 2982 ἀνακομιδὴν
2864 2911 2978 2983 μετ’
3014 2910 3443 2983 ἐπιμελεστάτης
3467 2905 3727 2979 φρουρῶν

2139 3004 2384 3077 φυλακῆς
2423 3004 2762 3076 ποιούμενος,
2816 3003 2915 3067 τὰς
2958 3002 3100 3057 κατά
3140 3002 3293 3056 πόλιν
3335 2996 3421 3065 αἶς
3456 3001 3727 3071 ἐπεδήμει

2139 3096 2448 3168 παροικίας,
2490 3098 2610 3159 ταῖς
2655 3093 2741 3148 διά
2780 3093 2953 3162 λόγων
2985 3094 3222 3165 ὁμιλίαις
3261 3111 3320 3146 τε
3366 3092 3460 3146 καὶ
3490 3108 3730 3165 προτρο-

469 3194 685 3251 verent,
714 3199 833 3254 qua:
870 3193 996 3239 tunc
1022 3185 1258 3255 primum
1297 3184 1349 3238 in
1385 3183 1562 3238 lucem
1600 3197 1881 3254 emergere
1915 3198 2036 3238 cum

2146 3191 2266 3252 παῖς
2291 3186 2649 3259 ὲπιρῤωννὺς,
2668 3186 2725 3240 ἐν
2744 3184 2981 3258 πρώτοις
2997 3185 3233 3257 μάλιστα
3249 3183 3725 3255 προφυλάττεσθαι

468 3273 808 3342 coepissent,
881 3274 1155 3343 cupiosius
1225 3272 1597 3344 pullulabant,
1677 3273 2039 3343 hortatusque

471 3375 553 3418 est
588 3375 642 3419 ut
684 3365 1054 3434 apostolorum
1089 3365 1472 3419 traditionibus
1511 3363 1777 3418 tenaciter
1813 3364 2041 3420 inhaere-

471 3467 651 3514 rent:
706 3472 845 3526 quas
916 3458 1133 3526 quidem
1208 3456 1275 3511 ad
1346 3457 1635 3511 certiorem
1706 3456 2040 3526 posteritatis

474 3550 632 3621 107
659 3550 903 3604 notitiam
932 3548 1242 3602 testimonio
1285 3562 1384 3602 suo
1425 3547 1774 3602 confirmatas
1815 3546 2042 3617 scriptis

475 3641 736 3695 mandare
763 3639 1132 3693 necessarium
1165 3638 1339 3692 duxit.
1377 3636 1565 3707 Itaque
1599 3653 1721 3694 cum
1752 3638 2039 3710 Smyrnam

475 3732 758 3797 venisset,
796 3731 849 3784 in
895 3745 1000 3800 qua
1038 3739 1148 3784 tum
1180 3738 1297 3784 erat
1324 3729 1657 3799 Polycarpus
1680 3769 1694 3793 ,
1731 3744 1891 3783 unam
1924 3730 2044 3798 qui-

475 3826 597 3879 dem
638 3824 925 3894 epistolam
957 3823 1178 3891 scripsit
1206 3823 1273 3876 ad
1303 3821 1602 3877 Ecclesiam
1639 3821 1994 3891 Ephesiorum
2026 3861 2041 3882 ,

476 3918 529 3972 in
561 3931 667 3986 qua
700 3913 943 3970 Onesimi
975 3915 1214 3983 ipsorum
1263 3914 1496 3983 pastoris
1530 3913 1859 3968 mentionem
1892 3912 2040 3966 facit.

475 4006 721 4060 Alteram
749 4020 966 4075 quoque
996 4004 1148 4058 dedit
1172 4003 1239 4057 ad
1270 4002 1569 4057 Ecclesiam
1598 4002 1886 4074 Magnesiae
1909 4001 2043 4056 civi-

477 4095 608 4149 tatis
638 4110 757 4164 qum
785 4096 852 4149 ad
880 4095 1208 4149 Maeandrum
1236 4094 1339 4149 sita
1372 4102 1479 4155 est,
1509 4093 1702 4164 inqua
1730 4092 1897 4147 etiam
1935 4091 2042 4146 Da-

480 4202 623 4241 mam
654 4187 965 4257 episcopum
996 4187 1258 4242 nominat.
1292 4188 1465 4242 Aliam
1498 4190 1626 4243 item
1652 4187 1718 4241 ad
1746 4185 2045 4241 Ecclesiam

478 4276 882 4333 Trallianorum
908 4319 924 4344 ,
954 4277 1111 4348 cujus
1138 4279 1439 4334 antistitem
1474 4289 1604 4332 tunc
1635 4277 1803 4332 fuisse
1844 4289 2047 4330 memo-

478 4382 562 4425 rat
598 4370 901 4443 Polybium.
934 4371 1138 4427 Prteter
1171 4373 1267 4426 has
1308 4380 1393 4427 est
1432 4379 1487 4425 et
1521 4369 1625 4424 alia
1663 4368 1783 4437 ejus
1815 4366 2044 4436 epistola

476 4464 542 4517 ad
576 4462 872 4518 Ecclesiam
906 4464 1056 4519 urbis
1101 4465 1306 4525 Romae,
1348 4464 1399 4517 in
1433 4477 1537 4532 qua
1573 4471 1694 4516 orat
1734 4456 1895 4529 at®e
1922 4461 2047 4515 hur-

2140 3280 2239 3344 τάς
2272 3280 2511 3351 αἱρέσεις
2557 3279 2682 3349 ἄρτι
2717 3277 2837 3330 τότε
2866 3276 3079 3349 πρῶτον
3101 3275 3435 3346 ἀναφυείσας
3473 3276 3569 3328 καὶ
3605 3276 3728 3328 ἐπι-

2143 3365 2479 3430 πολαζούσας
2499 3365 2750 3437 παρῄνει,
2778 3364 3087 3438 προῦτρεπέ
3110 3382 3170 3418 τε
3190 3363 3356 3433 ἀπρὶξ
3385 3364 3608 3434 ἔχεσθαι
3622 3364 3726 3434 τῆς

2140 3457 2250 3510 τῶν
2280 3457 2590 3511 ἀποστόλων
2623 3456 2996 3527 παραδόσεως,
3030 3457 3097 3527 ἢν
3128 3456 3268 3526 ὑπὲρ
3296 3455 3599 3524 ἀσφαλείας
3631 3456 3727 3509 καὶ

2144 3550 2434 3620 ἐγγράφως
2449 3548 2549 3619 ἤδη
2570 3548 2997 3620 μαρτυρόμενος,
3018 3545 3405 3600 διατυποῢσθαι
3424 3547 3727 3615 ἀναγκαῖον

2144 3644 2346 3712 ἡγεῖτο.
2385 3639 2541 3693 Ούτω
2572 3640 2706 3710 δῆτα
2735 3641 2791 3692 ἐν
2818 3639 3036 3710 Σμύρνῃ
3070 3638 3378 3709 γενόμενος,
3412 3638 3541 3691 ἔνθα
3567 3640 3595 3692 ὁ
3618 3640 3729 3691 Ilo-

2143 3732 2420 3803 λύκαρπος
2451 3726 2540 3801 ἦν,
2568 3729 2695 3800 μίαν
2721 3731 2817 3801 μὲν
2847 3728 3133 3799 ἐπιστολὴν
3154 3731 3221 3799 τῇ
3251 3727 3392 3782 κατά
3424 3727 3526 3798 τὴν
3562 3728 3731 3797 Ἐφε-

2147 3838 2235 3875 σον
2273 3820 2568 3890 Ἐκκλησία
2592 3820 2809 3889 γράφει,
2856 3819 3111 3889 ποιμένος
3152 3818 3319 3889 αὐτῆς
3373 3818 3728 3889 μνημονεύων

2157 3913 2465 3984 Ὀνησίμου,
2486 3912 2677 3983 ἑτέραν
2696 3912 2751 3966 δέ
2783 3916 2846 3984 τῇ
2872 3913 2929 3964 ὲν
2956 3910 3246 3983 Μαγνησίᾳ
3266 3913 3333 3982 τῇ
3359 3910 3498 3983 πρὸς
3520 3910 3731 3964 Μαιάνο

2143 4006 2273 4077 δρῳ,
2298 4005 2423 4058 ἔνθα
2442 4005 2602 4059 πάλιν
2637 4004 2936 4058 ἐπισκόπου
2965 4004 3124 4075 Δάμα
3159 4003 3376 4074 μνήμην
3405 4003 3725 4073 πεποίηται·

2146 4098 2238 4151 καὶ
2274 4100 2340 4168 τῇ
2376 4099 2431 4150 ἐν
2467 4095 2730 4167 Τράλλεσι
2769 4095 2825 4149 δὲ
2863 4095 3049 4166 ἄλλην,
3085 4091 3152 4167 ἧς
3181 4094 3414 4165 ἄρχοντα
3439 4094 3561 4147 τότε
3597 4094 3731 4148 ὄντα

2148 4189 2405 4244 Πολύϐιον
2461 4190 2679 4260 ἱστορεῖ.
2742 4186 2885 4260 Πρὸς
2918 4187 3141 4251 ταύταις
3192 4187 3286 4240 καὶ
3324 4188 3390 4258 τῇ
3440 4185 3730 4257 Ῥωμαίων

2159 4280 2455 4352 Ἐκκλησία
2491 4281 2713 4353 γράφει,
2822 4280 2916 4334 καὶ
2955 4277 3295 4349 παράκλησιν
3326 4277 3620 4350 προτείνει,
3652 4278 3731 4341 ὡς

2150 4373 2225 4444 μὴ
2266 4373 2735 4445 παραιτησάμενοι
2774 4371 2867 4424 τοῦ
2901 4369 3219 4442 μαρτυρίου,
3256 4370 3355 4440 τῆς
3387 4370 3731 4439 ποθουμένης

2148 4464 2310 4518 αυτὸν
2334 4464 2764 4535 ἀποστερήσαιεν
2791 4462 3023 4526 ἐλπίδος.
3072 4460 3161 4526 Ἐξ
3185 4455 3257 4514 ὧν
3285 4461 3378 4514 καὶ⁹
3411 4460 3731 4532 βραχύτατα

478 4563 624 4608 tatur
651 4555 928 4610 Romanos
958 4596 974 4623 ,
1003 4569 1071 4609 ne
1101 4554 1420 4625 martyrium
1458 4569 1487 4606 a
1517 4569 1576 4607 se
1622 4552 1958 4621 depellentes
1983 4567 2041 4605 ac

2151 4554 2229 4614 εἰς
2265 4550 2522 4615 ἐπίδειξιν
2561 4551 2670 4604 τῶν
2690 4550 2990 4621 εἰρημένων
3013 4549 3351 4618 παραθέσθαι
3385 4549 3556 4614 ἄξιον.
3590 4550 3733 4622 Γρά-

477 4647 834 4715 deprecantes
861 4688 877 4712 ,
911 4662 1007 4714 Spe
1055 4661 1118 4700 ac
1164 4654 1293 4700 voto
1324 4657 1383 4699 se
1419 4643 1677 4698 fraudare
1707 4643 1897 4697 velint.
1942 4641 2041 4697 Sed

2155 4660 2243 4711 φει
2263 4642 2325 4713 δὴ
2351 4640 2443 4696 οὖν
2465 4642 2607 4697 κατά
2635 4640 2777 4707 λέξιν
2796 4659 2809 4671 ·
2855 4661 2873 4692 t
2916 4642 3047 4695 Ἀπὸ
3077 4641 3278 4712 Συρίας
3308 4640 3470 4713 μέχρι
3511 4640 3731 4713 Ῥώμης

476 4753 652 4807 Opera:
672 4738 902 4808 pretium
938 4738 1183 4792 fueritad
1211 4737 1679 4793 conﬁrmationem
1710 4750 1898 4791 eorum
1930 4752 2041 4806 quat

2154 4734 2472 4807 θηριομαχῶ
2513 4734 2599 4787 διά
2634 4734 2736 4804 γῆς
2772 4733 2867 4787 καὶ
2899 4731 3193 4804 θαλάσσης,
3241 4732 3435 4797 νυκτὸς
3467 4734 3564 4787 καὶ
3594 4732 3734 4804 ὴμέ-

475 4880 597 4934 loco
642 4878 865 4949 graecus
916 4879 1184 4949 interpres
1231 4877 1576 4949 Tertulliani.
1631 4874 1851 4949 Oblatas
1893 4876 2038 4949 enim
2147 4873 2393 4949 plarihtts
2427 4873 2867 4949 legerat,";ut_ex
2901 4888 3020 4949 eius
3069 4874 3521 4949 interpretatione
3556 4875 3729 4949 colli-

476 4951 609 5005 dicit
649 4947 1019 5003 Tertullianus
1046 4944 1139 5004 seu
1168 4949 1348 5017 potius
1389 4945 1678 5017 Traianus,
1709 4945 1803 5001 eos
1831 4948 1921 5017 qui
1955 4946 2044 5015 ju-
2148 4944 2309 5017 'gitur.
2338 4944 2518 5017 Quare
2552 4959 2656 5017 non
2686 4944 2888 5017 dubito
2913 4945 3041 5017 quin
3084 4944 3198 5017 hasc
3239 4944 3404 4996 verba
3451 4945 3731 5017 ah_impe-

477 5019 686 5074 dicibus
728 5019 1075 5074 exhibentur.
1112 5012 1206 5073 Sic
1254 5020 1399 5072 enim
1437 5015 1616 5070 Latini
1667 5016 1814 5085 loqui
1845 5012 2042 5085 solent.
2151 5012 2259 5071 rito
2285 5013 2516 5083 quodam
2548 5012 2845 5068 scholiaste
2874 5015 3082 5085 adjecta
3113 5015 3240 5079 sint,
3277 5013 3724 5085 praaterAEusebii

478 5089 684 5144 Sensus
713 5090 878 5160 igitur
908 5089 1159 5160 rescripti
1194 5089 1324 5156 imp.
1355 5086 1573 5160 Traiani
1608 5084 2048 5160 adversusChri-
2153 5091 2390 5139 mentem
2452 5093 2616 5160 atque
2642 5084 3013 5160 _sen_l_ent_iam.

476 5162 685 5214 stianos
714 5155 805 5214 h'ic
836 5170 959 5213 est:
991 5155 1256 5215 Rectores
1275 5155 1686 5226 provinciarum
1718 5170 1824 5226 non
1856 5155 2051 5210 debere

479 5244 577 5299 per
616 5230 986 5299 speculatores
1026 5239 1083 5285 et
1126 5225 1388 5299 satellites
1425 5241 1552 5281 suos
1597 5225 1871 5299 curiosius
1898 5225 2050 5279 inda-

479 5295 607 5371 gare
634 5295 803 5371 genus
832 5310 886 5354 et
912 5310 1121 5371 sectam
1135 5298 1599 5371 Christianorum.
1650 5296 1718 5371 Si
1738 5295 1830 5363 qui
1848 5303 2053 5371 _tamen

478 5363 775 5444 Chrisiiani
811 5371 877 5444 ab
911 5369 1233 5444 oﬂicialihus
1281 5367 1507 5444 fortuito
1539 5365 1863 5444 deprehensi
1908 5363 2053 5444 sin't,
2156 5363 2325 5442 fuisse
2354 5376 2423 5444 ηις

480 5450 536 5494 et
574 5441 628 5495 in
659 5440 927 5509 judicium
955 5439 1199 5509 adducti,
1229 5438 1312 5492 vel
1349 5438 1397 5509 si
1432 5436 1499 5509 ab
1528 5431 1940 5490 accusatoribus
1971 5432 2059 5486 de-
2157 5446 2221 5485 ac
2236 5431 2568 5509 simplicem:

482 5497 710 5567 nuntiati
741 5512 871 5575 sint,
895 5526 990 5565 eos
1020 5497 1245 5563 omnino
1275 5507 1453 5577 puniri
1483 5514 1769 5577 oportere.
1979 5572 1994 5577 _

2175 5497 2489 5577 _.(65-)_‘K.al
2536 5497 2612 5566 δὴ
2651 5497 2766 5567 τὴν
2810 5499 2882 5553 δι’
2935 5500 3167 5577 Ἄσίας..
3191 5497 3293 5577 ΙιιιΔ
3309 5498 3511 5577 legitur
3541 5501 3594 5553 iu
3623 5514 3727 5577 eo:

551 5580 663 5650 (64)
699 5567 956 5646 Παπίας,
998 5578 1154 5647 ἀνὴρ
1193 5577 1263 5631 τὰ
1277 5567 1499 5650 ’πάντα
1514 5567 1634 5650 [ὅτι
1650 5571 1917 5650 primum
1958 5572 2041 5650 :10

2161 5570 2283 5625 dice
2311 5568 2692 5650 Regio-quem.
2714 5580 2930 5650 secutus
2961 5582 3045 5650 est
3072 5570 3206 5623 Rob.
3261 5567 3603 5650 Stephanus._
3622 5568 3727 5650 Sed

482 5638 786 5720 τιῶτάτος,
813 5638 1063 5717 scaturrit;
1101 5638 1365 5720 ’ῙτραερῆςΔ
1401 5638 1680 5720 εὶδήμωκ.
1709 5640 2041 5720 Ἱξριιιῐιι-ξιομ

2165 5650 2399 5709 quatuor
2443 5640 2540 5720 alii
2573 5639 2808 5720 codices,
2846 5639 3167 5720 gazarinus
3199 5639 3522 5720 scilicet_ac
3556 5638 3726 5720 Μιξόὶ-

484 5700 718 5787 ὲῑόέίίἰὶιῖ
731 5700 919 5788 Papiae
942 5700 1177 5773 deestin
1202 5700 1403 5772 nostris
1428 5700 1709 5788 codicibus
1732 5711 1892 5788 Ma_z.,
1919 5709 2059 5764 Med.
2167 5700 2330 5788 carus.
2355 5724 2477 5788 cum
2499 5708 2637 5788 Fuit.
2659 5717 2715 5788 et
2745 5700 3323 5788 Stiyilianokscriptum
3348 5711 3554 5767 habent
3577 5700 3733 5770 οὗτος

485 5804 538 5845 et
568 5777 699 5851 Fuit.
729 5777 836 5845 Sed
866 5804 1038 5860 neque
1072 5788 1300 5844 Ruﬁnus
1332 5787 1446 5843 haec
1472 5786 1634 5840 verba
1664 5784 1714 5838 in
1742 5783 1856 5839 suis
1880 5795 2036 5835 exetn

2164 5781 2231 5849 δὴ
2259 5777 2351 5834 οὖν
2378 5779 2473 5854 τὴν
2496 5779 2557 5831 δι’
2599 5778 2779 5844 Ἀσίας
2806 5780 3157 5851 ἀνακομιδήν,
3176 5777 3290 5835 ὀισ.

3059 5084 3341 5149 Quomodo
3403 5082 3550 5137 enim
3610 5082 3728 5139 ﬁeri

2154 5163 2333 5223 potest
2365 5162 2425 5205 ut
2458 5151 2725 5223 Eusebius
2756 5152 2976 5221 Papiam
3014 5153 3102 5207 hic
3145 5151 3381 5221 appellet
3418 5152 3601 5223 virum
3633 5154 3731 5207 do-

2155 5221 2474 5286 ctissimum,
2496 5232 2549 5278 et
2580 5221 2982 5292 scripturarum
3007 5223 3417 5292 peritissimum,
3443 5236 3566 5292 cum
3594 5222 3731 5289 ipse~

2156 5301 2266 5346 met
2312 5293 2364 5345 itt
2418 5293 2527 5345 line
2576 5289 2733 5356 huius
2771 5292 2893 5345 libri
2939 5289 3138 5346 diserte
3171 5289 3439 5354 afﬁrmet,
3498 5290 3723 5359 Papiam

2156 5361 2325 5431 fuisse
2354 5360 2607 5415 mediocri
2643 5362 2859 5431 ingenio
2890 5361 3197 5430 praeditum,
3234 5360 3503 5429 planeque
3532 5361 3725 5415 rudem
