3894 6484
125 398 201 454 ΞθἹ
1094 393 1443 453 HISTORIA!
1483 394 2047 454 ECCLESIASTlC/E
2086 394 2217 453 LIB.
2257 395 2346 451 Ill.

3247 402 3351 457 21B

126 514 492 587 σνγκατατάξαι
560 520 690 580 ταῖς
735 518 1049 589 ἑρμηνείαις
1076 520 1211 589 (77),
1272 517 1675 589 διαϐεϐαιούμε-

1786 528 1973 575 nostra
2026 530 2241 586 quoque
2267 515 2574 571 assertione
2626 516 2894 572 ﬁrmetur.
2941 517 3057 574 Non
3102 520 3268 587 enim,
3294 534 3355 576 ut

124 627 189 673 νος
212 608 333 678 ὑπὲρ
363 606 563 662 αὐτῶν
592 610 873 681 ἀλήθειαν.
896 611 969 663 Οὐ
996 611 1104 683 γὰρ
1137 613 1254 675 τοῖς
1286 611 1354 665 τά
1398 609 1565 664 πο)λά
1594 610 1682 663 λέ-

121 716 266 769 γουσιν
288 697 521 769 ἔχαιρον
562 699 763 771 ὥσπερ
790 702 838 753 οἱ
868 701 1074 765 πολλοὶ,
1119 700 1255 755 ἀλλά
1305 705 1417 765 τοῖς
1472 700 1680 772 τάληθῆ

120 792 413 846 διδάσκωσιν
437 808 454 822 ’
491 791 631 846 οὐδὲ
679 795 792 856 τοῖς
821 792 917 857 τὰς
958 793 1247 864 ἀλλοτρίας
1277 794 1496 857 ἐντολὰς
1547 812 1681 866 μνη-

122 882 417 953 μονεύουσιν,
437 881 593 937 ἀλλά
620 886 738 947 τοῖς
764 882 862 948 τὰς
882 884 1032 956 παρά
1048 886 1139 939 τοῦ
1171 887 1382 959 Κυρίου
1407 889 1474 960 τῇ
1500 887 1679 941 πίστει

118 977 383 1047 δεδομένας,
413 976 519 1029 καὶ
551 977 657 1030 ἀπ’
685 976 857 1046 αὐτῆς
902 976 1348 1048 παραγινομένας
1395 978 1497 1048 τῆς
1548 978 1680 1051 ἀλη-

117 1050 331 1131 θείας.ί,Εί
358 1064 419 1117 δέ
444 1081 559 1117 που
597 1066 698 1118 atat
728 1063 1220 1137 παρηκολουθηκώς
1273 1083 1358 1130 τις
1396 1070 1507 1130 τοῖς
1541 1085 1672 1137 πρε-

119 1156 354 1226 σϐυτέροις
385 1155 566 1219 ἔλθοι,
588 1156 723 1221 τοὺς
741 1157 846 1210 τῶν
872 1157 1251 1228 πρεσϐυτέριον
1277 1159 1557 1231 ἀνέκρινον
1593 1160 1679 1212 λό-

116 1264 242 1315 γους·
267 1247 316 1300 τί
344 1248 646 1320 Ἀνδρέας,
675 1248 708 1319 ἢ
738 1248 789 1302 τί
834 1248 1037 1319 Πέτρος
1056 1246 1229 1313 εἶπεν,
1260 1250 1293 1321 ἦ
1321 1250 1373 1303 τί
1393 1251 1674 1315 Φίλιππος,

115 1339 201 1409 ﬁsi
224 1341 440 1410 Θωμᾶς,
466 1340 503 1411 ἢ
550 1340 816 1405 Ἰάκωϐος
835 1358 848 1372 ·
875 1342 907 1412 ἦ
932 1341 984 1393 τί
1011 1340 1285 1414 Ἰωάννης,
1316 1341 1351 1414 ἦ
1378 1341 1673 1407 Ματθαῖος·

117 1429 236 1500 ἥτις
264 1431 453 1502 ἕτερος
481 1430 602 1486 τῶν
638 1431 739 1485 τοῦ
788 1433 991 1505 Κυρίου
1038 1433 1324 1504 μαθητῶν,
1364 1433 1397 1486 ἆ
1430 1451 1488 1486 τε
1537 1436 1679 1506 Ἀρι-

116 1522 372 1587 στίων,καὶ
405 1526 438 1576 ό
474 1523 862 1595 πρεσϐύτερος
926 1524 1195 1595 Ἰωάννης,
1242 1526 1294 1578 οί
1334 1524 1428 1578 τοῦ
1469 1526 1675 1599 Κυρίου

115 1612 742 1685 μαθηταὶ,λέγουσιν.’ού
772 1615 875 1688 γὰρ
907 1616 973 1670 τά
1002 1619 1066 1670 ὲκ
1094 1617 1199 1669 τῶν
1247 1615 1464 1687 βιϐλίων
1487 1618 1678 1671 τοσοῦ⁴

114 1706 183 1756 τόν
211 1722 271 1774 με
297 1706 541 1775 ὠφελεῖν
579 1707 1001 1779 ὑπελάμϐανον,
1042 1708 1165 1761 ὅσον
1192 1709 1265 1761 τὰ
1296 1707 1445 1780 παρά
1500 1708 1679 1780 ζώσης

114 1796 258 1866 φωνῆς
286 1798 377 1850 καὶ
421 1797 732 1869 μενούσης.
775 1818 793 1851 ι
848 1799 1015 1854 Ἔνθα
1057 1799 1152 1852 καὶ
1197 1796 1493 1869 ἐπιστῆσαι
1531 1796 1678 1863 ἄξιον

1787 611 2035 680 plerique
2058 608 2258 673 solent,
2286 622 2385 664 eos
2414 621 2652 678 unquam
2685 617 2927 666 sectatus
2960 624 3077 666 sum
3114 611 3206 680 qui
3238 627 3358 670 ver-

1785 703 1869 759 bis
1899 702 2200 768 aﬂuerent,
2237 703 2330 758 sed
2359 718 2453 759 eos
2492 703 2673 773 potius
2703 704 2796 773 qui
2828 717 3014 758 verum
3050 706 3355 776 docerent;

1787 809 1887 849 nec
1914 809 2008 849 eos
2037 795 2126 863 qui
2163 809 2300 850 nova
2344 793 2591 863 qmedam
2646 801 2703 848 et
2752 794 3010 850 inusitata
3060 806 3353 866 praecepta,

1786 887 1885 941 sed
1915 885 2040 940 illos
2079 885 2171 956 qui
2203 883 2415 940 Domini
2444 885 2698 941 mandata
2731 884 2786 940 in
2823 884 3011 954 ﬁguris
3048 888 3271 954 tradita,
3301 895 3356 941 et

1784 975 1855 1030 ab
1907 976 2019 1046 ipsa
2063 976 2295 1031 veritate
2344 974 2584 1045 proiecta
2654 977 3059 1032 memorabant.
3107 978 3258 1045 Quod
3308 980 3356 1035 si

1785 1065 1908 1134 quis
1932 1065 2202 1119 interdum
2243 1065 2373 1119 mibi
2402 1065 2729 1120 occurrebat
2759 1067 2852 1136 qui
2884 1081 3006 1120 cum
3040 1068 3357 1124 senioribus

1784 1166 2031 1211 versatus
2064 1155 2277 1224 fuisset,
2308 1170 2373 1211 ex
2400 1171 2465 1212 eo
2490 1156 2709 1212 curiose
2738 1159 3065 1214 sciscitabar
3098 1175 3351 1230 quamam

1783 1255 1968 1301 essent
2003 1245 2276 1299 seniorum
2319 1246 2465 1300 dicta
2507 1261 2524 1300 :
2562 1244 2693 1315 quid
2743 1247 3012 1313 Andreas,
3063 1251 3194 1319 quid
3248 1248 3352 1307 Pe-

1786 1346 1925 1401 trus,
1952 1338 2080 1406 quid
2117 1335 2420 1406 Philippus,
2453 1339 2583 1407 quid
2623 1337 2884 1405 Thomas,
2921 1342 3051 1409 quid
3092 1338 3350 1411 Jacobus,

1785 1428 1913 1495 quid
1937 1427 2197 1491 Joannes,
2223 1429 2354 1497 quid
2391 1426 2699 1495 Matthtens,
2734 1429 2863 1498 quid
2907 1433 3088 1486 cazteri
3136 1432 3353 1487 Domini

1782 1519 2031 1588 discipuli
2064 1519 2245 1573 dicere
2278 1518 2421 1573 soliti
2446 1529 2673 1573 essent:
2706 1519 2963 1588 quidnam
3002 1520 3269 1589 Aristion,
3299 1529 3356 1577 et

1782 1610 2019 1666 Joannes
2047 1610 2349 1681 presbyter,
2402 1610 2653 1681 discipuli
2700 1611 2932 1679 Domini,
2966 1615 3350 1684 praedicarent.

1786 1704 1968 1775 Neque
1995 1706 2141 1761 enim
2168 1719 2235 1759 ex
2264 1703 2530 1760 librorum
2575 1704 2811 1761 lectione
2844 1714 3050 1760 tantam
3089 1722 3173 1761 me
3202 1708 3357 1762 utili-

1787 1804 1952 1851 tatem
1980 1811 2177 1865 capere
2218 1810 2377 1865 posse
2408 1795 2815 1861 existimabam,
2865 1809 3121 1867 quantam
3150 1815 3217 1853 ex
3258 1800 3358 1855 ho.

111 1887 171 1950 ῦς
198 1891 634 1960 καταριθμοῦντι
662 1892 816 1963 αὐτῷ
844 1892 906 1947 τὸ
952 1892 1196 1946 Ἰωάννου
1239 1891 1413 1963 ὄνομα
1436 1911 1451 1926 ·
1484 1886 1559 1947 ὧν
1590 1892 1675 1948 τὸν

1785 1890 1990 1942 minum
2040 1888 2217 1943 adhuc
2244 1888 2596 1958 superstitum
2634 1890 2753 1942 viva
2791 1905 2945 1945 voce.
2987 1910 3005 1942 ι
3058 1890 3268 1959 Quibus
3297 1893 3352 1948 in

115 1979 188 2047 μὲν
212 1981 470 2054 πρότερον
499 1982 709 2054 Πέτρῳ
737 1984 832 2036 καὶ
870 1982 1131 2053 Ἰακώϐῳ,
1168 1983 1262 2037 καὶ
1280 1983 1561 2055 Ματθαίῳ,
1587 1985 1681 2037 καὶ

112 2074 195 2134 τοῖς
220 2071 419 2137 λοιποῖς
446 2074 789 2137 ἀποστόλοις
816 2074 1237 2144 συγκαταλέγει,
1270 2074 1458 2143 σαφῶς
1504 2073 1681 2145 δηλῶν

112 2160 600 2239 τδννεὺαγγελιστήν
622 2178 638 2192 ο
680 2162 774 2215 τὸν
811 2161 869 2216 δ’
890 2163 1075 2235 ἕτερον
1101 2162 1355 2236 Ἰωάννην
1377 2162 1680 2227 διαστείλας

111 2253 177 2306 τὸν
200 2253 364 2322 λόγον,
389 2255 619 2325 ἑτέροις
654 2254 811 2325 παρά
834 2254 923 2307 τὸν
941 2253 1049 2309 τῶν
1085 2253 1396 2307 ἀποστόλων
1445 2253 1570 2326 ἁριθ
1580 2255 1678 2325 μὸν

112 2346 421 2409 κατατάσσει,
462 2346 761 2417 προτάξας
793 2345 954 2399 αὐτοῦ
974 2345 1066 2398 τὸν
1114 2344 1453 2417 Ἀριστίωνα.
1486 2345 1679 2415 Σαφῶς

111 2452 154 2488 τε
174 2438 316 2491 αὐτὸν
349 2436 747 2509 πρεσϐύτερον
775 2438 1046 2508 ὀνομάζει.
1090 2439 1180 2502 Ὠς
1211 2439 1306 2492 καὶ
1337 2438 1423 2492 διὰ
1473 2438 1679 2492 τούτων

113 2528 492 2583 ἀποδείκνυσθαι
520 2529 631 2600 τὴν
662 2527 908 2599 ἱστορίαν
933 2528 1109 2599 ἀληθῆ
1159 2528 1268 2581 τῶν
1304 2529 1397 2581 δύο
1425 2529 1565 2582 κατὰ
1579 2530 1679 2602 τὴν

120 2620 267 2674 Ἀσίαν
290 2622 596 2692 ὁμωνυμίᾳ
645 2619 950 2691 κεχρῆσθαι
995 2620 1314 2691 εἰρηκότων,
1374 2620 1468 2675 δύο
1511 2639 1570 2675 τε
1621 2623 1677 2675 έν

122 2711 291 2783 Ἐρέσῳ
317 2712 586 2782 γενέσθαι
611 2712 881 2783 μνήματα
907 2713 1001 2764 καὶ
1025 2711 1286 2782 ἑκάτερον
1323 2712 1569 2765 Ἰωάννου
1597 2710 1676 2765 ἔτι

109 2801 180 2853 νῦν
207 2803 449 2872 λέγεσθαι
474 2821 489 2833 ·
526 2800 615 2867 οἷς
637 2802 740 2856 καὶ
772 2804 1066 2871 ἀναγκαῖον
1097 2804 1387 2875 προσέχειν
1415 2804 1507 2857 τὸν
1528 2804 1673 2859 νοῦν.

110 2894 237 2959 Εἰκὸς
252 2897 356 2969 γάρ
388 2898 489 2951 τὸν
513 2895 787 2967 δεύτερον
812 2936 826 2960 ,
867 2897 913 2948 εἰ
955 2896 1027 2965 μή
1060 2913 1146 2959 τις
1174 2894 1345 2950 ἐθέλοι
1378 2897 1469 2950 τὸν
1525 2896 1677 2970 πρῶο

108 3004 194 3056 τον,
210 2992 300 3064 τὴν
330 2993 418 3044 ἐπ’
470 2991 758 3063 ὀνόματος
793 2990 1102 3063 φερομένην
1158 2991 1400 3044 Ἰωάννου
1448 2991 1677 3045 Ἀποκά-

109 3076 231 3147 ww
249 3083 582 3152 ἑωρακέναι.
610 3082 730 3135 Καὶ
749 3081 778 3133 ὁ
806 3080 901 3134 νῦν
932 3080 989 3133 δὲ
1013 3083 1144 3152 ἡμῖν
1184 3080 1345 3152 δηλού
1356 3099 1517 3152 μενος
1558 3082 1674 3135 Πα-

110 3171 224 3235 πίας,
256 3176 376 3239 τοὺς
436 3175 544 3246 μὲν
585 3174 705 3227 τῶν
741 3173 1054 3227 ἀποστόλων
1114 3173 1309 3243 λόγους
1373 3174 1524 3247 παρὰ
1565 3174 1674 3228 τῶν

109 3261 252 3327 card;
309 3263 896 3337 παρηκολουθηκότων
938 3263 1201 3353 1ὁμολογεί
1249 3264 1665 3335 παρειληφέναι,

119 3351 419 3422 Ἀριστίωνος
452 3356 516 3408 δὲ
546 3355 652 3409 καὶ
681 3352 781 3407 τοῦ
807 3351 1181 3425 πρεσϐυτέρου
1222 3354 1471 3408 Ἰωάννου
1504 3356 1676 3428 αύτήα

109 3457 201 3494 κων
218 3445 399 3499 ἑαυτόν
431 3462 575 3517 φησι
604 3442 890 3513 γενέσθαι.
934 3443 1219 3515 Ὀνομαστὶ
1258 3444 1389 3513 γοῦν
1418 3444 1675 3510 πολλάκις

111 3532 249 3590 αὐτῶν
275 3537 697 3610 μνημονεύσας,
730 3536 792 3589 ὲν
818 3539 929 3600 τοῖς
973 3536 1139 3590 αὐτοῦ
1170 3537 1565 3609 συγγράμμασι
1599 3536 1678 3590 τί-

111 3623 231 3696 θησιν
252 3631 428 3686 αὐτῶν
458 3629 831 3700 παραδόσεις.
876 3628 986 3682 Καὶ
1026 3627 1199 3682 ταῦτα
1230 3629 1276 3683 δ’
1311 3631 1443 3700 ἡμῖν
1468 3632 1568 3683 οὐκ
1598 3632 1677 3694 είς

112 3714 423 3791 τὸᾶχρηστον
470 3719 751 3796 εἰρήσθω.
798 3718 980 3785 Ἄξιον
1018 3717 1075 3771 δὲ
1115 3721 1236 3782 ταῖς
1298 3718 1676 3784 ἀποδοθείσαις

112 3808 179 3860 τοῦ
202 3812 377 3865 Παπία
412 3815 635 3883 φωναῖς
663 3852 679 3875 ,
712 3810 993 3882 προσάψαι
1044 3810 1217 3876 λέξεις
1256 3811 1451 3882 ἑτέρας
1486 3809 1673 3878 αὐτοῦ,

111 3895 158 3948 δι’
182 3894 244 3953 ὧν
275 3904 570 3976 παράδοξά
602 3919 732 3957 τινα
771 3902 975 3973 ἱστορεῖ
1035 3902 1131 3955 καὶ
1174 3901 1332 3965 ἄλλα,
1363 3901 1437 3965 ὡς
1493 3902 1560 3955 ἂν
1613 3903 1677 3954 ἐκ

111 3994 417 4061 παραδόσεως
449 3998 538 4059 εἰς
570 3995 746 4050 αὐτὸν
780 3994 1019 4047 ἐλθόντα.
1054 3993 1127 4046 Τὸ
1153 3993 1249 4063 μὲν
1282 3989 1376 4047 οὖν
1405 3991 1547 4048 κατά
1575 3991 1676 4065 τὴν

120 4077 376 4151 Ἰεράπολιν
404 4088 694 4141 Φίλιππον
729 4084 823 4138 τόν
857 4085 1151 4139 ἀπόστολον
1187 4086 1302 4157 ἅμα
1343 4089 1464 4152 ταῖς
1503 4086 1675 4156 θυγα-

111 4176 561 4253 τρὶσιδιατρίψαι,
598 4179 693 4233 διά
720 4178 832 4231 τῶν
871 4177 1103 4249 πρόσθεν
1130 4178 1443 4251 δεδήλωται.
1488 4182 1577 4244 Ὠς
1618 4179 1675 4234 δὲ

114 4268 217 4319 κατὰ
241 4272 361 4335 τοὺς
390 4273 606 4335 αὐτοὺς
635 4274 665 4324 ὁ
687 4269 910 4335 Παπίας
936 4274 1242 4343 γενόμενος,
1262 4272 1513 4344 διήγησιν
1536 4289 1675 4343 παρ-

132 4357 372 4429 ειληφέναι
404 4361 743 4433 θαυμασίαν
779 4361 887 4413 ὑπὸ
911 4361 1018 4414 τῶν
1041 4361 1136 4416 τοῦ
1177 4363 1445 4416 Φιλίππου
1507 4362 1673 4431 θυγα-

115 4446 243 4517 τέρων
265 4452 631 4525 μνημονεύει,
664 4451 739 4505 τὰ
770 4450 869 4503 νῦν
912 4452 1262 4523 σημειωτέον.
1312 4453 1527 4525 Νεκροῦ
1562 4452 1673 4524 γὰρ

1782 1978 1966 2033 verbis
1992 1978 2125 2032 illud
2172 1978 2336 2033 etiam
2366 1978 2773 2034 observandum
2813 1993 2921 2049 est,
2954 1982 3038 2037 bis
3065 1984 3132 2039 ab
3165 1999 3230 2039 eo
3256 2000 3355 2055 po-

1782 2072 1943 2125 situm
1972 2084 2092 2124 esse
2119 2084 2314 2124 nomen
2338 2068 2590 2126 Joannis.
2621 2070 2688 2126 Et
2715 2071 2955 2142 priorem
2989 2074 3205 2144 quidem
3244 2090 3354 2132 una

1783 2176 1904 2219 eum
1940 2161 2125 2228 Petro,
2155 2160 2379 2228 Jacobo,
2418 2162 2673 2219 Matthmo
2716 2173 2772 2221 et
2810 2166 3038 2236 reliquis
3089 2169 3354 2238 apostolis

1782 2263 2053 2319 recenset,
2103 2254 2235 2308 satis
2287 2255 2533 2311 indicans
2565 2271 2623 2311 se
2658 2256 2726 2312 de
2761 2258 3095 2331 evangelista
3141 2256 3356 2316 Joanne

1780 2346 1948 2401 verba
1975 2344 2177 2401 facere.
2209 2344 2400 2400 Postea
2451 2362 2584 2403 vero
2635 2349 2881 2405 adhibita
2933 2351 3207 2408 sermonis
3245 2352 3354 2408 dis-

1785 2437 2064 2503 tinctione,
2093 2436 2326 2491 alterum
2380 2436 2647 2494 Joannem
2690 2454 2811 2496 cum
2866 2442 2933 2497 iis
2981 2442 3214 2498 collocat
3260 2443 3353 2512 qui

1780 2537 1935 2580 extra
1965 2543 2247 2582 numerum
2301 2538 2428 2583 sunt
2477 2530 2873 2598 apostolorum,
2926 2548 3247 2604 praeponens
3278 2533 3353 2586 illi

1781 2618 2118 2674 Aristionem
2166 2620 2455 2689 quemdam
2509 2641 2521 2675 :
2569 2624 2930 2692 eumdemque
2972 2625 3353 2695 presbyterum

1781 2709 1984 2765 diserte
2018 2710 2286 2765 nominat.
2312 2710 2431 2778 Quo
2464 2710 2525 2765 ﬁt
2554 2720 2613 2766 ut
2637 2727 2764 2767 vera
2793 2714 3044 2769 videatur
3069 2728 3192 2771 esse
3227 2730 3356 2769 nara

1785 2801 1924 2856 ratio
1960 2800 2198 2866 illorum,
2231 2803 2321 2872 qui
2354 2805 2489 2859 duos
2559 2806 2746 2860 eodem
2792 2806 3011 2861 nomine
3052 2806 3356 2877 appellatos

1782 2893 1835 2948 in
1875 2894 2003 2949 Asia
2044 2893 2249 2948 vixisse
2296 2893 2591 2949 dixerunt:
2633 2904 2690 2950 et
2742 2897 2882 2965 apud
2924 2896 3197 2967 Ephesum
3248 2897 3355 2953 duo

1779 2998 1899 3041 esse
1956 2986 2231 3055 sepulcra,
2260 2995 2316 3042 et
2368 2996 2658 3056 utrumque
2683 2986 2909 3044 Joannis
2956 2990 3223 3045 hactenus
3254 3004 3353 3044 no-

1779 3076 1997 3131 minari.
2032 3077 2208 3148 Atque
2236 3079 2338 3132 hoc
2367 3078 2803 3135 animadvertere
2837 3079 2890 3134 in
2938 3082 3129 3149 primis
3164 3093 3352 3135 neces-

1778 3170 1982 3222 sarium
2012 3178 2161 3240 puto.
2207 3167 2517 3224 Verisimile
2545 3179 2629 3224 est
2655 3172 2799 3224 enim
2835 3169 3244 3228 Revelatione‘m
3285 3174 3352 3232 il-

1778 3262 1883 3316 lam
1918 3260 2143 3317 Joannis
2185 3261 2404 3316 nomine
2434 3261 2775 3331 inscriptam,
2823 3264 2868 3317 si
2914 3280 3019 3318 non
3081 3284 3109 3318 a
3170 3269 3351 3337 priore

1778 3353 1891 3421 illo,
1924 3362 2075 3409 certe
2101 3353 2169 3407 ab
2200 3353 2303 3408 hoc
2335 3356 2639 3424 posteriore
2686 3354 2861 3408 visam
2909 3356 3101 3411 fuisse.
3156 3358 3219 3411 lit
3249 3357 3349 3413 l’a-

1777 3448 1895 3518 pias
1943 3446 2164 3516 quidem
2210 3445 2278 3501 de
2321 3461 2428 3516 quo
2488 3459 2634 3501 nunc
2695 3459 3004 3503 sermonem
3057 3449 3347 3518 habemus,

1776 3536 2143 3608 apostolorum
2176 3537 2342 3605 dicta,
2377 3537 2446 3592 ab
2473 3538 2539 3592 iis
2572 3538 2663 3609 qui
2712 3553 2835 3594 cum
2866 3539 3122 3608 apostolis
3150 3546 3349 3598 versati

1777 3630 2016 3698 inerant,
2047 3643 2111 3685 se
2134 3629 2413 3700 accepisse
2446 3627 2728 3699 proﬁtetur
2752 3646 2767 3684 :
2790 3629 3080 3687 Aristionis
3102 3642 3279 3687 autem
3300 3644 3355 3690 et

1776 3721 2002 3778 Joannis
2028 3720 2330 3792 presbyteri
2368 3721 2668 3775 auditorem
2704 3735 2762 3776 se
2790 3722 2920 3777 dicit
2946 3720 3134 3779 fuisse.
3186 3724 3349 3785 Multa

1777 3819 1926 3866 certe
1955 3824 2074 3880 qua:
2098 3809 2168 3865 ab
2203 3811 2273 3865 iis
2304 3808 2499 3865 tradita
2529 3820 2837 3879 acceperat,
2882 3811 3131 3879 ipsorum
3178 3815 3353 3867 nomi-

1778 3903 1945 3957 natim
1979 3902 2255 3957 mentione
2288 3900 2453 3968 facta,
2485 3902 2539 3957 in
2570 3902 2995 3958 Commentariis
3048 3904 3161 3959 suis
3195 3918 3352 3959 retu-

1776 3996 1858 4053 lit.
1899 3996 2076 4066 Atque
2101 3997 2215 4052 hzec
2244 3996 2463 4066 quidem
2513 4011 2619 4052 non
2645 3994 2946 4067 superﬂue,
2981 3996 3138 4068 112
3179 4007 3237 4052 ut
3263 4014 3354 4055 ar-

1777 4087 1975 4153 bitror,
2009 4102 2039 4142 a
2064 4087 2224 4143 nobis
2250 4087 2398 4143 dicta
2432 4088 2562 4142 sint.
2599 4086 2773 4143 Porro
2796 4102 2978 4158 operte
3000 4089 3235 4157 pretium
3264 4088 3352 4144 i‘u-

1776 4178 1905 4243 erit,
1932 4194 2095 4248 supra
2117 4179 2300 4235 citatis
2323 4176 2505 4249 Papia:
2536 4177 2720 4234 verbis
2782 4178 2889 4233 alia
2918 4179 3081 4234 etiam
3113 4179 3353 4248 ejusdem

1779 4269 2086 4324 testimonia
2114 4269 2432 4341 adjungere,
2462 4271 2516 4323 in
2558 4269 2756 4339 quibus
2802 4269 3067 4324 miracula
3107 4270 3352 4339 quasdam

1775 4375 1842 4414 ex
1881 4360 2110 4414 aliorum
2147 4360 2252 4414 ﬁde
2295 4375 2349 4414 at
2419 4358 2710 4414 traditione
2761 4369 3171 4413 commemorat.
3226 4357 3354 4412 Plii-

1776 4448 1978 4521 lippnm
2008 4451 2228 4520 quidem
2263 4448 2569 4520 apostolum
2607 4463 2711 4503 una
2744 4463 2866 4503 cum
2899 4447 3117 4501 ﬁliabus
3158 4445 3353 4502 lliera—

114 4538 355 4599 ἀνάστασιν
396 4547 531 4600 κατ’
574 4544 748 4599 αὑτὸν
766 4546 1052 4613 γεγονυῖαν
1087 4545 1307 4617 ἱστορεῖ,
1340 4545 1433 4598 καὶ
1472 4540 1538 4597 αὖ
1565 4544 1673 4598 πά-

1781 4541 1891 4611 poli
1921 4542 2118 4610 degere
2150 4540 2368 4596 solitum
2409 4538 3001 4609 superinsdocuimus.
3038 4536 3195 4592 Nunc
3223 4553 3355 4593 vero

116 4630 172 4684 λιν
190 4636 356 4707 ἕτερον
404 4635 735 4711 παράδοξον
760 4636 891 4705 περὶ
930 4635 1157 4689 Ἰοῦστον
1189 4638 1280 4691 τὸν
1313 4635 1674 4707 ἐπικληθέντα

119 4721 355 4796 Βαρσαϐᾶν
389 4730 513 4803 (78)
565 4727 837 4798 γεγονὸς,
869 4726 942 4791 ὡς
1000 4727 1323 4799 δηλητήριον
1383 4728 1672 4799 φάρμακον

120 4814 355 4886 quem;
378 4824 480 4876 καὶ
511 4821 691 4893 μηδὲν
723 4818 888 4888 ἀηδὲς
917 4818 1004 4871 διὰ
1038 4818 1133 4890 τὴν
1153 4819 1247 4872 τοῦ
1278 4819 1484 4889 Κυρίου
1514 4818 1676 4889 χάριν

119 4905 487 4978 ὑπομείναντος.
520 4910 740 4964 Τοῦτον
771 4907 830 4960 δὲ
855 4907 945 4960 τὸν
982 4908 1210 4961 Ἰοῦστον
1256 4909 1393 4978 μετά
1432 4908 1532 4981 τὴν
1578 4907 1673 4961 τοῦ

120 4996 318 5071 Σωτῆρος
368 5001 657 5071 ἀνάληψιν
684 5040 699 5062 ,
749 4999 880 5061 τοὺς
929 5000 1107 5069 ἱεροὺς
1165 4999 1496 5064 ἀποστόλους
1533 4998 1675 5068 μετά

121 5087 290 5150 Ματθία
318 5094 524 5166 στῆσαί
562 5109 624 5145 τε
655 5091 756 5145 καὶ
806 5089 1136 5156 ἐπεύξασθαι
1168 5090 1288 5146 ἀντὶ⁸
1327 5089 1421 5144 τοῦ
1482 5089 1676 5162 προδό-

126 5228 273 5283 ωξτίιο
328 5230 703 5303 reprehendit
762 5226 1293 5303 vetus__scboliastes
1339 5226 1424 5303 bis
1464 5224 1671 5291 verbis,

127 5306 211 5370 gl}:
232 5303 294 5355 ad
324 5296 651 5370 marginem
686 5297 914 5370 codicis
935 5296 1202 5370 biazarini
1227 5300 1463 5370 ascripta
1499 5307 1669 5370 sunt}

125 5358 246 5439 σοι
270 5373 359 5424 καὶ
381 5358 505 5436 τοὶξ
534 5368 638 5423 τοῦ
666 5365 821 5439 ίερού
841 5358 1465 5439 ,Ιςλήμεντοςὲδιαλόγοις
1514 5358 1674 5429 ὲνοῖς

126 5432 291 5512 ama
325 5432 529 5512 δφελός
570 5441 624 5493 οἱ
655 5432 1436 5512 ὁρθορόξωξκαὶ-εἰλικρινῶςῄ
1454 5439 1671 5512 ἐντετυ-

82 5552 85 5573 ι
127 5509 303 5582 ngare;
324 5501 521 5582 σᾶφῶς
578 5501 1009 5582 ῐσασιν.’Δπαγε
1034 5507 1141 5582 τῷν
1164 5501 1558 5582 διασυρμῶν,ὦ
1588 5505 1675 5582 λος

128 5554 309 5646 illique;
327 5598 341 5610 ·
378 5554 650 5635 τζεῖξεται
678 5578 794 5645 γάρ
824 5593 903 5629 σοι
932 5554 1039 5630 τ’ὠν
1069 5576 1206 5631 ὅλων
1243 5554 1417 5639 οὑέελς
1445 5575 1547 5646 τῆς
1574 5573 1669 5627 τοῦ

260 5649 625 5724 Ἐκκλησίας·
661 5637 1102 5724 τούΚλήμεντος
1130 5637 1429 5724 ἅπανταέν
1466 5637 1666 5724 σεμνὲ)-

129 5717 317 5791 *θρέψις
356 5708 480 5774 ἐστὶ
510 5708 639 5783 τοῖς
688 5708 976 5789 τροφίμοις
1005 5708 1105 5791 τῆς
1143 5716 1442 5781 εὐσεϐείας,
1467 5708 1556 5786 ﬁt?"
1588 5708 1664 5768 ὧν

133 5786 458 5855 σπφδάζεται.

177 5854 263 5928 (⁷7)
302 5854 772 5933 Συγκατατὰξαι
819 5856 946 5923 ταῖς
972 5858 1324 5925 ἑρμηνείαις.
1363 5856 1440 5913 Ita
1466 5855 1664 5927 legitur

392 5955 689 6015 Ρηιιοι..
741 5947 858 6010 Gn.
905 5948 1035 6012 XX.

1780 4630 2232 4701 quemadmodum
2268 4628 2487 4700 Papias.
2524 4631 2616 4700 qui
2656 4629 2851 4684 iisdem
2908 4628 3245 4697 temporibus
3274 4626 3355 4681 vi-

1782 4723 1881 4787 xit,
1912 4722 2215 4777 mirabilem
2246 4724 2541 4791 quamdam
2572 4722 2946 4776 narrationem
2978 4735 3009 4772 a
3036 4717 3268 4789 Philippi
3294 4719 3359 4773 ll-

1780 4813 1955 4870 liabus
2013 4814 2289 4883 accepisse
2357 4828 2416 4869 se
2468 4814 2674 4877 refert,
2730 4826 3091 4881 exponamus.
3153 4810 3360 4867 Scribit

1778 4906 1922 4961 enim
1953 4914 2224 4960 mortuum
2254 4920 2349 4958 sua
2379 4913 2539 4957 aetate
2564 4902 2630 4956 ad
2659 4901 2828 4955 vitam
2862 4916 2984 4956 esse
3016 4910 3354 4957 revocatum.

1779 4998 2027 5053 Alterum
2063 5010 2282 5066 quoque
2309 4996 2502 5065 ingens
2533 4993 2851 5050 miraculum
2905 4991 3076 5048 refert
3106 4995 3172 5048 de
3200 4992 3358 5047 Justo

1780 5089 1870 5159 qui
1911 5087 2184 5142 Barsabas
2230 5089 2651 5159 cognominatus
2681 5093 2762 5140 est
2802 5101 2818 5150 ;
2871 5084 2963 5155 qui
3005 5100 3128 5140 cum
3157 5082 3357 5137 letltale

1782 5223 1835 5298 in
1872 5224 2062 5298 codice
2093 5222 2282 5298 Regio,
2321 5232 2375 5278 et
2404 5222 2823 5298 rectequidem,
2860 5230 2919 5274 ut
2947 5220 3157 5298 opinor.
3194 5217 3355 5298 Certe

1782 5293 2014 5348 Ruﬁnus
2048 5290 2197 5347 hunc
2232 5294 2409 5347 locum
2446 5294 2519 5348 ita
2559 5292 2706 5362 legit,
2746 5303 2803 5345 ut
2837 5305 2903 5345 ex
2950 5290 3199 5362 versione
3238 5290 3354 5355 ejus

1779 5374 2051 5434 apparet:
2083 5361 2209 5418 Non
2264 5363 2455 5433 pigebit
2503 5357 2679 5434 autem
2725 5376 2817 5414 nos
2872 5363 2966 5434 tibi
3009 5357 3186 5434 omnia
3233 5372 3353 5427 qua:

1778 5428 2045 5504 quondam
2076 5448 2106 5484 a
2142 5428 2455 5504 presbyteris
2482 5432 2781 5491 didicimus,
2817 5440 2864 5483 et
2898 5432 3022 5504 bene
3044 5428 3352 5504 retinemus,

1779 5498 2425 5571 recordantes'expo'rtere
2471 5517 2589 5571 cum
2640 5500 3159 5571 interpretationibus
3214 5498 3349 5571 sitis.

1777 5571 1994 5641 Reliqui
2026 5582 2210 5625 tamen
2236 5564 2453 5627 codices
2485 5570 2651 5633 Maz.,
2682 5564 2820 5641 Med.
2854 5585 2917 5623 ac
2948 5566 3081 5623 Fuk.
3110 5582 3235 5621 cum
3257 5564 3357 5619 Ni-

1778 5639 2021 5712 cephbro
2044 5643 2320 5712 scriptum
2351 5642 2551 5712 habent
2580 5639 2853 5712 συντάξαι.
2920 5711 2943 5712 7
3136 5702 3192 5712 Δ-

1845 5703 1959 5782 (78)
2013 5703 2421 5786 Ἰοῡσὶονᾷτόν
2467 5709 2869 5786 ἐπικληθέντα
2909 5703 3347 5786 nggaddrlln

1776 5777 1951 5834 tribus
1981 5784 2182 5837 nostris
2207 5781 2484 5840 codicibus
2515 5780 2676 5849 Maz.,
2707 5778 2844 5835 Med.
2878 5790 2933 5833 et
2960 5777 3079 5832 Fuk
3150 5777 3350 5845 legitur

1772 5849 2113 5923 Βαρσαϐϐᾶν.
3320 5854 3321 5857 “

3342 0 3793 89 μέν-
