3894 6490
165 386 247 445 διδ
1109 391 1461 451 HISTORle
1502 395 2065 457 ECCLESIASTICA'I
2102 399 2232 459 LIB.
2272 398 2363 458 Π.

3266 408 3374 465 3‘6

164 500 395 577 ρωννύντα
419 503 519 558 σὺν
545 503 675 577 θείᾳ
703 507 886 579 χάριτι
917 508 1017 581 τὴν
1053 512 1290 583 ἔμφυτον
1314 514 1428 587 (65)
1460 516 1588 590 περὶ
1612 517 1664 571 τὲ

1771 569 1777 580 .
1804 529 2017 591 rentur,
2042 523 2309 593 objectos.
2335 521 2612 595 Praecipue
2631 538 2759 579 vero
2778 522 3041 580 enituisse
3068 523 3255 580 dicunt
3279 542 3376 598 ge-

159 598 347 652 θάνατον
369 598 459 652 τοῦ
486 600 749 672 σώματος
768 604 985 662 δειλίαν.
1029 608 1361 682 Βουλομένου
1385 613 1455 682 γέ
1484 630 1564 667 τοι
1584 612 1696 668 ¹τού

154 688 415 742 ἀνθυπάτου
441 690 654 745 πείθειν
682 695 864 761 αὑτὸν,
898 698 1335 770 προϐαλλομένου
1360 719 1421 757 τε
1458 702 1556 776 τὴν
1579 704 1698 775 ἠλι-

154 782 249 836 κίαν
266 782 349 835 καὶ
371 782 782 850 ἀντιϐολοῦντος
809 790 1003 861 κομιδῆ
1028 791 1148 847 νέον
1178 793 1304 847 ὄντα
1326 795 1424 849 καὶ
1438 797 1692 867 ἀκμαῖον,

150 870 290 926 οἶκτον
313 875 499 928 ἑαυτοῦ
524 875 740 942 λαϐεῖν,
768 881 840 952 μὴ
870 881 1152 953 μελλῆσαι,
1179 886 1476 959 προθύμως
1504 889 1562 943 δὲ
1583 890 1696 943 ἐπι-

153 965 411 1020 σπάσασθαι
441 970 523 1032 είς
564 971 764 1026 ἑαυτὸν
795 973 855 1027 τὸ
876 974 1083 1047 θηρίον,
1114 982 1396 1052 μονονουχὶ
1427 981 1692 1055 βιασάμε-

149 1073 214 1110 νον
238 1060 318 1112 καὶ
342 1060 728 1131 παροξύναντα
748 1105 763 1129 ,
794 1066 870 1130 ὡς
906 1067 973 1121 ἂν
1006 1068 1192 1140 τάχιον
1237 1071 1331 1125 τοῦ
1360 1074 1552 1128 ἀδίκου
1595 1077 1691 1130 καὶ

147 1146 304 1217 ἀνόμου
326 1148 436 1214 βίου
456 1152 645 1205 αὐτῶν
667 1155 1006 1230 ἀπαλλαγείη
1036 1158 1167 1230 (64).
1196 1162 1398 1217 Τούτου
1422 1165 1477 1219 δὲ
1501 1166 1593 1219 ἐπὶ
1612 1166 1690 1238 τῷ

92 1294 97 1301 ,
144 1238 385 1309 διαπρεπεῖ
414 1241 641 1316 θανάτῳ
676 1246 741 1298 τὸ
780 1250 887 1301 πᾶν
931 1250 1133 1322 πλῆθος
1164 1254 1564 1327 ἀποθαυμάσαν
1587 1259 1689 1329 τῆς

143 1330 344 1401 ἀνδρείας
370 1333 460 1387 τὸν
491 1334 723 1410 θεοφιλῆ
752 1339 1025 1412 μάρτυρα,
1056 1343 1149 1397 καὶ
1187 1345 1288 1416 τὴν
1332 1347 1564 1402 καθόλου
1592 1348 1686 1404 τοῦ

141 1421 286 1496 ⁸γένους
309 1425 410 1493 (65)
439 1425 553 1481 τῶν
581 1429 933 1500 Χριστιανῶν
958 1433 1178 1507 ἀρετὴν,
1219 1435 1431 1509 ἀθρόως
1462 1440 1687 1513 ὲπιϐοᾷν

142 1512 371 1584 ἄρξασθαι·
406 1515 573 1590 ιΛῖρε
599 1522 735 1585 τοὺς
757 1522 966 1588 ἀθέους
986 1525 1253 1596 ζητείσθω
1266 1512 1678 1601 Πολύκαρποςζ»

138 1609 218 1661 Καὶ
242 1609 297 1682 δὴ
327 1610 590 1684 πλείστης
624 1614 722 1667 ἐπὶ
752 1618 873 1680 ταῖς
900 1616 1049 1687 βοαῖς
1086 1621 1387 1693 γενομένης
1412 1624 1681 1696 ταραχῆς,

136 1701 278 1771 Φρύγα
301 1705 417 1759 τινὰ
446 1706 512 1761 τὸ
540 1708 709 1778 γένος
744 1698 969 1767 Κόϊντον
989 1712 1244 1785 τοῦνομα,
1270 1718 1470 1770 νεωστὶ
1493 1718 1559 1772 ὲκ
1584 1719 1684 1789 τῆς

134 1794 319 1864 ’μαγίαις
354 1799 685 1868 ἐπιστάντα,
718 1804 895 1859 ἰδόντα
925 1808 1054 1870 τοὺς
1084 1807 1276 1881 θῆρας,
1304 1811 1401 1865 καὶ
1444 1810 1542 1877 τὰς
1588 1812 1681 1867 ἐπὶ

132 1884 294 1949 τούτοις
305 1888 557 1956 ἀπειλὰς,
576 1895 930 1967 καταπτῆξαι
944 1898 1044 1969 τὴν
1058 1898 1236 1971 ψυχὴν
1253 1900 1679 1971 μαλακισθέντα,

132 1975 198 2028 καὶ
214 1978 341 2044 τέλος
365 1981 465 2052 τῆς
488 1986 779 2058 σωτηρίας
803 1988 1040 2044 ἐνδοῦναι
1062 1991 1193 2062 (66).
1221 1991 1445 2064 Ἐδήλου
1472 1994 1529 2048 δὲ
1553 1994 1680 2048 τοῦ-

214 2070 339 2141 ότῆς
355 2080 784 2150 προειρημένης
806 2083 1021 2155 γραφῆς
1041 2083 1199 2153 λόγος
1222 2086 1677 2161 προπετέστερον,

129 2158 210 2253 ἀλλ’
247 2163 299 2217 ού
328 2167 447 2220 κατ’
494 2170 799 2225 εὐλάϐειαν
844 2175 1175 2248 ἐπιπηδῆσαι
1219 2177 1297 2249 τῷ
1343 2158 1679 2253 δικαστηρίῳ

130 2252 198 2303 σὺν
216 2254 421 2328 ἑτέροις,
464 2261 674 2317 ἁλόντα
712 2264 761 2318 δ’
786 2261 879 2320 οὖν
912 2268 1081 2339 ὅμως,
1114 2271 1430 2340 καταφανὲς
1462 2252 1677 2326 ὐπόδειέ

127 2360 209 2415 nu
234 2351 333 2413 τοῖς
371 2353 508 2406 πᾶσι
538 2360 878 2428 παρασχεῖν,
906 2360 987 2413 ὅτι
1022 2361 1096 2433 μὴ
1130 2361 1239 2416 δέοι
1269 2364 1386 2426 τοῖς
1415 2364 1678 2430 τοιούτοις

127 2437 453 2532 ῥιψοκινδύνως
471 2449 574 2501 καὶ
590 2449 914 2516 ἀνευλαϐῶς
930 2454 1299 2528 κατατολμᾷν.
1325 2456 1489 2511 Ἀλλὰ
1501 2457 1675 2532 ταύτῃ

125 2533 195 2599 μέν
213 2530 308 2605 εἶχε
332 2537 509 2612 πέρας
535 2541 612 2596 τὰ
645 2542 794 2597 κατά
824 2544 1067 2611 τούτους.
1099 2546 1205 2601 Τόν
1231 2565 1294 2617 γε
1321 2547 1429 2619 μὴν
1461 2530 1674 2622 θαυμαξ

123 2622 327 2682 σιώτατον
361 2631 766 2704 Πολύκαρπον,
798 2636 869 2690 τὰ
903 2637 1002 2708 μὲν
1052 2639 1245 2710 πρῶτα
1272 2639 1480 2696 τούτων
1511 2642 1674 2697 ἀκού-

122 2731 262 2783 σαντα,
288 2722 561 2796 ἀτάραχον
584 2726 893 2799 διαμεῖναι,
916 2730 1180 2795 εὐσταθὲς
1202 2732 1264 2786 τὸ
1284 2728 1417 2805 ἦθος
1440 2734 1532 2787 καὶ
1559 2735 1674 2788 ἀκί-

120 2825 235 2877 νητον
258 2814 589 2882 φυλάξαντα,
622 2816 915 2888 βούλεσθαί
943 2837 1004 2874 τε
1026 2821 1191 2875 αὐτοῦ
1218 2822 1361 2877 κατὰ
1387 2823 1487 2897 τὴν
1518 2824 1670 2880 πόλιν

119 2904 373 2974 περιμένειν
397 2924 413 2938 ο
449 2909 768 2963 πεισθέντα
788 2928 850 2979 γε
886 2912 992 2984 μὴν
1022 2913 1364 2969 ἀντιϐολοῦσι
1392 2917 1504 2980 τοῖς
1532 2917 1668 2987 ἀμφ’

118 2994 254 3061 αὑτὸν,
283 3001 370 3054 καὶ
398 3000 476 3066 ὡς
510 3002 583 3056 ἂν
616 3001 906 3069 ὑπεξέλθοι
939 3006 1347 3078 παρακαλοῦσι,
1384 3007 1668 3081 προελθεῖν

116 3085 172 3149 εἷς
189 3088 238 3140 οὗ
260 3091 437 3165 πόρρω
474 3094 761 3149 διεστῶτα
803 3096 905 3165 τῆς
931 3097 1140 3163 πόλεως
1171 3099 1341 3171 ἀγρὸν
1371 3099 1666 3172 διατρίϐειν

1800 612 2216 670 nerosissimum
2245 612 2654 679 Germanicum,
2682 615 2775 684 qui
2805 614 2987 670 divina
3009 616 3225 686 adjutus
3247 633 3372 686 gra-

1797 705 1896 771 tia,
1937 705 2129 760 mortis
2168 715 2373 761 metum
2403 706 2620 776 corpori
2656 721 2685 760 a
2722 717 2917 762 natura
2954 707 3176 762 insitum
3209 723 3370 778 snpe-

1796 799 1965 854 ravit.
1987 798 2119 853 Nam
2143 813 2267 853 cum
2291 800 2578 868 proconsul
2593 800 2775 855 verbis
2800 816 2923 855 eum
2940 799 3157 857 flectere
3187 802 3369 864 vellet.

1794 890 2202 960 admonensque
2230 890 2378 945 illum
2412 892 2620 960 aetatis,
2654 901 2837 947 oraret
2865 902 2925 948 nt
2952 907 3162 949 memor
3189 895 3373 951 adole-

1794 983 2017 1036 scentia:
2039 997 2153 1036 suae
2178 980 2281 1038 sibi
2315 983 2428 1053 ipse
2456 994 2724 1053 parceret,
2755 984 2846 1037 ille
2873 984 3006 1039 nihil
3060 986 3368 1051 cunctatus,

1793 1073 1933 1129 ultro
1964 1074 2016 1129 in
2043 1089 2103 1130 se
2131 1077 2427 1131 attraxisse
2455 1077 2679 1131 bestiam
2715 1077 2935 1143 dic-itur,
2970 1080 3360 1149 propemodum

1788 1182 1908 1222 eam
1936 1169 2160 1239 adigens
2186 1184 2250 1225 ac
2273 1171 2579 1238 stimulans,
2605 1172 2794 1242 qnoab
2814 1172 2913 1225 hoc
2933 1172 3096 1241 impio
3126 1170 3358 1240 injusta-

1790 1268 1895 1323 que
1928 1256 2129 1311 saeculo
2182 1256 2422 1329 velocius
2480 1258 2817 1312 abscederet.
2855 1257 3022 1312 Porro
3052 1268 3171 1327 post
3230 1259 3355 1313 illu-

1789 1355 1961 1402 strem
1994 1346 2154 1416 hujus
2180 1348 2485 1415 interitum,
2514 1349 2767 1402 universa
2801 1338 3106 1415 multitudo,
3147 1361 3257 1404 tum
3282 1350 3367 1405 di-

1787 1440 1899 1494 vini
1938 1439 2625 1511 martyrisfortitudinem,
2664 1450 2776 1494 tum
2812 1441 2979 1496 totius
3025 1441 3364 1497 Christiano-

1789 1548 1909 1587 rum
1944 1534 2160 1603 generis
2183 1534 2437 1587 virtutem
2475 1534 2807 1603 magnopere
2827 1533 3117 1598 admirata,
3140 1541 3364 1602 repente

1784 1623 2091 1680 acclamare
2121 1625 2287 1694 cmpit
2312 1642 2327 1679 :
2353 1635 2374 1677 ι
2399 1625 2549 1679 Tolle
2572 1626 2764 1693 impios
2790 1643 2803 1679 :
2832 1624 3162 1695 Polycarpus
3184 1624 3364 1694 requi-

1785 1728 1956 1772 ratur.
1983 1736 2001 1770 ι
2029 1718 2229 1777 Secuto
2260 1718 2454 1773 dehinc
2473 1726 2593 1785 post
2614 1716 2916 1788 huiusmodi
2941 1715 3362 1770 acclamationes

1787 1806 2113 1879 gravissimo
2137 1819 2312 1875 motu,
2338 1808 2570 1877 Quintus
2596 1810 2842 1877 quidam,
2894 1806 3118 1861 natione
3138 1805 3316 1876 Phryx
3342 1844 3361 1868 .

1785 1906 1876 1975 qui
1912 1918 2084 1974 nuper
2115 1918 2178 1957 ex
2215 1902 2450 1973 Phrygia
2479 1902 2800 1964 advenerat,
2833 1914 2956 1955 cum
2991 1898 3134 1953 feras
3162 1906 3218 1952 et
3244 1912 3363 1966 quae
3436 1894 3439 1897 ’

1783 2004 2042 2068 praeterea
2099 1994 2512 2048 intentabantur
2565 1999 2837 2045 tormenta
2885 1989 3151 2052 vidisset,
3187 1987 3363 2040 fracto

1784 2089 1967 2145 animo
1997 2087 2239 2158 expavit,
2291 2084 2624 2153 tandemque
2674 2084 2798 2137 vita:
2851 2082 3149 2137 retinendae
3181 2078 3363 2134 studio

1781 2181 1966 2237 cessit.
1993 2179 2096 2234 llic
2126 2193 2289 2248 porro
2314 2175 2547 2243 Quintus
2581 2183 2641 2228 ut
2670 2173 2721 2227 iu
2763 2172 2950 2227 eadem
2981 2171 3206 2240 epistola
3260 2170 3362 2224 do-

1779 2281 1959 2337 cetur,
1991 2269 2304 2325 temeritate
2338 2268 2575 2338 quadam
2633 2274 2703 2319 ac‘
2734 2265 2964 2320 levitate
2997 2265 3220 2329 ductus,
3254 2277 3360 2317 non

1779 2379 1903 2420 cum
1938 2363 2032 2428 pio
2067 2376 2132 2416 ac
2162 2360 2418 2429 religioso
2473 2367 2643 2424 metu,
2680 2373 2786 2412 una
2819 2373 2943 2413 cum
2984 2357 3193 2427 aliquot
3240 2354 3364 2410 aliis

1779 2458 1846 2511 ad
1864 2453 2100 2509 tribunal
2125 2451 2472 2523 prosiluerat.
2493 2451 2598 2505 Sed
2619 2450 2878 2504 continuo
2909 2457 3118 2518 captus,
3152 2447 3364 2502 illustre

1776 2552 2161 2607 documentum
2199 2547 2454 2602 omnibus
2488 2545 2739 2616 praebuit,
2789 2559 2855 2598 ne
2875 2542 3140 2615 praecipiti
3194 2540 3363 2595 auda-

1774 2645 1858 2699 cia
1896 2642 2015 2699 sine
2043 2640 2155 2696 ullo
2181 2638 2516 2695 inﬁrmitatis
2546 2653 2659 2693 sua:
2695 2644 2946 2706 respectu
2982 2633 3142 2703 130
3169 2630 3360 2698 hujus-

1773 2736 1920 2791 modi
1961 2732 2216 2806 periculis
2260 2748 2380 2790 sese
2433 2733 2756 2800 objicerent.
2807 2729 2873 2784 Et
2902 2728 2969 2809 de
2998 2727 3083 2782 his
3136 2724 3357 2795 quidem

1772 2828 2057 2885 hactenus.
2103 2826 2473 2883 Admirandus
2522 2835 2705 2880 autem
2739 2823 2830 2878 ille
2860 2821 3211 2893 Polycarpus,
3245 2815 3361 2886 pli-

1772 2937 1919 2979 mum
1949 2921 2167 2991 quidem
2198 2937 2322 2977 cum
2355 2920 2474 2975 haec
2507 2917 2836 2986 accepisset,
2867 2914 3176 2968 nullatenus
3201 2922 3356 2964 colu-

1770 3025 1950 3070 motus
1988 3023 2100 3080 est,
2146 3015 2240 3070 sed
2274 3010 2574 3082 tranquillo
2603 3021 2908 3077 serenoque
2935 3005 3122 3060 animo
3156 3002 3357 3073 persti-

1773 3107 1852 3163 tit.
1878 3107 2265 3175 Statueratque
2308 3105 2509 3160 ibidem
2540 3104 2592 3157 in
2642 3100 2777 3155 urbe
2810 3112 3116 3153 remanere.
3154 3094 3354 3150 Verum

115 3178 251 3282 τεσὺν
268 3181 460 3250 ὀλίγοις
486 3184 762 3250 ἐνταῦθα,
784 3186 1001 3260 νύκτωρ
1031 3190 1126 3243 καὶ
1155 3191 1271 3261 μεθ’
1303 3191 1518 3263 ἡμέραν
1536 3190 1597 3246 οὕ
1613 3210 1664 3246 τι

1771 3198 2182 3255 obsecrantibus
2202 3194 2589 3260 familiaribus,
2606 3191 3063 3258 hortautibusque
3078 3194 3136 3240 ut
3151 3199 3211 3240 se
3229 3182 3354 3239 inde

116 3275 251 3341 ἕτερον
270 3275 605 3342 πράττοντα,
633 3278 670 3351 ἢ
697 3281 822 3344 ταῖς
846 3281 982 3350 πρὸς
1013 3282 1104 3336 τὸν
1144 3282 1348 3356 Κύριον
1375 3284 1664 3357 διακαρτε-

1771 3289 2124 3355 subduceret,
2149 3286 2202 3342 in
2241 3301 2432 3342 eorum
2466 3284 2792 3340 sententiam
2818 3279 2988 3335 ﬂexus
3012 3320 3028 3346 ,
3061 3278 3129 3332 ad
3161 3289 3351 3347 agrum

114 3359 259 3427 ροῦντα
283 3368 484 3437 εύχαῖς,
518 3370 595 3424 δι’
650 3362 727 3423 ὧν
759 3370 965 3425 δεῖσθαι
993 3372 1089 3425 καὶ
1123 3372 1407 3439 ἱκετεύειν,
1437 3374 1662 3446 εἰρήνην

1771 3377 2054 3451 quemdam
2085 3380 2291 3434 civitati
2317 3377 2624 3449 proximum
2651 3374 2902 3431 secessit.
2948 3371 3027 3427 lbi
3064 3384 3189 3425 cum
3217 3383 3351 3438 pau-

112 3451 425 3529 ἐξαιτούμενον
451 3465 591 3526 ταῖς
624 3460 735 3515 ἀνὰ
757 3464 938 3517 πᾶσαν
961 3464 1061 3537 τὴν
1086 3465 1412 3537 οἰκουμένην
1436 3466 1664 3538 Ἐκκλη-

1771 3474 1844 3527 cis
1868 3471 2156 3527 comitibus
2206 3472 2411 3541 degens
2435 3515 2450 3539 ,
2489 3472 2576 3525 die
2608 3478 2883 3536 noctuque
2914 3463 3191 3520 continuis
3218 3475 3351 3514 ora-

112 3545 212 3611 είαις
231 3566 243 3579 ·
271 3552 421 3607 τοῦτο
448 3554 579 3625 γὰρ
628 3554 726 3608 καὶ
759 3550 898 3607 εἶναι
925 3556 989 3609 ὲκ
1016 3555 1112 3609 τού
1143 3557 1342 3621 παντὸς
1364 3557 1513 3629 αὐτῷ
1540 3557 1663 3611 σύν-

110 3635 216 3703 ηθες.
238 3642 336 3697 Καὶ
374 3644 440 3718 δὴ
472 3646 811 3717 εὐχόμενον,
844 3648 901 3700 ἐν
931 3648 1167 3721 ὀπτασίᾳ
1195 3650 1364 3722 τριῶν
1394 3650 1662 3723 πρότερον

109 3726 272 3799 ἡμερῶν
291 3734 384 3805 τῆς
414 3735 1005 3809 πλλήψεωςμύκτωρ
1036 3737 1163 3793 ίδεῖν
1194 3738 1256 3792 τὸ
1282 3739 1387 3793 ὑπὸ
1418 3741 1661 3813 κεφαλῆς

111 3818 225 3871 αὐτοῦ
250 3827 465 3897 στρῶμα
506 3827 741 3897 ἀθρόως
773 3828 944 3893 οὕτως
976 3829 1083 3882 ὑπὸ
1111 3830 1280 3902 πυρὸς
1320 3831 1549 3901 φλεχθὲν
1577 3834 1662 3887 δε-

109 3909 407 3986 δαπανῆσθαι,
435 3919 683 3985 ἐξυπνον
717 3920 776 3973 δὲ
821 3922 913 3974 ἐπὶ
950 3921 1125 3993 τούτῳ
1158 3924 1470 3996 γενόμενον,
1498 3928 1661 3992 εὐθὺς

112 3999 461 4078 ὖἶνερξθίηνεύσαι
510 4013 635 4075 τοῖς
667 4010 909 4082 παροῦσι
947 4012 1009 4066 τδ
1041 4014 1229 4082 φανὲνν
1270 4019 1555 4089 μονονουχὶ
1597 4018 1660 4072 τὸ

108 4095 249 4159 μέλλον
270 4103 753 4174 προθεσπίσαντα,
776 4103 963 4173 σαφῶς
984 4122 1043 4158 τε
1067 4106 1360 4162 ἀνειπόντα
1385 4112 1498 4173 τοῖς
1518 4111 1658 4181 ἀμφ’

105 4187 316 4251 αὒτόνβτι
337 4194 446 4248 δέοι
480 4193 658 4249 αὐτόν
683 4194 776 4248 διὰ
800 4195 1035 4267 Χριστὸν
1067 4199 1198 4269 πυρὶ
1222 4198 1321 4269 τὴν
1354 4198 1497 4271 ζωὴν
1526 4218 1655 4272 μετ-

103 4276 288 4346 αλλάξαι.
315 4287 534 4341 Ἐπικει
544 4287 734 4358 μένων
763 4286 827 4358 δὴ
851 4284 946 4343 οὖν
988 4289 1086 4342 σὺν
1139 4291 1288 4364 πάσῃ
1314 4290 1517 4363 σπουδῇ
1547 4293 1656 4347 τῶν

104 4369 451 4444 ἀναζητούντων
503 4379 681 4434 αὐτόν
704 4421 721 4447 ,
754 4374 913 4443 αὖθις
960 4380 1065 4434 ὑπὸ
1112 4381 1212 4451 τῆς
1251 4382 1361 4435 τῶν
1411 4382 1655 4453 ἀδελφῶν

100 4458 330 4534 intissam;
370 4472 471 4525 καὶ
520 4470 772 4543 στοργῆς
832 4471 1255 4543 ἐκϐεϐιασμένον
1280 4514 1295 4538 ,
1348 4475 1653 4547 μεταϐῆναί

1767 3564 2029 3628 tionibus,
2063 3578 2164 3618 nec
2188 3561 2277 3615 alii
2311 3571 2577 3632 praeterea
2614 3560 2859 3614 intentus
2892 3557 3056 3627 'operi
3094 3566 3350 3626 perseve-

1762 3654 1959 3711 rabat:
1994 3663 2120 3709 vota
2156 3668 2455 3723 precesque
2501 3652 2565 3706 ad
2592 3651 2763 3706 Deum
2819 3649 3027 3704 faciens
3061 3661 3160 3718 pro
3212 3660 3350 3717 pace

1762 3762 1828 3802 ac
1860 3746 2258 3815 tranquillitate
2281 3746 2522 3799 omnium
2548 3759 2668 3814 qua:
2691 3743 2893 3811 ultique
2924 3749 3195 3795 terrarum
3222 3742 3351 3791 sunt

1762 3837 2158 3892 Ecclesiarum.
2202 3836 2258 3890 ld
2292 3836 2441 3889 enim
2486 3835 2575 3889 ille
2609 3845 2770 3886 antea
2826 3845 3044 3901 semper
3092 3827 3350 3883 factitare

1761 3938 2138 3985 consueverat.
2166 3926 2432 3983 Caeterum
2466 3924 2644 3979 triduo
2676 3934 2965 3994 antequam
2989 3919 3349 3990 comprehen-

1760 4021 2004 4085 deretur,
2038 4032 2204 4076 noctu
2230 4020 2375 4075 inter
2394 4021 2664 4075 orandum
2706 4018 2916 4073 solutus
2967 4018 3018 4070 in
3049 4025 3298 4070 somnum
3323 4048 3344 4078 ,

1760 4114 1946 4167 videre
1978 4112 2081 4167 sibi
2117 4113 2269 4168 visus
2299 4122 2382 4167 est
2413 4111 2653 4167 cervical
2699 4127 2806 4181 quo
2830 4120 2994 4177 caput
3020 4104 3344 4169 reclinahat,

1761 4213 1935 4258 totum
1972 4214 2191 4274 repente
2217 4203 2437 4259 flamma
2465 4213 2874 4272 consumptum.
2919 4200 3092 4267 Quam
3121 4198 3190 4251 ob
3213 4210 3344 4250 cau-

1757 4311 1873 4352 sam
1904 4311 1936 4351 e
1966 4312 2158 4353 somno
2193 4300 2491 4364 excitatus,
2520 4298 2703 4352 statim
2734 4295 2911 4348 visum
2944 4309 3099 4346 sumn
3152 4297 3343 4342 astan-

1759 4389 1903 4443 tibus
1956 4389 2251 4459 exposuit;
2312 4391 2477 4459 idque
2536 4388 2680 4458 quod
2715 4387 2819 4441 sibi
2858 4392 3181 4439 eventurum
3219 4387 3342 4435 erat

1758 4483 2157 4549 praenuntiaus,
2206 4480 2571 4558 familiaribus
2607 4479 2723 4534 suis
2756 4487 2942 4548 aperte
2975 4473 3226 4545 praedixit
3280 4486 3341 4527 se

100 4569 215 4618 φασιν
250 4566 322 4628 είς
345 4565 542 4639 ἕτερον
588 4564 797 4636 ἀγρὸν,
834 4563 960 4617 ἔνθα
990 4566 1107 4636 μετ’
1137 4566 1198 4618 ού
1245 4566 1496 4621 πλεῖστον
1525 4569 1652 4633 τοὺς

1771 4558 2125 4637 )το’(]ιιι·ἰδιο
2168 4570 2402 4627 ﬂanunis
2452 4573 2804 4642 absumptum
2857 4568 2949 4622 iri.
3000 4566 3170 4621 Porro
3211 4577 3336 4618 cum

100 4650 461 4722 πνελαύνοντας
490 4657 775 4720 ἐπελθεῖν,
804 4656 897 4710 δύο
919 4674 979 4710 τε
1002 4656 1113 4711 τῶν
1142 4658 1332 4712 αὐτόθι
1363 4659 1647 4715 συλλαϐεῖν

98 4740 266 4811 παίδων,
293 4742 367 4802 ὧν
394 4750 640 4823 θάτερον
686 4751 1098 4820 αίκισαμένους,
1125 4752 1419 4822 ἐπιστῆναι
1453 4751 1521 4806 δι’
1546 4754 1646 4807 αύ-

94 4829 159 4884 τοῦ
177 4840 230 4910 τῇ
252 4840 338 4894 τοῦ
364 4843 748 4916 Πολυκάρπου
771 4846 1090 4915 καταγωγῇ.
1128 4843 1257 4914 Ὀψὲ
1279 4844 1337 4898 δὲ
1366 4844 1468 4916 τῆς
1496 4845 1646 4918 ὥρας

141 5032 227 5107 (65)
257 5041 776 5115 ’Υξτορῤωννύντα
804 5044 926 5098 σὺν
953 5046 1083 5113 θείᾳ
1106 5043 1299 5115 χάριτι
1323 5044 1439 5114 τὴν
1456 5046 1641 5115 ἔμφυ-

94 5117 180 5185 τωῖν
203 5124 299 5186 etc.
329 5114 509 5169 Verba
562 5118 746 5183 ipsius
782 5116 1023 5184 epistolae
1056 5114 1218 5184 qttam
1253 5114 1504 5186 superius
1534 5114 1640 5171 ex-

94 5182 379 5255 scripsimus,
428 5182 601 5254 longe
644 5182 827 5237 alium
859 5182 1086 5239 sensum
1114 5182 1397 5240 exhibent.
1450 5186 1636 5254 Neque

89 5254 191 5301 enim
220 5254 479 5318 seipsum,
519 5256 620 5308 sed
650 5256 924 5308 sociorum
975 5257 1185 5309 animos
1240 5257 1485 5324 exemplo
1535 5272 1634 5310 suo

91 5324 388 5399 corllignasse
420 5326 635 5399 dicitur
668 5325 1048 5399 Germanicus.
1181 5326 1291 5399 γὰρ
1321 5326 1635 5399 γενναιότατ

91 5396 154 5463 Ὗς
177 5389 525 5468 Τερμανικὸς
564 5394 949 5468 ὲπερῤᾠννυεν
989 5396 1167 5449 αὐτῶν
1193 5389 1294 5468 τὴν
1314 5389 1517 5449 δειλίαν
1547 5396 1636 5449 διὰ

88 5468 157 5590 ἑῇς
175 5462 222 5580 εἴ
239 5462 383 5536 αύτῷ
402 5462 727 5536 ύπομονῆςξ
751 5466 855 5532 Qui
882 5480 1076 5521 sensus
1107 5462 1487 5537 mihi'quidem
1513 5483 1631 5519 ma-

114 5542 146 5576 ls
165 5544 191 5590 β
211 5546 340 5588 υςυι.

114 5542 146 5576 ts
165 5542 340 5588 placet.

138 5602 229 5687 {64)
262 5604 511 5687 ᾉνόμου
532 5607 695 5687 ,ϐίου’
723 5604 918 5660 αὐτῶν
935 5607 1333 5687 ἀπαλέιαγείη.
1367 5606 1480 5687 Hoc
1510 5607 1631 5663 loco

88 5677 237 5747 {licem
261 5676 447 5730 αὐτῶν
476 5680 843 5740 restituimus,
874 5692 995 5746 quae
1022 5682 1074 5730 iu
1114 5676 1282 5746 Regio
1297 5679 1512 5747 quidem
1540 5694 1633 5733 co-

90 5734 174 5817 gitis
210 5744 414 5817 deerat,
453 5750 549 5803 sed
581 5751 636 5802 in
681 5734 854 5800 tribus
890 5734 1102 5801 'nostris
1151 5734 1427 5802 codicibus
1466 5746 1631 5817 Μυκη

87 5802 188 5865 Sed.
203 5822 253 5868 et
270 5815 308 5870 F
314 5802 414 5879 uk.
444 5802 501 5873 et
536 5819 593 5874 in
626 5817 920 5887 exemplari
962 5818 1127 5887 ipsius
1156 5802 1628 5890 epistolzelegitur:

1755 4664 1904 4719 omni
1938 4664 2117 4718 studio
2142 4679 2207 4719 ac
2237 4663 2515 4734 diligentia
2542 4661 2918 4738 incumberent
2939 4658 3029 4728 qui
3059 4670 3183 4711 eum
3214 4668 3339 4724 per-

1754 4754 2144 4825 vestigabant,
2198 4768 2391 4808 rursus
2440 4753 2671 4807 fratrum
2727 4750 2924 4806 affectu
2960 4758 3017 4803 et
3069 4746 3338 4802 charitate

1753 4844 2091 4915 compulsus,
2125 4853 2183 4899 ut
2211 4845 2388 4913 aiunt,
2426 4844 2494 4899 ad
2522 4845 2683 4901 aliam
2713 4843 2898 4898 villam
2935 4838 3336 4910 commigravit.

1821 5047 1932 5116 (65)
1979 5047 2100 5117 Τὴν
2138 5048 2401 5104 καθόλου
2433 5046 2552 5102 ’τοῦ
2587 5046 2825 5116 γένους.
2865 5044 2934 5117 Αῐη
2966 5040 3155 5099 codice
3191 5040 3334 5096 Maz.

1746 5129 1803 5173 et
1851 5115 2151 5174 l~uketiano
2199 5118 2427 5172 καθόλου
2477 5118 2739 5172 scribitur
2785 5115 3002 5185 quidem
3045 5130 3147 5167 una
3177 5127 3332 5177 voce,

1743 5204 1940 5261 aspero
1984 5200 2162 5261 tamen
2196 5188 2585 5261 Spiritumedia
2610 5186 2814 5261 syllaba
2852 5193 3204 5261 praenotatur.

1816 5252 1927 5331 '(66)
1939 5259 2052 5329 Τῆς
2067 5252 2365 5331 σωτηρίας
2383 5252 2770 5331 ἐνδοῦναὶλῖιι
2782 5258 2811 5331 li
2821 5252 2921 5309 nus
2939 5257 3096 5309 vertit
3108 5252 3331 5331 salutem

1740 5321 1966 5402 segnitia
1995 5321 2244 5399 perdere:
2271 5321 2544 5382 Masculus
2562 5344 2694 5402 vero
2725 5326 2948 5379 salutem
2961 5339 3115 5402 suam
3141 5321 3330 5402 prud‘e-

1741 5390 1823 5456 re:
1848 5403 1918 5455 At
1946 5390 2474 5467 Christophorsonus
2524 5397 2743 5451 uberius
2794 5407 2861 5467 ut
2894 5395 3045 5467 solet
3071 5402 3122 5443 et
3159 5390 3330 5467 proli-

1741 5475 1868 5526 xius
1901 5460 2296 5538 interpretatus
2321 5478 2403 5523 est
2439 5468 2538 5540 hoc
2569 5467 2731 5540 modo
2758 5483 2773 5521 :
2918 5465 3126 5540 tandem
3149 5460 3335 5540 salute

1740 5543 1956 5610 prodita
1982 5530 2170 5594 mimus
2199 5555 2308 5610 pr_(_v
2346 5538 2554 5607 ignavia
2577 5536 2802 5610 dedisse.
2828 5535 2970 5610 sane
2996 5530 3328 5610 aliquid_ltic

1742 5601 1959 5665 videtur
1996 5601 2208 5664 deesse.
2244 5601 2431 5676 Neque
2465 5611 2609 5660 enim
2640 5605 2828 5676 Grafce
2852 5604 3052 5676 dicitur
3083 5601 3328 5676 ένὼύναι

1736 5680 1841 5752 τῆς
1875 5678 2174 5751 σωτηρίας,
2221 5680 2325 5752 nisi
2346 5670 2509 5730 'forte
2539 5674 2832 5752 subaudias
2870 5672 3053 5752 ἓνεκα.
3086 5670 3327 5752 Necjm-

1737 5739 1937 5807 ιιιέιίιο
1975 5739 2096 5818 qiits
2132 5739 2446 5818 suspicetur
2477 5745 2825 5803 scribendum
2861 5758 2983 5801 esse
3022 5739 3323 5797 ἐκπεσόντα

1737 5822 1841 5893 τῆς
1871 5816 2170 5892 σωτηρίας,
2197 5816 2459 5872 ἐνδοῦναι.
