3894 6490
502 353 598 412 551

1204 347 1472 406 EUSEBH
1503 342 1986 404 CESARIENSIS
2023 341 2174 397 OPP.
2221 341 2404 397 PARS
2440 341 2482 399 1.
2521 372 2591 382 -
2630 339 3020 398 HlSTORlCA.

3644 351 3740 406 352

514 494 517 497 ·
543 472 724 530 Fortis
739 469 1197 543 esto,Polycarpe,
1213 479 1269 526 et
1289 470 1519 524 viriliter
1533 486 1652 538 age.
1668 488 1686 520 ι
1710 469 1773 522 Et
1789 468 1836 523 is
1861 467 2051 538 quiden

2182 464 2457 537 προσώπῳ
2496 467 2577 529 εἰς
2600 466 2775 518 πάντα
2794 464 2884 518 τόν
2921 463 3076 534 δχλον
3102 463 3192 517 τὸν
3225 466 3282 520 ὲν
3303 466 3383 538 τῷ
3414 469 3618 542 σταδίῳ·
3647 475 3735 543 ἐμ-

501 567 590 636 qui
613 567 753 625 hanc
776 580 966 621 vocem
1003 565 1266 628 ediderat,
1304 578 1335 616 a
1361 563 1578 618 nemine
1615 570 1699 615 est
1751 562 1922 624 visus,
1952 560 2068 628 ipsa

497 670 628 711 vero
655 670 757 710 vox
789 669 818 708 a
845 653 1120 722 plerisque
1142 659 1454 706 nostrorum
1487 651 1740 706 exaudita
1772 661 1878 707 est.
1907 649 2072 705 Cum-

495 763 602 816 que
625 749 690 802 ad
721 744 956 802 tribunal
991 744 1252 799 adductus
1275 752 1440 808 esset,
1472 743 1662 814 ingens
1689 745 1930 798 omnium
1962 743 2072 798 cla-

496 853 618 892 mor
650 837 922 892 excitatus
952 843 1056 900 est,
1085 835 1421 888 audientium
1468 835 1921 902 comprehensum
1947 846 2070 888 esse

492 929 872 1000 Polycarpum.
909 925 1087 980 Porro
1138 927 1488 980 accedentem
1549 925 1904 994 interrogavit
1946 939 2071 992 pro-

492 1019 700 1080 consul,
739 1020 919 1087 ipsene
949 1025 1094 1071 esset
1122 1016 1473 1088 Polycarpus.
1509 1017 1641 1070 Cttm
1670 1016 1756 1070 ille
1789 1017 2066 1082 fateretur,

491 1106 719 1160 suadere
749 1105 1221 1174 coepitproconsul
1253 1115 1310 1158 ut
1333 1104 1609 1160 Christum
1633 1115 1854 1174 negaret
1882 1123 1896 1158 :
1922 1123 1939 1155 ι
1968 1104 2068 1158 Re-

489 1212 696 1261 verere,
728 1198 996 1267 inquiens,
1030 1207 1246 1252 aetatem
1281 1207 1450 1263 tuam,
1481 1217 1498 1248 ι
1528 1199 1740 1264 aliaque
1769 1198 1850 1251 bis
1871 1196 2066 1250 similia

490 1290 752 1358 adjiciens
805 1307 925 1357 qua:
950 1291 1024 1344 illi
1071 1305 1377 1359 proponere
1400 1298 1806 1345 consueverunt
1842 1307 1855 1342 :
1895 1307 1912 1340 ι
1937 1287 2064 1342 Jura

487 1398 584 1450 per
611 1384 825 1453 genium
849 1382 1077 1437 Caesaris
1104 1398 1118 1447 ;
1155 1383 1449 1450 resipisce;
1478 1384 1563 1437 dic
1589 1405 1601 1438 :
1631 1381 1782 1436 Tolle
1817 1382 2062 1451 impios.»

486 1473 621 1528 Tum
648 1474 981 1544 Pulycarpus
1005 1475 1152 1544 gravi
1197 1489 1261 1528 ac
1287 1489 1478 1528 severo
1510 1475 1660 1528 vultu
1688 1475 1898 1531 turbam
1950 1489 2068 1528 om-

484 1580 629 1628 nem,
657 1581 777 1634 qute
805 1567 859 1619 iu
915 1566 1094 1619 stadio
1149 1575 1269 1619 erat
1298 1575 1582 1632 contuens,
1637 1580 1966 1636 manumque
2011 1565 2065 1619 in

483 1673 578 1712 eos
606 1658 914 1720 intendens,
941 1671 1043 1710 non
1089 1656 1207 1710 sine
1243 1658 1444 1724 gemitu
1480 1657 1708 1712 sublatis
1761 1659 1814 1711 in
1867 1657 2064 1713 caelum

482 1749 658 1802 oculis
675 1749 844 1802 dixit:
871 1766 889 1798 ι
913 1746 1064 1801 Tolle
1088 1747 1335 1815 impios.)
1357 1747 1489 1803 Cum
1510 1748 1734 1803 instaret
1755 1745 2063 1818 proconsul,

2173 557 2394 626 ϐλέψας,
2431 557 2710 621 ὲπισεῐσας
2732 559 2913 622 αὐτοῖς
2943 557 3042 628 τὴν
3072 559 3544 628 χεῖρα,ὀτενάξας
3568 581 3624 616 τε
3655 565 3739 619 καὶ

2169 654 2478 724 ἀναϐλέψας
2493 657 2572 717 εἰς
2585 653 2749 722 τδνξού
2758 652 2935 724 ρανδν,
2959 647 3137 705 εἶπεν·
3167 671 3186 703 ι
3197 649 3327 723 Αἶρε
3351 655 3476 719 τοὺς
3494 655 3703 722 ἀθέους.
3715 677 3732 712 ι

2183 747 2529 816 Ἐγκειμένου
2561 745 2617 798 δὲ
2643 743 2732 798 τοῦ
2766 745 3090 814 ἡγουμένου,
3118 745 3211 797 καὶ
3233 745 3500 812 λέγοντος·
3532 765 3552 798 ‹
3584 749 3739 817 Ὄμοι

2172 856 2264 892 σον
2294 840 2388 892 καὶ
2425 837 2680 892 ἀπολύσω
2713 855 2794 900 σε,
2839 836 3147 908 λοιδόρησον
3172 837 3262 890 τὸν
3293 839 3550 909 Χριστὸν,
3587 859 3605 892 ι
3645 841 3738 912 ἔφη

2170 932 2198 983 ὁ
2247 930 2619 1000 Πολύκαρπος·
2660 947 2679 979 t
2727 927 3086 997 Ὀγδοήκοντα
3130 928 3224 980 καὶ
3270 919 3331 991 ἒξ
3366 926 3460 998 ἔτη
3512 928 3740 983 δουλεύω

2169 1020 2338 1091 αύτῷ,
2365 1021 2458 1074 καὶ
2488 1019 2639 1074 οὐδέν
2667 1036 2733 1090 με
2765 1019 3011 1090 ἠδίκησε.
3040 1019 3150 1073 Καὶ
3175 1018 3291 1083 πῶς
3314 1019 3552 1090 δύναμαι
3587 1019 3740 1089 βλασ-

2170 1112 2421 1183 φημῆσαι
2443 1112 2533 1165 τὸν
2556 1111 2790 1165 Βασιλέα
2826 1128 2950 1181 μου,
2982 1110 3072 1164 τὸν
3097 1109 3346 1164 σώσαντά
3372 1128 3474 1180 με;
3520 1130 3539 1162 ι
3591 1111 3740 1164 Ἐπι-

2171 1204 2419 1274 μὲνοντος
2465 1203 2523 1257 δὲ
2571 1203 2730 1256 πάλιν
2776 1203 2940 1256 αὑτοῦ
2987 1203 3081 1255 καὶ
3124 1201 3400 1269 λέγοντος⁸
3444 1220 3462 1252 t
3511 1202 3739 1270 Ὄμοσον

2166 1296 2263 1366 τὴν
2296 1295 2573 1364 Καίσαρος
2614 1293 2804 1365 τύχην,
2841 1312 2861 1345 ι
2899 1296 2928 1347 ὁ
2955 1292 3330 1363 Πολύκαρπος,
3365 1311 3384 1343 t
3417 1293 3481 1344 Εἰ
3532 1291 3737 1344 κενοδο-

2168 1388 2297 1452 ξεῖς,
2325 1390 2506 1457 φησὶν,
2537 1389 2622 1441 ἵνα
2635 1388 2825 1457 ὀμόσω
2847 1386 2944 1457 τὴν
2961 1386 3236 1457 Καίσαρος
3261 1383 3534 1456 τύχην,ὡς
3547 1378 3740 1449 λέγεις,

2168 1480 2631 1550 προσποιούμενος
2652 1481 2866 1547 ἀγνοεῖν
2901 1479 3050 1542 ὅστις
3077 1479 3222 1548 εἰμὶ,
3261 1478 3399 1548 μετά
3428 1475 3736 1549 παρρησίας

2165 1573 2347 1627 ἄκουεο
2368 1571 2688 1642 Χριστιανός
2714 1572 2849 1641 εἰμι.
2876 1571 2940 1623 Εἰ
2966 1570 3022 1623 δὲ
3049 1569 3222 1635 θέλεις
3251 1562 3346 1624 τὸν
3364 1568 3461 1623 τοῦ
3489 1571 3738 1639 Χριστιαο

2165 1664 2359 1734 νισμού
2393 1662 2580 1733 μαθεῖν
2605 1662 2783 1728 λόγον,
2812 1660 3129 1731 δὸςήμέραν
3157 1660 3249 1713 καὶ
3277 1659 3528 1713 ἄκουσον.
3557 1677 3576 1709 ι
3599 1658 3737 1726 Ἔφη

2164 1757 2192 1808 ό
2224 1753 2548 1816 ἀνθύπατος·
2585 1771 2602 1802 ι
2627 1753 2818 1804 Πεῖσον
2847 1751 2936 1804 τὸν
2965 1752 3152 1822 δῆμον.
3187 1771 3205 1803 ι
3228 1749 3593 1821 Πολύκαρπος
3614 1748 3730 1818 ἔφη·

482 1841 796 1908 diceretque
833 1856 848 1893 :
893 1860 912 1893 ι
936 1839 1086 1904 Jura,
1110 1851 1164 1894 et
1203 1841 1358 1912 132
1391 1841 1634 1910 protinus
1666 1850 1715 1895 te
1745 1839 2011 1893 dimittam
2042 1855 2051 1892 :

2173 1866 2191 1897 ι
2231 1847 2297 1899 Σὲ
2335 1846 2432 1916 μὲν
2465 1846 2559 1899 κα)⁸
2578 1844 2734 1912 λόγου
2758 1843 2982 1914 ἠξίωσα.
3015 1820 3380 1914 Ᾰεδιδὰγμεθα
3409 1820 3520 1912 γὰρ
3547 1842 3737 1910 ἀρχαῖς

482 1933 569 1987 (lic
587 1933 828 1987 convicia
841 1937 1106 1990 adversus
1123 1936 1400 1990 Christum
1425 1950 1472 1999 ;›
1500 1932 1691 2003 Polyca
1702 1947 1828 2001 rpus
1843 1945 2063 1999 respono

482 2027 560 2081 dit
595 2042 610 2080 :
650 2044 669 2077 ι
695 2025 804 2080 Sex
835 2038 890 2080 et
918 2029 1192 2098 octoginta
1221 2028 1508 2082 continuos
1529 2039 1698 2079 annos
1719 2024 1767 2079 ei
1788 2025 2062 2078 ministra-

479 2120 556 2182 vi,
594 2133 696 2173 nec
725 2118 831 2172 ulla
865 2135 948 2174 me
978 2135 1214 2189 unquam
1240 2118 1420 2174 all‘ecit
1451 2118 1684 2187 injuria:
1709 2125 1764 2172 et
1791 2115 2060 2185 quomodo

479 2226 700 2280 possum
731 2211 894 2278 impie
925 2211 1068 2281 loqui
1115 2211 1374 2266 adversus
1425 2210 1626 2280 Regem
1661 2225 1840 2264 meum
1869 2217 2060 2263 auclo-

477 2318 702 2372 remque
731 2303 925 2357 salutis
957 2304 1136 2358 mete?
1161 2323 1178 2354 ι
1216 2304 1456 2374 Urgente
1485 2318 1675 2357 rursus
1706 2291 2058 2370 proconsule,

476 2408 541 2448 ac
567 2393 780 2448 dicente
804 2411 818 2447 :
841 2412 859 2445 t
880 2392 1007 2448 Jura
1031 2409 1129 2464 per
1145 2395 1359 2463 genium
1378 2393 1643 2458 Caesaris;
1678 2411 1698 2445 ι
1731 2392 2058 2464 Polycarpus

474 2486 652 2540 dixit:
685 2505 703 2537 ι
739 2487 795 2542 Si
827 2487 1070 2556 quidem,
1111 2486 1306 2555 inquit,
1353 2486 1638 2539 ambitiose
1666 2484 1969 2548 contendis,
2001 2491 2058 2537 ut

475 2592 579 2644 ego
611 2592 708 2645 per
743 2578 961 2646 genium
991 2593 1152 2648 quem
1183 2593 1346 2632 vocas
1375 2576 1605 2632 Caesaris
1649 2573 1850 2644 jurem,
1887 2577 2057 2630 simu-

475 2669 593 2723 lans
623 2677 674 2722 te
705 2668 960 2738 ignorare
989 2669 1112 2739 quis
1135 2670 1262 2733 sim,
1293 2669 1416 2722 audi
1450 2668 1622 2723 libere
1660 2667 2003 2736 proﬁtentem
2037 2687 2052 2722 :

473 2761 818 2816 Christianus
837 2776 972 2815 sum.
1011 2761 1163 2828 Quod
1189 2762 1234 2814 si
1269 2760 1565 2816 Christiani
1588 2759 1772 2814 cultius
1792 2759 2054 2815 rationem

471 2853 623 2919 cumis
643 2867 963 2922 agnoscere,
1008 2853 1075 2906 da
1109 2853 1239 2907 mihi
1281 2853 1388 2907 diei
1424 2852 1686 2922 spatium,
1721 2859 1772 2906 et
1800 2852 2005 2906 audies.
2032 2871 2052 2906 ι

468 2948 536 2999 At
551 2946 875 3016 proconsul:
901 2966 919 2998 ι
937 2946 1227 3009 Persuade,
1247 2945 1443 3015 inquit,
1457 2946 1674 3016 p0pulo.
1688 2965 1708 2999 ι
1726 2946 2056 3018 Polycarpus

469 3041 635 3094 dixit:
659 3059 678 3092 ι
707 3039 826 3094 Tibi
852 3039 1070 3109 quidem
1093 3040 1357 3094 rationem
1378 3041 1606 3094 reddere
1637 3056 1741 3095 non
1771 3056 1856 3093 me
1870 3039 2051 3109 piget:

467 3140 794 3201 praeceptum
823 3131 966 3184 enim
993 3130 1151 3184 nobis
1192 3141 1276 3184 est
1332 3138 1393 3183 ut
1440 3130 1855 3200 magistratibus
1880 3139 1935 3183 et
1959 3144 2056 3198 po-

469 3224 761 3278 testatibus
797 3238 824 3277 a
861 3223 974 3279 Deo
1004 3223 1320 3279 constitutis
1342 3224 1602 3278 honorem
1627 3223 1868 3278 debitum
1899 3223 2054 3277 exhi-

467 3315 715 3382 beamus,
764 3317 858 3386 qui
901 3317 1061 3372 nobis
1119 3317 1254 3386 ipsis
1310 3315 1444 3372 nihil
1507 3325 1722 3371 noceat.
1760 3315 1885 3370 lllos
1921 3331 2052 3370 vero

469 3423 658 3478 parum
690 3409 884 3479 dignos
909 3424 1107 3465 censeo
1130 3409 1328 3478 quibus
1366 3408 1490 3463 ﬂdei
1535 3419 1740 3463 nostra:
1785 3409 2048 3462 rationem

469 3502 711 3557 reddam.
735 3520 753 3552 δ
791 3499 943 3554 Tunc
972 3500 1262 3569 proconsul
1301 3519 1313 3555 :
1345 3519 1365 3552 ι
1406 3499 1616 3553 Praesto
1649 3506 1800 3564 sunt,
1853 3499 2046 3568 inquit,

467 3592 678 3655 bes-tite,
705 3591 904 3659 quibus
949 3600 1000 3644 te
1031 3590 1350 3660 objecturus
1392 3605 1534 3646 sum.
1565 3590 1664 3669 nisi
1719 3588 2047 3643 sententiam

468 3683 820 3738 mutaveris.»
853 3681 1184 3753 Polycarpus
1212 3680 1346 3736 dixit
1375 3696 1391 3735 :
1425 3699 1446 3733 ι
1471 3682 1704 3736 Accerse
1734 3696 1846 3745 eas,
1876 3696 2051 3750 neque

466 3776 613 3829 enim
670 3775 827 3828 nobis
881 3788 910 3827 a
965 3774 1280 3829 melioribus
1333 3773 1397 3828 ad
1442 3773 1713 3828 deteriora
1773 3773 2049 3828 mutabilis

465 3881 622 3921 mens
645 3874 744 3921 est.
782 3865 1074 3920 Pulchrum
1119 3867 1333 3936 quidem
1371 3876 1534 3936 atque
1571 3867 1856 3922 honestum
1890 3868 2047 3922 duci-

466 3972 587 4012 mus
631 3973 661 4011 a
713 3959 859 4013 vitiis
914 3960 980 4011 ad
1020 3960 1275 4012 virtutem
1312 3969 1708 4014 transcurrere.
1736 3978 1754 4010 »
1811 3959 1893 4013 Ad
1932 3960 2045 4014 haec

463 4051 757 4118 proconsul
793 4069 807 4105 :
850 4069 869 4103 ι
905 4051 1148 4117 Quando,
1173 4052 1368 4121 inquit,
1393 4051 1598 4106 bestias
1651 4053 1886 4120 spernis,
1921 4053 2046 4106 faxo

463 4150 523 4194 ut
551 4141 802 4196 incendio
815 4143 1070 4208 domeris,
1091 4144 1191 4198 nisi
1212 4146 1540 4198 sententiam
1563 4155 1757 4199 mutes.
1775 4172 1844 4182 -ς
1861 4142 2044 4214 Ignem

463 4232 706 4300 minaris,
735 4234 813 4287 ait
838 4234 1192 4305 Polycarpus,
1217 4236 1305 4304 qui
1330 4236 1395 4288 ad
1425 4237 1570 4290 horae
1603 4235 1838 4305 spatium
1864 4236 2039 4300 ardet,

461 4325 756 4397 statimque
790 4329 1172 4400 exstinguitur.
1198 4329 1418 4399 Ignoras
1443 4330 1655 4384 scilicet
1700 4330 1849 4383 illum
1873 4327 2039 4382 futuri

457 4416 646 4486 judicii
677 4429 1005 4492 aeternaeque
1039 4423 1403 4478 damnationis
1447 4421 1652 4492 ignem,
1691 4422 1780 4492 qui
1840 4420 2040 4490 impio-

2163 1939 2258 1992 καὶ
2285 1939 2555 2004 ἐξουσίαις
2590 1940 2694 1992 ὑπὸ
2734 1940 2868 1993 Θεοῦ
2907 1937 3264 2008 τεταγμέναις
3304 1935 3470 2006 τιμὴν
3513 1933 3656 1986 κατά
3684 1933 3738 1985 τὸ

2164 2031 2439 2102 προσῆκον
2467 2031 2566 2100 τὴν
2599 2031 2672 2102 μὴ
2699 2032 3043 2102 βλάπτουσαν
3075 2031 3221 2102 ἡμᾶς
3241 2029 3538 2098 ἀπονέμειν
3559 2042 3574 2055 ο
3600 2025 3737 2078 ὲκεί-

2161 2137 2286 2184 νους
2304 2121 2361 2174 δὲ
2386 2121 2486 2175 ούκ
2505 2121 2687 2188 ἀξίους
2711 2121 2844 2193 ἡγοῦ
2853 2139 2948 2192 μαι
2980 2120 3072 2174 τοῦ
3094 2117 3479 2186 ἀπολογεῖσθαι
3501 2115 3732 2176 αὐτοῖς.»

2173 2216 2232 2269 Ὀ
2257 2215 2314 2268 δὲ
2339 2213 2644 2278 ἀνθύπατος
2678 2209 2798 2267 εἷπε
2825 2213 2939 2282 (72)
2957 2229 2968 2242 ·
3010 2230 3028 2262 ι
3067 2210 3245 2280 Θηρῐα
3271 2209 3398 2279 ἔχω.
3423 2205 3649 2266 Τούτοις
3682 2219 3737 2254 σε

2162 2301 2464 2375 παραϐαλῶ
2488 2301 2582 2354 ὲάν
2609 2303 2682 2373 μὴ
2723 2301 3078 2373 μετανοήσῃς.
3113 2319 3132 2350 ι
3183 2299 3240 2351 ὐ
3270 2298 3326 2350 δὲ
3358 2293 3532 2350 εἶπεν·
3573 2314 3591 2344 ι
3630 2294 3739 2346 Κά-

2159 2395 2260 2457 λει,
2289 2393 2621 2466 ἀμετάθετος
2650 2393 2756 2465 γὰρ
2788 2395 2920 2463 ἡμῖν
2955 2395 2982 2462 ἡ
3015 2391 3121 2444 ἀπὸ
3149 2390 3257 2444 τῶν
3287 2388 3618 2460 κρειττόνων
3651 2384 3738 2437 ἐπὶ

2157 2487 2227 2541 τὰ
2263 2487 2431 2558 χείρω
2464 2485 2720 2557 μετάνοια
2750 2484 2885 2556 (75).
2925 2483 3104 2537 Καλὸν
3128 2481 3185 2536 δὲ
3225 2478 3608 2550 μετατίθεσθαι
3635 2474 3738 2528 ἀπὸ

2156 2578 2265 2632 τῶν
2295 2577 2548 2649 χαλεπῶν
2587 2578 2680 2631 ἐπὶ
2723 2577 2792 2630 τὰ
2821 2576 3023 2629 δίκαια.
3060 2593 3080 2626 ι
3118 2574 3176 2628 Ὀ
3200 2573 3256 2626 δὲ
3289 2572 3450 2626 πάλιν
3479 2570 3616 2640 πρὸς
3642 2568 3739 2620 αύ-

2157 2672 2267 2726 τόν⁶
2309 2691 2328 2723 t
2359 2671 2500 2742 Πυρί
2539 2688 2596 2723 σε
2627 2671 2837 2741 ποιήσω
2875 2666 3237 2738 δαμασθῆναι,
3275 2664 3370 2718 ὲάν
3397 2662 3506 2716 τῶν
3537 2659 3737 2732 θηρίων

2157 2767 2527 2837 καταφρονῇς,
2559 2764 2654 2817 ἐὰν
2683 2761 2756 2833 μὴ
2792 2761 3149 2832 μετανοήσῃς.
3171 2777 3189 2809 ι
3209 2748 3568 2826 Πολύκαρπος
3597 2747 3734 2804 εἷπε·

2163 2877 2183 2910 ι
2215 2858 2332 2930 Πύρ
2367 2857 2613 2919 ἀπειλεῖς
2640 2853 2775 2926 πρὸς
2795 2853 2942 2924 ὥραν
2972 2852 3284 2921 καιόμενον,
3321 2848 3419 2900 καὶ
3456 2842 3740 2915 μετολίγον

2159 2950 2534 3021 σϐεννύμενον.
2565 2949 2802 3016 Ἀγνοεῖς
2821 2944 2928 3017 γὰρ
2953 2943 3014 2997 τὸ
3047 2944 3144 3014 τῆς
3174 2939 3474 3013 μελλούσης
3507 2938 3740 3010 κρίσεως

2158 3044 2251 3097 καὶ
2288 3042 2508 3095 αἰωνίου
2538 3039 2812 3101 κολάσεως
2840 3040 2952 3100 τοῖς
2977 3033 3200 3088 ἀσεϐέσι
3232 3031 3570 3104 τηρούμενον
3604 3027 3738 3099 πῦρ.

2170 3133 2330 3186 Ἀλλά
2342 3133 2393 3185 τί
2411 3131 2691 3202 βραδύνεις
2712 3147 2728 3196 ;
2765 3127 2944 3198 Φέρεὸ
2967 3126 3145 3196 βούλει
3165 3123 3397 3195 (74-75).
3424 3141 3443 3173 ›
3464 3119 3655 3175 Ταῦτα
3687 3117 3742 3173 δὲ

2155 3227 2251 3281 καὶ
2277 3225 2439 3296 ἔτερα
2460 3224 2680 3277 πλείονα
2704 3221 2900 3290 λέγων,
2926 3219 3162 3291 θάρσους
3193 3219 3287 3272 καὶ
3311 3217 3492 3288 χαρᾶς
3511 3214 3738 3283 ὲνεπίμ⁹

2154 3319 2347 3382 πλατο,
2383 3318 2478 3372 καὶ
2512 3317 2575 3369 τδ
2618 3315 2909 3387 πρόσωπον
2946 3311 3110 3366 αὑτοῦ
3143 3304 3736 3384 χάριτος”ὲπληροῦτο,

2153 3411 2296 3466 ὥστε
2329 3409 2403 3482 μὴ
2441 3409 2600 3480 μόνον
2637 3408 2711 3479 μὴ
2760 3406 3059 3477 συμπεσεῖν
3088 3401 3429 3473 ταραχθέντα
3471 3398 3580 3452 ὑπὸ
3632 3396 3738 3449 τῶν

2152 3499 2460 3570 λεγομένων
2495 3496 2631 3569 πρὸς
2661 3495 2842 3558 αὑτὸν,
2883 3491 3018 3546 ἀλλά
3043 3489 3353 3543 τούναντίον
3376 3487 3469 3539 τὸν
3499 3483 3742 3537 ἀνθύπα-

2152 3611 2244 3647 τον
2270 3591 2547 3662 ὲκστῆναι,
2576 3587 2786 3659 πέμψαι
2809 3603 2868 3638 τε
2899 3584 2989 3638 τὸν
3022 3585 3238 3654 κήρυκα
3267 3579 3363 3632 καὶ
3389 3580 3447 3630 ὲν
3481 3578 3633 3647 μέσῳ
3665 3573 3739 3644 τῷ

2158 3685 2356 3754 σταδίῳ
2385 3679 2620 3753 κηρύξαι
2648 3678 2797 3750 τρίςτ
2817 3675 3206 3746 ιΠολύκαρπος
3232 3671 3589 3742 ὡμολόγησεν
3616 3669 3743 3720 ἑαυ-

2153 3776 2245 3829 τὸν
2267 3773 2587 3845 Χριστιανὸν
2614 3767 2772 3824 εἶναι.
2803 3789 2820 3820 ι
2860 3766 3062 3820 Τούτου
3084 3766 3364 3836 λεχθέντος
3391 3762 3499 3814 ὑπὸ
3513 3760 3608 3814 τοῦ
3645 3759 3744 3829 κή-

2160 3884 2355 3940 ρυκος,
2405 3865 2510 3917 πᾶν
2542 3863 2603 3916 τὸ
2647 3861 2851 3932 πλῆθος
2889 3858 3056 3912 ἐθνῶν
3087 3874 3148 3910 τε
3187 3856 3280 3910 καὶ
3319 3853 3597 3907 Ἰουδαίων
3630 3849 3740 3901 τῶν

2153 3959 2250 4030 τὴν
2285 3956 2537 4027 Σμύρναν
2577 3951 2995 4015 κατοικούντων,
3045 3947 3402 4017 ἀκατασχέτῳ
3435 3943 3596 4014 θυμῷ
3645 3940 3741 3994 καὶ

2156 4049 2365 4122 μεγάλῃ
2381 4051 2530 4118 φωνῇ
2550 4046 2696 4099 ἐϐόα·
2723 4061 2742 4094 ι
2767 4035 2938 4105 Οὗτός
2953 4044 3102 4094 ἐστιν
3121 4041 3150 4092 ὁ
3169 4041 3266 4108 τῆς
3283 4037 3470 4099 Ἀσίας
3491 4035 3741 4088 διδάσκεις

2151 4144 2261 4208 λος,
2291 4145 2320 4196 ό
2353 4139 2534 4210 πατὴρ
2559 4137 2668 4192 τῶν
2699 4133 3061 4207 Χριστιανῶν,
3094 4136 3123 4187 ὁ
3155 4132 3261 4185 τῶν
3289 4129 3578 4201 ἡμετέρων
3602 4125 3740 4178 θεῶν

2150 4233 2499 4305 καθαιρέτης,
2526 4234 2553 4284 ό
2581 4230 2806 4290 πολλοὺς
2835 4227 3101 4280 διδάσκων
3135 4223 3206 4294 μὴ
3236 4222 3385 4274 θύειν
3415 4219 3554 4290 μηδὲ
3578 4233 3743 4288 προσ-

2149 4330 2350 4381 κυνεῖν.
2375 4345 2393 4376 »
2416 4323 2602 4378 Ταῦτα
2629 4323 2882 4389 λέγοντες
2902 4361 2916 4384 ,
2952 4317 3193 4371 ἐπεϐόων
3226 4315 3320 4368 καὶ
3361 4314 3594 4383 ἠρώτων
3646 4310 3738 4363 τὸν

2159 4419 2452 4490 Ἀσιάρχην
2487 4415 2598 4488 (76)
2629 4414 2912 4478 Φίλιππον,
2945 4412 3032 4464 ἵνα
3065 4409 3246 4478 ἐπαφῇ
3282 4405 3360 4475 τῷ
3388 4404 3740 4474 Πολυκάρπῳ

536 4603 665 4676 (72)
685 4605 757 4676 7'0
793 4603 863 4659 δὲ
889 4606 1232 4672 ἀνθύπατος
1271 4603 1420 4662 εἶπε.
1452 4608 1505 4661 In
1535 4607 1813 4662 codicibus
1840 4608 2043 4662 nostris

2160 4605 2334 4660 δίκαιά
2357 4623 2417 4658 τε
2450 4602 2546 4658 καὶ⁴
2567 4603 2706 4655 ὅσια.
2745 4599 2910 4666 Quasi
2947 4598 3154 4650 diceret
3196 4610 3209 4646 :
3243 4591 3364 4673 Noli
3399 4603 3675 4676 Δειεὶςιιτιικξ,
3706 4603 3738 4636 o

463 4673 792 4746 Mazuﬁied.
833 4687 888 4730 et
916 4676 1051 4730 Fuit.
1083 4679 1346 4746 scriptum
1382 4688 1486 4743 est,
1527 4679 1586 4731 Ὀ
1635 4678 1692 4731 δὲ
1737 4678 2041 4742 ἀνθύπατος

461 4743 810 4834 ἕψῃ-ς-βῆρία
840 4747 968 4834 ἔχω,
1002 4759 1107 4801 etc.

534 4816 645 4888 (75)
677 4815 1048 4888 Ἀμετάθετος
1071 4817 1183 4886 γὰρ
1205 4817 1350 4888 ἡμῖν
1366 4818 1405 4886 ἡ
1425 4818 1543 4872 ἀπὸ
1560 4816 1676 4870 τῶν
1689 4820 2046 4886 κρειττόνων

459 4885 564 4941 ἐπὶ
588 4885 659 4936 τὰ
683 4887 859 4954 χείρω
878 4885 1184 4954 μετάνοια.
1217 4885 1415 4942 Ultima
1447 4905 1550 4942 vox
1578 4904 1681 4940 non
1711 4889 1924 4943 videtur
1955 4890 2042 4942 hic

459 4959 776 5027 convenire.
811 4959 888 5009 Ac
931 4960 1164 5012 libenter
1186 4973 1282 5026 pro
1313 4974 1443 5011 voce
1478 4958 1736 5027 μετάνοια
1771 4959 2040 5014 rescribe-

462 5042 575 5080 rem
606 5023 833 5087 διάνοια,
864 5040 1022 5093 quem
1050 5023 1270 5081 scnsum
1312 5029 1364 5080 in
1418 5023 1867 5095 interpretatione
1917 5043 2034 5081 mea

460 5110 578 5166 sum
618 5109 860 5149 secutus.
899 5098 1041 5151 Idem
1075 5113 1292 5166 quoque
1339 5097 1532 5152 Ruﬁno
1563 5099 1829 5165 placuisse
1855 5099 2035 5150 video.

463 5165 555 5219 Sic
584 5167 726 5226 enim
760 5166 849 5218 ille
887 5169 1215 5221 vertithunc
1237 5167 1414 5220 locum
1451 5183 1463 5218 :
1507 5168 1801 5221 Proconsul
1851 5167 2035 5220 dixit:

460 5236 863 5319 Bestius-habeo
899 5239 1087 5319 quibus
1150 5238 1409 5319 ittbigeris
1443 5240 1540 5306 (ita
1572 5241 1785 5318 correxi
1841 5239 2035 5319 partim

458 5322 524 5357 ex
569 5308 756 5359 codice
792 5304 1116 5360 Parisieusis
1149 5304 1678 5374 Ecclesia'partitn
1735 5323 1800 5360 ex
1842 5304 2034 5375 Regio)

460 5377 562 5428 nisi
593 5378 696 5429 cito
718 5378 1048 5442 panilueris.
1083 5376 1148 5428 At
1182 5377 1270 5428 ille
1300 5378 1563 5442 respondit
1595 5392 1614 5429 :
1648 5378 2035 5429 Adhibeantur.

462 5443 630 5497 Nobis
678 5450 814 5499 enim
856 5447 1138 5498 immobilis
1161 5455 1261 5496 stat
1293 5447 1556 5498 sententia
1585 5461 1604 5500 :
1641 5463 1732 5498 nec
1757 5461 2037 5514 possumus

461 5517 524 5567 de
550 5516 686 5566 bono
717 5520 783 5567 ad
816 5516 1016 5567 malum
1050 5531 1144 5583 per
1171 5515 1548 5580 pmnitudinem
1571 5517 1909 5568 commutari.
1948 5514 2038 5566 Ni-

464 5585 732 5650 cepltortts
761 5601 999 5652 quoque,
1035 5597 1093 5636 ιιι
1125 5587 1284 5652 hujus
1309 5583 1411 5637 luci
1439 5600 1660 5638 sensum
1681 5586 2038 5652 exprimeret,

463 5651 951 5724 circumlocutione
986 5670 1116 5724 usus
1152 5662 1236 5724 est
1262 5651 1572 5724 hujustnodi
1612 5671 1624 5705 :
1659 5655 1735 5706 υύ
1758 5651 1878 5723 γὰρ
1918 5657 2042 5724 ἐμοὶ

466 5723 722 5794 μετάνοια
755 5723 940 5794 σαφῶς
967 5721 1233 5794 ὁρισθεξη,
1265 5725 1297 5789 ἡ
1322 5723 1430 5794 ἀπὸ
1460 5723 1566 5794 τῶν
1589 5721 1911 5794 κρειττόνων
1950 5721 2041 5778 ἐπὶ

462 5792 530 5844 τὰ
559 5793 726 5862 χείρω
774 5792 1083 5858 μετάθεσις,
1117 5792 1232 5846 ἀλλ’
1256 5794 1291 5861 ἡ
1316 5793 1379 5844 ὲκ
1408 5793 1515 5846 τῶν
1546 5792 1798 5865 χαλεπῶν
1837 5796 1931 5849 ἐπὶ
1977 5796 2045 5848 τὰ

2145 4658 2332 4748 iudex,
2363 4677 2477 4730 ﬁeri
2516 4688 2674 4742 posse
2694 4658 2859 4748 utine
2886 4681 3124 4748 unquam
3154 4664 3439 4748 ptenicteatg.
3462 4658 3736 4748 Noseuitu

2151 4741 2312 4799 imam
2345 4741 2611 4799 duntaxat
2660 4741 3038 4811 paenitentiam
3090 4741 3462 4811 agnoscimus,
3495 4744 3647 4811 ἐιη-ιι
3705 4744 3734 4778 a

2150 4798 2696 4874 vitiisradrvirtutent’,
2725 4820 2778 4862 et
2809 4807 2877 4862 ab
2918 4821 3104 4861 errore
3128 4798 3410 4858 transitur
3545 4799 3731 4850 (idem.

2151 4888 2194 4940 A
2225 4885 2540 4939 melioribus
2581 4871 2710 4935 vero
2736 4881 2802 4933 ad
2830 4878 3098 4932 deteriora
3138 4873 3396 4941 migrare,
3437 4871 3492 4923 id
3523 4883 3740 4936 nequa-

2152 4971 2315 5026 quam
2341 4953 2673 5026 miniscere
2701 4960 2804 5026 est:

2215 5023 2428 5093 (74-75)
2464 5007 2666 5090 ὧέρενό
2682 5019 2920 5093 ,Βούλειἶ
2945 5016 3126 5093 Codex
3162 5007 3574 5093 hl:tz.‘acAMe‘tl..
3602 5019 3736 5093 c't‘tnt

2149 5075 2561 5154 Fullo—etas“;
2595 5075 2854 5157 scriptum
2910 5083 3276 5157 habentcpéps
3306 5083 3340 5135 ἂ
3382 5075 3739 5157 βούλειτβιιτ

2144 5146 2287 5219 linus
2333 5146 2490 5215 vertit
2530 5146 2784 5215 {Adhibe
2822 5169 3001 5212 utrum
3047 5146 3225 5218 voles,
3267 5146 3447 5221 ignem
3513 5146 3738 5200 scilicet

2142 5246 2234 5289 aut
2262 5233 2483 5288 bestias.

2214 5284 2346 5375 ('76),
2366 5284 2499 5375 Τὼ(
2524 5297 2873 5366 Ἀσιὰρχην.
2896 5295 3124 5349 Ruﬁnus
3153 5289 3526 5375 munerarium
3543 5284 3733 5375 vertit:

2143 5358 2592 5444 qu‘od'equidem
2651 5358 2882 5444 probare
2934 5382 3040 5419 non
3102 5377 3346 5444 possum.
3412 5358 3527 5444 Etsi

2143 5436 2402 5497 asiarcbze
2451 5436 2674 5494 munera
2701 5439 2956 5497 edebant,
2987 5451 3088 5487 non
3132 5436 3239 5505 hoc
3269 5443 3448 5505 tamen
3480 5436 3598 5505 erat
3631 5440 3734 5505 pe:

2145 5515 2350 5567 culiare
2373 5527 2561 5564 eorum
2591 5509 2848 5561 oﬂicium.
2879 5505 3024 5560 Multi
3049 5504 3248 5572 quippe
3265 5500 3360 5575 alii
3407 5497 3734 5575 huiusmodi

2146 5584 2461 5652 Spectacula
2508 5579 2836 5652 exhibebant
2867 5577 3083 5652 εχει-Μ
3140 5573 3312 5652 gratia
3350 5573 3732 5652 ‘tnagistrlatuns

2148 5634 2503 5720 municipales
2552 5665 2648 5704 seu
2695 5646 2990 5720 duumviri.
3021 5655 3089 5720 ut_
3127 5634 3292 5720 escit}
3349 5634 3730 5720 legeii‘COOd.

2147 5707 2368 5776 Theod:
2394 5723 2466 5774 De
2492 5717 2825 5788 spectaculis.
2859 5715 3185 5788 Vertendutn
3220 5713 3389 5780 igitur
3413 5719 3500 5762 est
3539 5707 3737 5785 Asiar-

2148 5793 2319 5846 cham.
2355 5786 2528 5846 Erant
2553 5798 2732 5845 autem
2761 5786 3025 5843 asiarcba:
3067 5787 3379 5840 sacerdotes
3411 5792 3735 5834 communis
