  <div class='ocr_page' id='page_1' title='image "/cluster/home/n/w/nwhite01/storage/ocr_20150623/20/hvd.32044012984548/187.png"; bbox 0 0 3878 6498; ppageno 0'>
   <div class='ocr_carea' id='block_1_1' title="bbox 419 334 524 391">
    <p class='ocr_par' dir='ltr' id='par_1_1' title="bbox 419 334 524 391">
     <span class='ocr_line' id='line_1_1' title="bbox 419 334 524 391; baseline 0.029 -8"><span class='ocrx_word' id='word_1_1' title='bbox 419 334 524 391; x_wconf 63' lang='grc'><strong>363</strong></span> 
     </span>
    </p>
   </div>
   <div class='ocr_carea' id='block_1_2' title="bbox 1135 324 2951 421">
    <p class='ocr_par' dir='ltr' id='par_1_2' title="bbox 1135 324 2951 421">
     <span class='ocr_line' id='line_1_2' title="bbox 1135 324 2951 421; baseline -0.003 -33"><span class='ocrx_word' id='word_1_2' title='bbox 1135 333 1403 421; x_wconf 83' lang='lat' dir='ltr'><strong>EUSEBIi</strong></span> <span class='ocrx_word' id='word_1_3' title='bbox 1440 328 1920 388; x_wconf 65' lang='lat' dir='ltr'><strong>CESARIENSIS</strong></span> <span class='ocrx_word' id='word_1_4' title='bbox 1961 327 2114 385; x_wconf 84' lang='lat' dir='ltr'><strong>OPP.</strong></span> <span class='ocrx_word' id='word_1_5' title='bbox 2148 326 2330 384; x_wconf 77' lang='lat' dir='ltr'><strong>PARS</strong></span> <span class='ocrx_word' id='word_1_6' title='bbox 2368 326 2409 383; x_wconf 84' lang='grc'><strong>1.</strong></span> <span class='ocrx_word' id='word_1_7' title='bbox 2446 359 2517 370; x_wconf 93' lang='grc'><strong><em>-</em></strong></span> <span class='ocrx_word' id='word_1_8' title='bbox 2553 324 2951 386; x_wconf 78' lang='lat' dir='ltr'><strong>HISTORICA.</strong></span> 
     </span>
    </p>
   </div>
   <div class='ocr_carea' id='block_1_3' title="bbox 3575 320 3679 380">
    <p class='ocr_par' dir='ltr' id='par_1_3' title="bbox 3575 320 3679 380">
     <span class='ocr_line' id='line_1_3' title="bbox 3575 320 3679 380; baseline 0 0"><span class='ocrx_word' id='word_1_9' title='bbox 3575 320 3679 380; x_wconf 59' lang='lat'><strong>56$</strong></span> 
     </span>
    </p>
   </div>
   <div class='ocr_carea' id='block_1_4' title="bbox 410 436 1989 520">
    <p class='ocr_par' dir='ltr' id='par_1_4' title="bbox 410 441 1989 520">
     <span class='ocr_line' id='line_1_4' title="bbox 410 441 1989 520; baseline -0.006 -14"><span class='ocrx_word' id='word_1_10' title='bbox 410 454 600 520; x_wconf 82' lang='lat' dir='ltr'><strong>Atque</strong></span> <span class='ocrx_word' id='word_1_11' title='bbox 629 451 718 507; x_wconf 93' lang='lat' dir='ltr'><strong>hic</strong></span> <span class='ocrx_word' id='word_1_12' title='bbox 741 449 925 505; x_wconf 80' lang='lat' dir='ltr'><strong>exitus</strong></span> <span class='ocrx_word' id='word_1_13' title='bbox 956 447 1257 505; x_wconf 82' lang='lat' dir='ltr'><strong>admirandi</strong></span> <span class='ocrx_word' id='word_1_14' title='bbox 1286 446 1431 501; x_wconf 89' lang='lat' dir='ltr'><strong>illius</strong></span> <span class='ocrx_word' id='word_1_15' title='bbox 1474 455 1527 499; x_wconf 91' lang='lat' dir='ltr'><strong>et</strong></span> <span class='ocrx_word' id='word_1_16' title='bbox 1568 443 1845 514; x_wconf 77' lang='lat' dir='ltr'><strong>apostolici</strong></span> <span class='ocrx_word' id='word_1_17' title='bbox 1892 441 1989 497; x_wconf 87' lang='lat' dir='ltr'><strong>Po-</strong></span> 
     </span>
    </p>
   </div>
   <div class='ocr_carea' id='block_1_5' title="bbox 2099 436 3728 520">
    <p class='ocr_par' dir='ltr' id='par_1_5' title="bbox 2104 436 3728 515">
     <span class='ocr_line' id='line_1_5' title="bbox 2104 436 3728 515; baseline -0.001 -20"><span class='ocrx_word' id='word_1_18' title='bbox 2104 442 2533 515; x_wconf 78' lang='grc' dir='ltr'>μαρτυρηκὸτων</span> <span class='ocrx_word' id='word_1_19' title='bbox 2570 442 2817 514; x_wconf 79' lang='grc' dir='ltr'>φέρεται,</span> <span class='ocrx_word' id='word_1_20' title='bbox 2860 441 3094 512; x_wconf 83' lang='grc' dir='ltr'>Κάρπου</span> <span class='ocrx_word' id='word_1_21' title='bbox 3133 437 3227 493; x_wconf 63' lang='grc' dir='ltr'><strong>καὶ</strong></span> <span class='ocrx_word' id='word_1_22' title='bbox 3258 436 3539 503; x_wconf 84' lang='grc' dir='ltr'>Παπύλου.</span> <span class='ocrx_word' id='word_1_23' title='bbox 3586 437 3682 493; x_wconf 74' lang='grc' dir='ltr'><strong>καὶ</strong></span> <span class='ocrx_word' id='word_1_24' title='bbox 3720 497 3728 503; x_wconf 64' lang='grc'><em>,</em></span> 
     </span>
    </p>
   </div>
   <div class='ocr_carea' id='block_1_6' title="bbox 409 535 1996 617">
    <p class='ocr_par' dir='ltr' id='par_1_6' title="bbox 409 535 1996 617">
     <span class='ocr_line' id='line_1_6' title="bbox 409 535 1996 617; baseline -0.007 -18"><span class='ocrx_word' id='word_1_25' title='bbox 409 547 526 617; x_wconf 82' lang='lat' dir='ltr'><strong>lyea</strong></span> <span class='ocrx_word' id='word_1_26' title='bbox 545 546 624 617; x_wconf 90' lang='lat' dir='ltr'><strong>rpi</strong></span> <span class='ocrx_word' id='word_1_27' title='bbox 661 564 675 600; x_wconf 89' lang='lat'><strong>:</strong></span> <span class='ocrx_word' id='word_1_28' title='bbox 710 543 868 615; x_wconf 81' lang='lat' dir='ltr'><strong>cujus</strong></span> <span class='ocrx_word' id='word_1_29' title='bbox 892 542 1142 600; x_wconf 86' lang='lat' dir='ltr'><strong>ordinem</strong></span> <span class='ocrx_word' id='word_1_30' title='bbox 1161 555 1226 595; x_wconf 88' lang='lat' dir='ltr'><strong>ac</strong></span> <span class='ocrx_word' id='word_1_31' title='bbox 1247 537 1443 594; x_wconf 86' lang='lat' dir='ltr'><strong>seriem</strong></span> <span class='ocrx_word' id='word_1_32' title='bbox 1478 536 1671 592; x_wconf 78' lang='lat' dir='ltr'><strong>fratres</strong></span> <span class='ocrx_word' id='word_1_33' title='bbox 1698 535 1996 608; x_wconf 87' lang='lat' dir='ltr'><strong>Smyrnen-</strong></span> 
     </span>
    </p>
   </div>
   <div class='ocr_carea' id='block_1_7' title="bbox 408 626 1995 702">
    <p class='ocr_par' dir='ltr' id='par_1_7' title="bbox 408 626 1995 702">
     <span class='ocr_line' id='line_1_7' title="bbox 408 626 1995 702; baseline -0.004 -11"><span class='ocrx_word' id='word_1_34' title='bbox 408 637 484 691; x_wconf 90' lang='lat' dir='ltr'><strong>sis</strong></span> <span class='ocrx_word' id='word_1_35' title='bbox 524 636 799 699; x_wconf 78' lang='lat' dir='ltr'><strong>Ecclesiae,</strong></span> <span class='ocrx_word' id='word_1_36' title='bbox 834 635 885 688; x_wconf 92' lang='lat' dir='ltr'><strong>in</strong></span> <span class='ocrx_word' id='word_1_37' title='bbox 916 646 979 687; x_wconf 90' lang='lat' dir='ltr'><strong>ea</strong></span> <span class='ocrx_word' id='word_1_38' title='bbox 1004 646 1165 702; x_wconf 87' lang='lat' dir='ltr'><strong>quam</strong></span> <span class='ocrx_word' id='word_1_39' title='bbox 1205 629 1440 685; x_wconf 82' lang='lat' dir='ltr'><strong>diximus</strong></span> <span class='ocrx_word' id='word_1_40' title='bbox 1465 626 1691 697; x_wconf 89' lang='lat' dir='ltr'><strong>epistola</strong></span> <span class='ocrx_word' id='word_1_41' title='bbox 1722 630 1995 684; x_wconf 76' lang='lat' dir='ltr'><strong>memoria:</strong></span> 
     </span>
    </p>
   </div>
   <div class='ocr_carea' id='block_1_8' title="bbox 2104 531 3684 605">
    <p class='ocr_par' dir='ltr' id='par_1_8' title="bbox 2104 531 3684 605">
     <span class='ocr_line' id='line_1_8' title="bbox 2104 531 3684 605; baseline -0.002 -19"><span class='ocrx_word' id='word_1_42' title='bbox 2104 534 2364 603; x_wconf 82' lang='grc' dir='ltr'>γυναικὸς</span> <span class='ocrx_word' id='word_1_43' title='bbox 2396 532 2774 605; x_wconf 82' lang='grc' dir='ltr'>Ἀγαθονίκης,</span> <span class='ocrx_word' id='word_1_44' title='bbox 2803 532 2941 605; x_wconf 80' lang='grc' dir='ltr'>μετὰ</span> <span class='ocrx_word' id='word_1_45' title='bbox 2962 532 3220 596; x_wconf 80' lang='grc' dir='ltr'><strong>πλείστας</strong></span> <span class='ocrx_word' id='word_1_46' title='bbox 3241 533 3335 587; x_wconf 79' lang='grc' dir='ltr'><strong>καὶ</strong></span> <span class='ocrx_word' id='word_1_47' title='bbox 3363 531 3684 602; x_wconf 79' lang='grc' dir='ltr'>διαπρεπεῖς</span> 
     </span>
    </p>
   </div>
   <div class='ocr_carea' id='block_1_9' title="bbox 2104 624 3227 699">
    <p class='ocr_par' dir='ltr' id='par_1_9' title="bbox 2104 624 3227 699">
     <span class='ocr_line' id='line_1_9' title="bbox 2104 624 3227 699; baseline -0.003 -19"><span class='ocrx_word' id='word_1_48' title='bbox 2104 627 2393 699; x_wconf 74' lang='grc' dir='ltr'>ὁμολογίας</span> <span class='ocrx_word' id='word_1_49' title='bbox 2416 627 2678 694; x_wconf 79' lang='grc' dir='ltr'>ἐπιδόξως</span> <span class='ocrx_word' id='word_1_50' title='bbox 2701 624 3156 697; x_wconf 81' lang='grc' dir='ltr'><strong>τετελειωμένων.</strong></span> <span class='ocrx_word' id='word_1_51' title='bbox 3221 627 3227 634; x_wconf 86' lang='grc'><em>’</em></span> 
     </span>
    </p>
   </div>
   <div class='ocr_carea' id='block_1_10' title="bbox 407 720 1996 796">
    <p class='ocr_par' dir='ltr' id='par_1_10' title="bbox 407 720 1996 796">
     <span class='ocr_line' id='line_1_10' title="bbox 407 720 1996 796; baseline -0.006 -14"><span class='ocrx_word' id='word_1_52' title='bbox 407 728 790 796; x_wconf 87' lang='lat' dir='ltr'><strong>prodiderunt.</strong></span> <span class='ocrx_word' id='word_1_53' title='bbox 824 723 930 779; x_wconf 82' lang='lat' dir='ltr'><strong>Seu</strong></span> <span class='ocrx_word' id='word_1_54' title='bbox 961 733 1018 778; x_wconf 92' lang='lat' dir='ltr'><strong>et</strong></span> <span class='ocrx_word' id='word_1_55' title='bbox 1040 723 1143 777; x_wconf 89' lang='lat' dir='ltr'><strong>alia</strong></span> <span class='ocrx_word' id='word_1_56' title='bbox 1170 721 1429 793; x_wconf 90' lang='lat' dir='ltr'><strong>martyria</strong></span> <span class='ocrx_word' id='word_1_57' title='bbox 1461 721 1565 776; x_wconf 85' lang='lat' dir='ltr'><strong>sub</strong></span> <span class='ocrx_word' id='word_1_58' title='bbox 1610 720 1751 776; x_wconf 92' lang='lat' dir='ltr'><strong>idem</strong></span> <span class='ocrx_word' id='word_1_59' title='bbox 1784 728 1996 791; x_wconf 89' lang='lat' dir='ltr'><strong>tempus</strong></span> 
     </span>
    </p>
   </div>
   <div class='ocr_carea' id='block_1_11' title="bbox 407 804 3687 891">
    <p class='ocr_par' dir='ltr' id='par_1_11' title="bbox 407 804 3687 891">
     <span class='ocr_line' id='line_1_11' title="bbox 407 804 3687 891; baseline -0.004 -19"><span class='ocrx_word' id='word_1_60' title='bbox 407 833 514 888; x_wconf 84' lang='lat' dir='ltr'><strong>quo</strong></span> <span class='ocrx_word' id='word_1_61' title='bbox 550 820 883 891; x_wconf 89' lang='lat' dir='ltr'><strong>Polycarpus</strong></span> <span class='ocrx_word' id='word_1_62' title='bbox 925 830 1116 888; x_wconf 87' lang='lat' dir='ltr'><strong>passus</strong></span> <span class='ocrx_word' id='word_1_63' title='bbox 1154 821 1254 878; x_wconf 88' lang='lat' dir='ltr'><strong>est,</strong></span> <span class='ocrx_word' id='word_1_64' title='bbox 1310 815 1449 883; x_wconf 85' lang='lat' dir='ltr'><strong>apud</strong></span> <span class='ocrx_word' id='word_1_65' title='bbox 1494 814 1790 886; x_wconf 89' lang='lat' dir='ltr'><strong>Smyrnam</strong></span> <span class='ocrx_word' id='word_1_66' title='bbox 1842 812 2011 877; x_wconf 66' lang='lat' dir='ltr'><strong>facta,</strong></span> <span class='ocrx_word' id='word_1_67' title='bbox 2055 814 2109 869; x_wconf 92' lang='lat' dir='ltr'><strong>in</strong></span> <span class='ocrx_word' id='word_1_68' title='bbox 2173 814 2362 867; x_wconf 62' lang='lat' dir='ltr'><strong>eadem</strong></span> <span class='ocrx_word' id='word_1_69' title='bbox 2430 810 2657 879; x_wconf 83' lang='lat' dir='ltr'><strong>epistola</strong></span> <span class='ocrx_word' id='word_1_70' title='bbox 2688 810 3022 881; x_wconf 88' lang='lat' dir='ltr'><strong>conjunctim</strong></span> <span class='ocrx_word' id='word_1_71' title='bbox 3070 808 3345 879; x_wconf 79' lang='lat' dir='ltr'><strong>leguntur.</strong></span> <span class='ocrx_word' id='word_1_72' title='bbox 3389 806 3447 861; x_wconf 89' lang='lat' dir='ltr'><strong>in</strong></span> <span class='ocrx_word' id='word_1_73' title='bbox 3492 804 3687 876; x_wconf 78' lang='lat' dir='ltr'><strong>quibus</strong></span> 
     </span>
    </p>
   </div>
   <div class='ocr_carea' id='block_1_12' title="bbox 404 897 3688 979">
    <p class='ocr_par' dir='ltr' id='par_1_12' title="bbox 404 897 3688 979">
     <span class='ocr_line' id='line_1_12' title="bbox 404 897 3688 979; baseline -0.004 -16"><span class='ocrx_word' id='word_1_74' title='bbox 404 921 457 963; x_wconf 83' lang='lat' dir='ltr'><strong>et</strong></span> <span class='ocrx_word' id='word_1_75' title='bbox 489 912 832 968; x_wconf 78' lang='lat' dir='ltr'><strong>Metrodorus</strong></span> <span class='ocrx_word' id='word_1_76' title='bbox 865 909 1107 979; x_wconf 89' lang='lat' dir='ltr'><strong>quidam,</strong></span> <span class='ocrx_word' id='word_1_77' title='bbox 1138 907 1230 978; x_wconf 89' lang='lat' dir='ltr'><strong>qui</strong></span> <span class='ocrx_word' id='word_1_78' title='bbox 1294 905 1589 962; x_wconf 78' lang='lat' dir='ltr'><strong>Marcionis</strong></span> <span class='ocrx_word' id='word_1_79' title='bbox 1646 915 1807 961; x_wconf 63' lang='lat' dir='ltr'><strong>sectae</strong></span> <span class='ocrx_word' id='word_1_80' title='bbox 1846 904 2139 977; x_wconf 83' lang='lat' dir='ltr'><strong>presbyter</strong></span> <span class='ocrx_word' id='word_1_81' title='bbox 2202 906 2508 967; x_wconf 78' lang='lat' dir='ltr'><strong>dicebatur,</strong></span> <span class='ocrx_word' id='word_1_82' title='bbox 2558 902 2788 957; x_wconf 78' lang='lat' dir='ltr'><strong>ﬂammis</strong></span> <span class='ocrx_word' id='word_1_83' title='bbox 2835 910 3196 971; x_wconf 90' lang='lat' dir='ltr'><strong>consumptus</strong></span> <span class='ocrx_word' id='word_1_84' title='bbox 3250 899 3477 954; x_wconf 89' lang='lat' dir='ltr'><strong>interiit.</strong></span> <span class='ocrx_word' id='word_1_85' title='bbox 3532 897 3688 951; x_wconf 78' lang='lat' dir='ltr'><strong>Celo-</strong></span> 
     </span>
    </p>
   </div>
   <div class='ocr_carea' id='block_1_13' title="bbox 417 993 3676 1079">
    <p class='ocr_par' dir='ltr' id='par_1_13' title="bbox 417 993 3676 1079">
     <span class='ocr_line' id='line_1_13' title="bbox 417 993 3676 1079; baseline -0.006 -13"><span class='ocrx_word' id='word_1_86' title='bbox 417 1010 689 1066; x_wconf 91' lang='lat' dir='ltr'><strong>berrimus</strong></span> <span class='ocrx_word' id='word_1_87' title='bbox 715 1021 933 1079; x_wconf 89' lang='lat' dir='ltr'><strong>quoque</strong></span> <span class='ocrx_word' id='word_1_88' title='bbox 965 1005 1112 1060; x_wconf 92' lang='lat' dir='ltr'><strong>inter</strong></span> <span class='ocrx_word' id='word_1_89' title='bbox 1146 1003 1388 1072; x_wconf 88' lang='lat' dir='ltr'><strong>reliquos</strong></span> <span class='ocrx_word' id='word_1_90' title='bbox 1447 1000 1563 1071; x_wconf 89' lang='lat' dir='ltr'><strong>ejus</strong></span> <span class='ocrx_word' id='word_1_91' title='bbox 1630 1002 1887 1071; x_wconf 86' lang='lat' dir='ltr'><strong>temporis</strong></span> <span class='ocrx_word' id='word_1_92' title='bbox 1915 1011 2183 1073; x_wconf 81' lang='lat' dir='ltr'><strong>martyres</strong></span> <span class='ocrx_word' id='word_1_93' title='bbox 2224 1000 2325 1054; x_wconf 92' lang='lat' dir='ltr'><strong>fuit</strong></span> <span class='ocrx_word' id='word_1_94' title='bbox 2356 999 2602 1054; x_wconf 85' lang='lat' dir='ltr'><strong>Pionius.</strong></span> <span class='ocrx_word' id='word_1_95' title='bbox 2667 994 2837 1066; x_wconf 83' lang='lat' dir='ltr'><strong>Cujus</strong></span> <span class='ocrx_word' id='word_1_96' title='bbox 2892 996 3137 1065; x_wconf 82' lang='lat' dir='ltr'><strong>singulas</strong></span> <span class='ocrx_word' id='word_1_97' title='bbox 3170 993 3545 1050; x_wconf 84' lang='lat' dir='ltr'><strong>confessiones</strong></span> <span class='ocrx_word' id='word_1_98' title='bbox 3568 1032 3583 1055; x_wconf 82' lang='lat'><strong>,</strong></span> <span class='ocrx_word' id='word_1_99' title='bbox 3611 1007 3676 1047; x_wconf 79' lang='lat' dir='ltr'><strong>ac</strong></span> 
     </span>
    </p>
   </div>
   <div class='ocr_carea' id='block_1_14' title="bbox 416 1088 3684 1172">
    <p class='ocr_par' dir='ltr' id='par_1_14' title="bbox 416 1088 3684 1172">
     <span class='ocr_line' id='line_1_14' title="bbox 416 1088 3684 1172; baseline -0.006 -10"><span class='ocrx_word' id='word_1_100' title='bbox 416 1107 719 1165; x_wconf 85' lang='lat' dir='ltr'><strong>libertatem</strong></span> <span class='ocrx_word' id='word_1_101' title='bbox 746 1105 800 1159; x_wconf 92' lang='lat' dir='ltr'><strong>in</strong></span> <span class='ocrx_word' id='word_1_102' title='bbox 837 1103 1086 1168; x_wconf 88' lang='lat' dir='ltr'><strong>dicendo,</strong></span> <span class='ocrx_word' id='word_1_103' title='bbox 1114 1111 1281 1172; x_wconf 89' lang='lat' dir='ltr'><strong>utque</strong></span> <span class='ocrx_word' id='word_1_104' title='bbox 1347 1114 1534 1153; x_wconf 85' lang='lat' dir='ltr'><strong>coram</strong></span> <span class='ocrx_word' id='word_1_105' title='bbox 1600 1098 1815 1168; x_wconf 85' lang='lat' dir='ltr'><strong>p0pulis</strong></span> <span class='ocrx_word' id='word_1_106' title='bbox 1846 1113 1912 1152; x_wconf 89' lang='lat' dir='ltr'><strong>ac</strong></span> <span class='ocrx_word' id='word_1_107' title='bbox 1972 1097 2291 1168; x_wconf 72' lang='lat' dir='ltr'><strong>prmsidibus</strong></span> <span class='ocrx_word' id='word_1_108' title='bbox 2358 1109 2457 1166; x_wconf 82' lang='lat' dir='ltr'><strong>pro</strong></span> <span class='ocrx_word' id='word_1_109' title='bbox 2516 1093 2637 1147; x_wconf 84' lang='lat' dir='ltr'><strong>iidei</strong></span> <span class='ocrx_word' id='word_1_110' title='bbox 2702 1102 2905 1147; x_wconf 70' lang='lat' dir='ltr'><strong>nostra:</strong></span> <span class='ocrx_word' id='word_1_111' title='bbox 2950 1091 3267 1147; x_wconf 84' lang='lat' dir='ltr'><strong>defensione</strong></span> <span class='ocrx_word' id='word_1_112' title='bbox 3300 1088 3684 1161; x_wconf 74' lang='lat' dir='ltr'><strong>perorat-erit,</strong></span> 
     </span>
    </p>
   </div>
   <div class='ocr_carea' id='block_1_15' title="bbox 415 1182 3689 1257">
    <p class='ocr_par' dir='ltr' id='par_1_15' title="bbox 415 1182 3689 1257">
     <span class='ocr_line' id='line_1_15' title="bbox 415 1182 3689 1257; baseline -0.005 -3"><span class='ocrx_word' id='word_1_113' title='bbox 415 1196 708 1254; x_wconf 88' lang='lat' dir='ltr'><strong>conciones</strong></span> <span class='ocrx_word' id='word_1_114' title='bbox 767 1193 894 1249; x_wconf 89' lang='lat' dir='ltr'><strong>item</strong></span> <span class='ocrx_word' id='word_1_115' title='bbox 953 1192 1022 1247; x_wconf 90' lang='lat' dir='ltr'><strong>de</strong></span> <span class='ocrx_word' id='word_1_116' title='bbox 1092 1190 1433 1245; x_wconf 87' lang='lat' dir='ltr'><strong>institutione</strong></span> <span class='ocrx_word' id='word_1_117' title='bbox 1500 1186 1650 1254; x_wconf 88' lang='lat' dir='ltr'><strong>iidei,</strong></span> <span class='ocrx_word' id='word_1_118' title='bbox 1721 1199 1985 1257; x_wconf 69' lang='lat' dir='ltr'><strong>pra-terea</strong></span> <span class='ocrx_word' id='word_1_119' title='bbox 2026 1186 2460 1248; x_wconf 82' lang='lat' dir='ltr'><strong>cohortationes,</strong></span> <span class='ocrx_word' id='word_1_120' title='bbox 2530 1186 2694 1253; x_wconf 87' lang='lat' dir='ltr'><strong>atque</strong></span> <span class='ocrx_word' id='word_1_121' title='bbox 2748 1183 3098 1238; x_wconf 89' lang='lat' dir='ltr'><strong>invitationes</strong></span> <span class='ocrx_word' id='word_1_122' title='bbox 3157 1186 3224 1238; x_wconf 90' lang='lat' dir='ltr'><strong>ad</strong></span> <span class='ocrx_word' id='word_1_123' title='bbox 3254 1198 3350 1238; x_wconf 92' lang='lat' dir='ltr'><strong>cos</strong></span> <span class='ocrx_word' id='word_1_124' title='bbox 3376 1182 3471 1252; x_wconf 90' lang='lat' dir='ltr'><strong>qui</strong></span> <span class='ocrx_word' id='word_1_125' title='bbox 3506 1196 3689 1251; x_wconf 81' lang='lat' dir='ltr'><strong>persc~</strong></span> 
     </span>
    </p>
   </div>
   <div class='ocr_carea' id='block_1_16' title="bbox 415 1274 3686 1358">
    <p class='ocr_par' dir='ltr' id='par_1_16' title="bbox 415 1274 3686 1358">
     <span class='ocr_line' id='line_1_16' title="bbox 415 1274 3686 1358; baseline -0.007 -10"><span class='ocrx_word' id='word_1_126' title='bbox 415 1292 654 1350; x_wconf 87' lang='lat' dir='ltr'><strong>cutionis</strong></span> <span class='ocrx_word' id='word_1_127' title='bbox 692 1298 943 1358; x_wconf 89' lang='lat' dir='ltr'><strong>tempore</strong></span> <span class='ocrx_word' id='word_1_128' title='bbox 1003 1285 1139 1356; x_wconf 90' lang='lat' dir='ltr'><strong>lapsi</strong></span> <span class='ocrx_word' id='word_1_129' title='bbox 1176 1283 1391 1339; x_wconf 81' lang='lat' dir='ltr'><strong>fuerant</strong></span> <span class='ocrx_word' id='word_1_130' title='bbox 1429 1302 1443 1337; x_wconf 90' lang='lat'><strong>:</strong></span> <span class='ocrx_word' id='word_1_131' title='bbox 1513 1281 1875 1337; x_wconf 63' lang='lat' dir='ltr'><strong>allocutiones</strong></span> <span class='ocrx_word' id='word_1_132' title='bbox 1900 1282 2064 1335; x_wconf 89' lang='lat' dir='ltr'><strong>etiam</strong></span> <span class='ocrx_word' id='word_1_133' title='bbox 2107 1290 2158 1335; x_wconf 93' lang='lat' dir='ltr'><strong>et</strong></span> <span class='ocrx_word' id='word_1_134' title='bbox 2182 1280 2586 1333; x_wconf 85' lang='lat' dir='ltr'><strong>consolationes</strong></span> <span class='ocrx_word' id='word_1_135' title='bbox 2624 1292 2763 1347; x_wconf 88' lang='lat' dir='ltr'><strong>quas</strong></span> <span class='ocrx_word' id='word_1_136' title='bbox 2813 1278 2866 1331; x_wconf 93' lang='lat' dir='ltr'><strong>in</strong></span> <span class='ocrx_word' id='word_1_137' title='bbox 2918 1291 3144 1332; x_wconf 86' lang='lat' dir='ltr'><strong>carcere</strong></span> <span class='ocrx_word' id='word_1_138' title='bbox 3189 1277 3399 1347; x_wconf 91' lang='lat' dir='ltr'><strong>positus</strong></span> <span class='ocrx_word' id='word_1_139' title='bbox 3437 1274 3686 1329; x_wconf 88' lang='lat' dir='ltr'><strong>adeunti-</strong></span> 
     </span>
    </p>
   </div>
   <div class='ocr_carea' id='block_1_17' title="bbox 417 1370 3685 1455">
    <p class='ocr_par' dir='ltr' id='par_1_17' title="bbox 417 1370 3685 1455">
     <span class='ocr_line' id='line_1_17' title="bbox 417 1370 3685 1455; baseline -0.007 -11"><span class='ocrx_word' id='word_1_140' title='bbox 417 1392 516 1444; x_wconf 90' lang='lat' dir='ltr'><strong>bus</strong></span> <span class='ocrx_word' id='word_1_141' title='bbox 541 1389 721 1455; x_wconf 87' lang='lat' dir='ltr'><strong>ipsum</strong></span> <span class='ocrx_word' id='word_1_142' title='bbox 784 1384 1048 1441; x_wconf 86' lang='lat' dir='ltr'><strong>fratribus</strong></span> <span class='ocrx_word' id='word_1_143' title='bbox 1114 1379 1406 1445; x_wconf 83' lang='lat' dir='ltr'><strong>adhibuit;</strong></span> <span class='ocrx_word' id='word_1_144' title='bbox 1453 1395 1574 1450; x_wconf 76' lang='lat' dir='ltr'><strong>qua:</strong></span> <span class='ocrx_word' id='word_1_145' title='bbox 1610 1394 1775 1449; x_wconf 86' lang='lat' dir='ltr'><strong>super</strong></span> <span class='ocrx_word' id='word_1_146' title='bbox 1815 1379 1903 1433; x_wconf 92' lang='lat' dir='ltr'><strong>his</strong></span> <span class='ocrx_word' id='word_1_147' title='bbox 1949 1385 2258 1436; x_wconf 86' lang='lat' dir='ltr'><strong>tormenta.</strong></span> <span class='ocrx_word' id='word_1_148' title='bbox 2302 1386 2648 1445; x_wconf 90' lang='lat' dir='ltr'><strong>quantosque</strong></span> <span class='ocrx_word' id='word_1_149' title='bbox 2689 1373 2907 1429; x_wconf 88' lang='lat' dir='ltr'><strong>dolores</strong></span> <span class='ocrx_word' id='word_1_150' title='bbox 2951 1372 3273 1428; x_wconf 86' lang='lat' dir='ltr'><strong>sustinuerit</strong></span> <span class='ocrx_word' id='word_1_151' title='bbox 3331 1387 3348 1426; x_wconf 90' lang='lat'><strong>:</strong></span> <span class='ocrx_word' id='word_1_152' title='bbox 3412 1370 3685 1424; x_wconf 82' lang='lat' dir='ltr'><strong>clavorum</strong></span> 
     </span>
    </p>
   </div>
   <div class='ocr_carea' id='block_1_18' title="bbox 414 1461 3681 1543">
    <p class='ocr_par' dir='ltr' id='par_1_18' title="bbox 414 1461 3681 1543">
     <span class='ocr_line' id='line_1_18' title="bbox 414 1461 3681 1543; baseline -0.006 -13"><span class='ocrx_word' id='word_1_153' title='bbox 414 1476 639 1543; x_wconf 86' lang='lat' dir='ltr'><strong>insuper</strong></span> <span class='ocrx_word' id='word_1_154' title='bbox 670 1472 1030 1535; x_wconf 78' lang='lat' dir='ltr'><strong>confixioncs,</strong></span> <span class='ocrx_word' id='word_1_155' title='bbox 1071 1477 1126 1526; x_wconf 84' lang='lat' dir='ltr'><strong>et</strong></span> <span class='ocrx_word' id='word_1_156' title='bbox 1165 1468 1471 1524; x_wconf 84' lang='lat' dir='ltr'><strong>mirabilem</strong></span> <span class='ocrx_word' id='word_1_157' title='bbox 1521 1469 1575 1523; x_wconf 91' lang='lat' dir='ltr'><strong>in</strong></span> <span class='ocrx_word' id='word_1_158' title='bbox 1634 1468 1817 1523; x_wconf 90' lang='lat' dir='ltr'><strong>medio</strong></span> <span class='ocrx_word' id='word_1_159' title='bbox 1858 1480 1990 1534; x_wconf 73' lang='lat' dir='ltr'><strong>rogo</strong></span> <span class='ocrx_word' id='word_1_160' title='bbox 2028 1464 2396 1519; x_wconf 86' lang='lat' dir='ltr'><strong>constantiam</strong></span> <span class='ocrx_word' id='word_1_161' title='bbox 2464 1484 2478 1518; x_wconf 87' lang='lat'><strong><em>:</em></strong></span> <span class='ocrx_word' id='word_1_162' title='bbox 2546 1470 2778 1517; x_wconf 89' lang='lat' dir='ltr'><strong>mortem</strong></span> <span class='ocrx_word' id='word_1_163' title='bbox 2822 1461 3057 1529; x_wconf 91' lang='lat' dir='ltr'><strong>denique</strong></span> <span class='ocrx_word' id='word_1_164' title='bbox 3103 1462 3275 1532; x_wconf 86' lang='lat' dir='ltr'><strong>ipsam</strong></span> <span class='ocrx_word' id='word_1_165' title='bbox 3318 1474 3443 1531; x_wconf 68' lang='lat' dir='ltr'><strong>quae</strong></span> <span class='ocrx_word' id='word_1_166' title='bbox 3488 1468 3681 1514; x_wconf 78' lang='lat' dir='ltr'><strong>cuncta</strong></span> 
     </span>
    </p>
   </div>
   <div class='ocr_carea' id='block_1_19' title="bbox 417 1551 3682 1633">
    <p class='ocr_par' dir='ltr' id='par_1_19' title="bbox 417 1551 3682 1633">
     <span class='ocr_line' id='line_1_19' title="bbox 417 1551 3682 1633; baseline -0.006 -9"><span class='ocrx_word' id='word_1_167' title='bbox 417 1569 507 1625; x_wconf 86' lang='lat' dir='ltr'><strong>illa</strong></span> <span class='ocrx_word' id='word_1_168' title='bbox 536 1566 801 1624; x_wconf 88' lang='lat' dir='ltr'><strong>miracula</strong></span> <span class='ocrx_word' id='word_1_169' title='bbox 839 1566 1130 1622; x_wconf 88' lang='lat' dir='ltr'><strong>subsecuta</strong></span> <span class='ocrx_word' id='word_1_170' title='bbox 1191 1575 1296 1631; x_wconf 89' lang='lat' dir='ltr'><strong>est,</strong></span> <span class='ocrx_word' id='word_1_171' title='bbox 1323 1564 1370 1620; x_wconf 90' lang='lat' dir='ltr'><strong>si</strong></span> <span class='ocrx_word' id='word_1_172' title='bbox 1432 1563 1525 1633; x_wconf 92' lang='lat' dir='ltr'><strong>qui</strong></span> <span class='ocrx_word' id='word_1_173' title='bbox 1555 1562 1740 1618; x_wconf 91' lang='lat' dir='ltr'><strong>volent</strong></span> <span class='ocrx_word' id='word_1_174' title='bbox 1799 1573 2159 1631; x_wconf 81' lang='lat' dir='ltr'><strong>cognoscere,</strong></span> <span class='ocrx_word' id='word_1_175' title='bbox 2199 1572 2294 1614; x_wconf 90' lang='lat' dir='ltr'><strong>eos</strong></span> <span class='ocrx_word' id='word_1_176' title='bbox 2332 1558 2399 1614; x_wconf 87' lang='lat' dir='ltr'><strong>ad</strong></span> <span class='ocrx_word' id='word_1_177' title='bbox 2444 1556 2727 1627; x_wconf 86' lang='lat' dir='ltr'><strong>epistolam</strong></span> <span class='ocrx_word' id='word_1_178' title='bbox 2794 1555 2861 1611; x_wconf 89' lang='lat' dir='ltr'><strong>de</strong></span> <span class='ocrx_word' id='word_1_179' title='bbox 2894 1553 3037 1610; x_wconf 86' lang='lat' dir='ltr'><strong>illius</strong></span> <span class='ocrx_word' id='word_1_180' title='bbox 3089 1553 3356 1625; x_wconf 82' lang='lat' dir='ltr'><strong>martyrio</strong></span> <span class='ocrx_word' id='word_1_181' title='bbox 3413 1551 3682 1607; x_wconf 76' lang='lat' dir='ltr'><strong>uberrime</strong></span> 
     </span>
    </p>
   </div>
   <div class='ocr_carea' id='block_1_20' title="bbox 415 1644 3685 1731">
    <p class='ocr_par' dir='ltr' id='par_1_20' title="bbox 415 1644 3685 1731">
     <span class='ocr_line' id='line_1_20' title="bbox 415 1644 3685 1731; baseline -0.005 -15"><span class='ocrx_word' id='word_1_182' title='bbox 415 1659 781 1731; x_wconf 86' lang='lat' dir='ltr'><strong>conscriptam</strong></span> <span class='ocrx_word' id='word_1_183' title='bbox 838 1657 1220 1725; x_wconf 86' lang='lat' dir='ltr'><strong>amandamus,</strong></span> <span class='ocrx_word' id='word_1_184' title='bbox 1264 1671 1427 1728; x_wconf 89' lang='lat' dir='ltr'><strong>quam</strong></span> <span class='ocrx_word' id='word_1_185' title='bbox 1488 1669 1589 1712; x_wconf 90' lang='lat' dir='ltr'><strong>nos</strong></span> <span class='ocrx_word' id='word_1_186' title='bbox 1640 1654 1695 1709; x_wconf 91' lang='lat' dir='ltr'><strong>in</strong></span> <span class='ocrx_word' id='word_1_187' title='bbox 1754 1668 1921 1725; x_wconf 91' lang='lat' dir='ltr'><strong>opere</strong></span> <span class='ocrx_word' id='word_1_188' title='bbox 1974 1655 2039 1707; x_wconf 90' lang='lat' dir='ltr'><strong>de</strong></span> <span class='ocrx_word' id='word_1_189' title='bbox 2080 1649 2275 1722; x_wconf 87' lang='lat' dir='ltr'><strong>priscis</strong></span> <span class='ocrx_word' id='word_1_190' title='bbox 2327 1648 2658 1722; x_wconf 83' lang='lat' dir='ltr'><strong>martyribus</strong></span> <span class='ocrx_word' id='word_1_191' title='bbox 2712 1662 2945 1718; x_wconf 90' lang='lat' dir='ltr'><strong>quorum</strong></span> <span class='ocrx_word' id='word_1_192' title='bbox 3015 1646 3297 1717; x_wconf 87' lang='lat' dir='ltr'><strong>passiones</strong></span> <span class='ocrx_word' id='word_1_193' title='bbox 3347 1644 3685 1714; x_wconf 78' lang='lat' dir='ltr'><strong>collegimus.</strong></span> 
     </span>
    </p>
   </div>
   <div class='ocr_carea' id='block_1_21' title="bbox 421 1738 3688 1826">
    <p class='ocr_par' dir='ltr' id='par_1_21' title="bbox 421 1738 3688 1826">
     <span class='ocr_line' id='line_1_21' title="bbox 421 1738 3688 1826; baseline -0.005 -19"><span class='ocrx_word' id='word_1_194' title='bbox 421 1752 583 1824; x_wconf 75' lang='lat'><strong>136</strong></span> <span class='ocrx_word' id='word_1_195' title='bbox 603 1749 797 1826; x_wconf 68' lang='lat' dir='ltr'><strong>ordine</strong></span> <span class='ocrx_word' id='word_1_196' title='bbox 858 1763 959 1804; x_wconf 92' lang='lat' dir='ltr'><strong>suo</strong></span> <span class='ocrx_word' id='word_1_197' title='bbox 994 1748 1344 1805; x_wconf 73' lang='lat' dir='ltr'><strong>inseruimus.</strong></span> <span class='ocrx_word' id='word_1_198' title='bbox 1402 1747 1649 1802; x_wconf 87' lang='lat' dir='ltr'><strong>Aliorum</strong></span> <span class='ocrx_word' id='word_1_199' title='bbox 1685 1758 1949 1819; x_wconf 65' lang='lat' dir='ltr'><strong>praeterea</strong></span> <span class='ocrx_word' id='word_1_200' title='bbox 1979 1744 2072 1815; x_wconf 90' lang='lat' dir='ltr'><strong>qui</strong></span> <span class='ocrx_word' id='word_1_201' title='bbox 2114 1745 2166 1798; x_wconf 90' lang='lat' dir='ltr'><strong>in</strong></span> <span class='ocrx_word' id='word_1_202' title='bbox 2204 1743 2339 1797; x_wconf 86' lang='lat' dir='ltr'><strong>urbe</strong></span> <span class='ocrx_word' id='word_1_203' title='bbox 2371 1742 2514 1798; x_wconf 70' lang='lat' dir='ltr'><strong>Asiae</strong></span> <span class='ocrx_word' id='word_1_204' title='bbox 2544 1742 2812 1812; x_wconf 79' lang='lat' dir='ltr'><strong>Pergamo</strong></span> <span class='ocrx_word' id='word_1_205' title='bbox 2855 1738 2958 1796; x_wconf 90' lang='lat' dir='ltr'><strong>sub</strong></span> <span class='ocrx_word' id='word_1_206' title='bbox 3000 1740 3054 1794; x_wconf 88' lang='lat' dir='ltr'><strong>id</strong></span> <span class='ocrx_word' id='word_1_207' title='bbox 3105 1748 3313 1807; x_wconf 88' lang='lat' dir='ltr'><strong>tempus</strong></span> <span class='ocrx_word' id='word_1_208' title='bbox 3364 1738 3688 1809; x_wconf 86' lang='lat' dir='ltr'><strong>martyrium</strong></span> 
     </span>
    </p>
   </div>
   <div class='ocr_carea' id='block_1_22' title="bbox 416 1829 3685 1915">
    <p class='ocr_par' dir='ltr' id='par_1_22' title="bbox 416 1829 3685 1915">
     <span class='ocr_line' id='line_1_22' title="bbox 416 1829 3685 1915; baseline -0.005 -16"><span class='ocrx_word' id='word_1_209' title='bbox 416 1845 561 1915; x_wconf 88' lang='lat' dir='ltr'><strong>passi</strong></span> <span class='ocrx_word' id='word_1_210' title='bbox 597 1852 743 1908; x_wconf 88' lang='lat' dir='ltr'><strong>sunt,</strong></span> <span class='ocrx_word' id='word_1_211' title='bbox 773 1842 909 1898; x_wconf 87' lang='lat' dir='ltr'><strong>Acta</strong></span> <span class='ocrx_word' id='word_1_212' title='bbox 945 1841 1246 1900; x_wconf 90' lang='lat' dir='ltr'><strong>etiamnum</strong></span> <span class='ocrx_word' id='word_1_213' title='bbox 1299 1838 1782 1905; x_wconf 88' lang='lat' dir='ltr'><strong>circumferuntur,</strong></span> <span class='ocrx_word' id='word_1_214' title='bbox 1829 1836 1994 1907; x_wconf 87' lang='lat' dir='ltr'><strong>Carpi</strong></span> <span class='ocrx_word' id='word_1_215' title='bbox 2033 1837 2304 1899; x_wconf 77' lang='lat' dir='ltr'><strong>videlicet,</strong></span> <span class='ocrx_word' id='word_1_216' title='bbox 2376 1832 2601 1901; x_wconf 83' lang='lat' dir='ltr'><strong>Papuli,</strong></span> <span class='ocrx_word' id='word_1_217' title='bbox 2665 1842 2721 1889; x_wconf 90' lang='lat' dir='ltr'><strong>et</strong></span> <span class='ocrx_word' id='word_1_218' title='bbox 2763 1831 3011 1888; x_wconf 85' lang='lat' dir='ltr'><strong>mulieris</strong></span> <span class='ocrx_word' id='word_1_219' title='bbox 3059 1829 3342 1899; x_wconf 85' lang='lat' dir='ltr'><strong>cujusdam</strong></span> <span class='ocrx_word' id='word_1_220' title='bbox 3388 1829 3685 1901; x_wconf 80' lang='lat' dir='ltr'><strong>Agathoni-</strong></span> 
     </span>
    </p>
   </div>
   <div class='ocr_carea' id='block_1_23' title="bbox 415 1925 3439 2008">
    <p class='ocr_par' dir='ltr' id='par_1_23' title="bbox 415 1925 3439 2008">
     <span class='ocr_line' id='line_1_23' title="bbox 415 1925 3439 2008; baseline -0.005 -13"><span class='ocrx_word' id='word_1_221' title='bbox 415 1953 492 1995; x_wconf 81' lang='lat' dir='ltr'><strong>cae</strong></span> <span class='ocrx_word' id='word_1_222' title='bbox 523 1955 538 1991; x_wconf 87' lang='lat'><strong>:</strong></span> <span class='ocrx_word' id='word_1_223' title='bbox 569 1937 664 2008; x_wconf 89' lang='lat' dir='ltr'><strong>qui</strong></span> <span class='ocrx_word' id='word_1_224' title='bbox 706 1948 827 2007; x_wconf 88' lang='lat' dir='ltr'><strong>post</strong></span> <span class='ocrx_word' id='word_1_225' title='bbox 864 1934 1066 1992; x_wconf 84' lang='lat' dir='ltr'><strong>multas</strong></span> <span class='ocrx_word' id='word_1_226' title='bbox 1099 1944 1263 2005; x_wconf 88' lang='lat' dir='ltr'><strong>atque</strong></span> <span class='ocrx_word' id='word_1_227' title='bbox 1320 1932 1563 1990; x_wconf 90' lang='lat' dir='ltr'><strong>illustres</strong></span> <span class='ocrx_word' id='word_1_228' title='bbox 1605 1932 1731 1988; x_wconf 80' lang='lat' dir='ltr'><strong>ﬁdei</strong></span> <span class='ocrx_word' id='word_1_229' title='bbox 1790 1940 1991 1986; x_wconf 72' lang='lat' dir='ltr'><strong>nostras</strong></span> <span class='ocrx_word' id='word_1_230' title='bbox 2028 1930 2403 1987; x_wconf 79' lang='lat' dir='ltr'><strong>confessiones</strong></span> <span class='ocrx_word' id='word_1_231' title='bbox 2443 1928 2681 1999; x_wconf 79' lang='lat' dir='ltr'><strong>glorioso</strong></span> <span class='ocrx_word' id='word_1_232' title='bbox 2714 1928 2865 1981; x_wconf 76' lang='lat' dir='ltr'><strong>exitu</strong></span> <span class='ocrx_word' id='word_1_233' title='bbox 2898 1925 3263 1982; x_wconf 85' lang='lat' dir='ltr'><strong>consummati</strong></span> <span class='ocrx_word' id='word_1_234' title='bbox 3292 1932 3439 1980; x_wconf 87' lang='lat' dir='ltr'><strong>sunt.</strong></span> 
     </span>
    </p>
   </div>
   <div class='ocr_carea' id='block_1_24' title="bbox 2618 2089 3165 2156">
    <p class='ocr_par' dir='ltr' id='par_1_24' title="bbox 2618 2089 3165 2156">
     <span class='ocr_line' id='line_1_24' title="bbox 2618 2089 3165 2156; baseline 0.002 -14"><span class='ocrx_word' id='word_1_235' title='bbox 2618 2089 3016 2143; x_wconf 78' lang='grc' dir='ltr'><strong>ΚΕΦΑΛΑΙΟΝ</strong></span> <span class='ocrx_word' id='word_1_236' title='bbox 3046 2090 3165 2156; x_wconf 70' lang='lat' dir='ltr'><strong>tq&#39;.</strong></span> 
     </span>
    </p>
   </div>
   <div class='ocr_carea' id='block_1_25' title="bbox 2105 2203 3698 2275">
    <p class='ocr_par' dir='ltr' id='par_1_25' title="bbox 2105 2203 3698 2275">
     <span class='ocr_line' id='line_1_25' title="bbox 2105 2203 3698 2275; baseline 0.003 -20"><span class='ocrx_word' id='word_1_237' title='bbox 2105 2203 2297 2275; x_wconf 80' lang='grc' dir='ltr'>Ὅπως</span> <span class='ocrx_word' id='word_1_238' title='bbox 2325 2203 2657 2275; x_wconf 64' lang='grc' dir='ltr'><strong>ΔἸοινστῖνος</strong></span> <span class='ocrx_word' id='word_1_239' title='bbox 2704 2207 2737 2258; x_wconf 84' lang='grc' dir='ltr'><em>ό</em></span> <span class='ocrx_word' id='word_1_240' title='bbox 2790 2206 3126 2274; x_wconf 66' lang='grc' dir='ltr'>φιλόσοφος</span> <span class='ocrx_word' id='word_1_241' title='bbox 3154 2204 3263 2258; x_wconf 81' lang='grc' dir='ltr'><strong>τὸν</strong></span> <span class='ocrx_word' id='word_1_242' title='bbox 3307 2206 3569 2275; x_wconf 82' lang='grc' dir='ltr'><strong>Χριστοῦ</strong></span> <span class='ocrx_word' id='word_1_243' title='bbox 3596 2207 3698 2261; x_wconf 68' lang='grc' dir='ltr'><strong>λό-</strong></span> 
     </span>
    </p>
   </div>
   <div class='ocr_carea' id='block_1_26' title="bbox 2101 2272 3697 2349">
    <p class='ocr_par' dir='ltr' id='par_1_26' title="bbox 2101 2272 3697 2349">
     <span class='ocr_line' id='line_1_26' title="bbox 2101 2272 3697 2349; baseline 0.004 -23"><span class='ocrx_word' id='word_1_244' title='bbox 2101 2290 2212 2344; x_wconf 75' lang='grc' dir='ltr'><strong>γον</strong></span> <span class='ocrx_word' id='word_1_245' title='bbox 2240 2272 2340 2326; x_wconf 77' lang='grc' dir='ltr'><strong>ἐπὶ</strong></span> <span class='ocrx_word' id='word_1_246' title='bbox 2365 2273 2475 2343; x_wconf 82' lang='grc' dir='ltr'>τῆς</span> <span class='ocrx_word' id='word_1_247' title='bbox 2516 2272 2828 2349; x_wconf 57' lang='grc' dir='ltr'>Ῥωμαίαζῄ</span> <span class='ocrx_word' id='word_1_248' title='bbox 2863 2272 3097 2349; x_wconf 49' lang='lat' dir='ltr'><strong>«quae;</strong></span> <span class='ocrx_word' id='word_1_249' title='bbox 3136 2272 3487 2349; x_wconf 61' lang='grc' dir='ltr'>πρεσβεύων</span> <span class='ocrx_word' id='word_1_250' title='bbox 3516 2278 3697 2349; x_wconf 63' lang='lat' dir='ltr'><strong>epap-</strong></span> 
     </span>
    </p>
   </div>
   <div class='ocr_carea' id='block_1_27' title="bbox 987 2103 2076 2173">
    <p class='ocr_par' dir='ltr' id='par_1_27' title="bbox 987 2103 2076 2173">
     <span class='ocr_line' id='line_1_27' title="bbox 987 2103 2076 2173; baseline -0.005 0"><span class='ocrx_word' id='word_1_251' title='bbox 987 2112 1218 2173; x_wconf 80' lang='lat' dir='ltr'><strong>CAPUT</strong></span> <span class='ocrx_word' id='word_1_252' title='bbox 1268 2112 1410 2170; x_wconf 78' lang='lat' dir='ltr'><strong>XVI.</strong></span> <span class='ocrx_word' id='word_1_253' title='bbox 2034 2103 2076 2157; x_wconf 78' lang='grc' dir='ltr'><strong><em>Β</em></strong></span> 
     </span>
    </p>
   </div>
   <div class='ocr_carea' id='block_1_28' title="bbox 415 2225 1999 2307">
    <p class='ocr_par' dir='ltr' id='par_1_28' title="bbox 415 2225 1999 2307">
     <span class='ocr_line' id='line_1_28' title="bbox 415 2225 1999 2307; baseline -0.008 -15"><span class='ocrx_word' id='word_1_254' title='bbox 415 2235 692 2307; x_wconf 63' lang='lat' dir='ltr'><strong>Quomodo</strong></span> <span class='ocrx_word' id='word_1_255' title='bbox 750 2232 1006 2307; x_wconf 62' lang='lat' dir='ltr'><strong>Justinus</strong></span> <span class='ocrx_word' id='word_1_256' title='bbox 1049 2227 1750 2307; x_wconf 38' lang='lat' dir='ltr'><strong>philosophumreligionem</strong></span> <span class='ocrx_word' id='word_1_257' title='bbox 1798 2225 1999 2282; x_wconf 77' lang='lat' dir='ltr'><strong>Christi</strong></span> 
     </span>
    </p>
   </div>
   <div class='ocr_carea' id='block_1_29' title="bbox 622 2298 1782 2372">
    <p class='ocr_par' dir='ltr' id='par_1_29' title="bbox 622 2298 1782 2372">
     <span class='ocr_line' id='line_1_29' title="bbox 622 2298 1782 2372; baseline -0.007 -13"><span class='ocrx_word' id='word_1_258' title='bbox 622 2304 799 2359; x_wconf 76' lang='lat' dir='ltr'><strong>Romte</strong></span> <span class='ocrx_word' id='word_1_259' title='bbox 839 2303 1139 2372; x_wconf 73' lang='lat' dir='ltr'><strong>prwdicans</strong></span> <span class='ocrx_word' id='word_1_260' title='bbox 1197 2298 1512 2369; x_wconf 79' lang='lat' dir='ltr'><strong>martyrium</strong></span> <span class='ocrx_word' id='word_1_261' title='bbox 1564 2298 1782 2351; x_wconf 81' lang='lat' dir='ltr'><strong>meruit.</strong></span> 
     </span>
    </p>
   </div>
   <div class='ocr_carea' id='block_1_30' title="bbox 480 2476 2000 2553">
    <p class='ocr_par' dir='ltr' id='par_1_30' title="bbox 480 2476 2000 2553">
     <span class='ocr_line' id='line_1_30' title="bbox 480 2476 2000 2553; baseline -0.008 -11"><span class='ocrx_word' id='word_1_262' title='bbox 480 2485 678 2542; x_wconf 86' lang='lat' dir='ltr'><strong>iisdem</strong></span> <span class='ocrx_word' id='word_1_263' title='bbox 708 2481 1048 2553; x_wconf 88' lang='lat' dir='ltr'><strong>temporibus</strong></span> <span class='ocrx_word' id='word_1_264' title='bbox 1069 2490 1125 2535; x_wconf 92' lang='lat' dir='ltr'><strong>et</strong></span> <span class='ocrx_word' id='word_1_265' title='bbox 1145 2478 1419 2543; x_wconf 79' lang='lat' dir='ltr'><strong>Justinus,</strong></span> <span class='ocrx_word' id='word_1_266' title='bbox 1461 2476 1622 2547; x_wconf 88' lang='lat' dir='ltr'><strong>cujus</strong></span> <span class='ocrx_word' id='word_1_267' title='bbox 1646 2493 1814 2547; x_wconf 85' lang='lat' dir='ltr'><strong>supra</strong></span> <span class='ocrx_word' id='word_1_268' title='bbox 1846 2492 2000 2531; x_wconf 86' lang='lat' dir='ltr'><strong>meu-</strong></span> 
     </span>
    </p>
   </div>
   <div class='ocr_carea' id='block_1_31' title="bbox 413 2572 2000 2645">
    <p class='ocr_par' dir='ltr' id='par_1_31' title="bbox 413 2572 2000 2645">
     <span class='ocr_line' id='line_1_31' title="bbox 413 2572 2000 2645; baseline -0.005 -11"><span class='ocrx_word' id='word_1_269' title='bbox 413 2579 611 2634; x_wconf 90' lang='lat' dir='ltr'><strong>tionem</strong></span> <span class='ocrx_word' id='word_1_270' title='bbox 633 2576 881 2642; x_wconf 90' lang='lat' dir='ltr'><strong>fecimus,</strong></span> <span class='ocrx_word' id='word_1_271' title='bbox 906 2590 1032 2631; x_wconf 89' lang='lat' dir='ltr'><strong>cum</strong></span> <span class='ocrx_word' id='word_1_272' title='bbox 1056 2577 1288 2630; x_wconf 89' lang='lat' dir='ltr'><strong>alterum</strong></span> <span class='ocrx_word' id='word_1_273' title='bbox 1307 2573 1504 2629; x_wconf 88' lang='lat' dir='ltr'><strong>librum</strong></span> <span class='ocrx_word' id='word_1_274' title='bbox 1525 2587 1625 2645; x_wconf 90' lang='lat' dir='ltr'><strong>pro</strong></span> <span class='ocrx_word' id='word_1_275' title='bbox 1649 2572 1774 2627; x_wconf 86' lang='lat' dir='ltr'><strong>iidei</strong></span> <span class='ocrx_word' id='word_1_276' title='bbox 1798 2580 2000 2627; x_wconf 76' lang='lat' dir='ltr'><strong>nostrae</strong></span> 
     </span>
    </p>
   </div>
   <div class='ocr_carea' id='block_1_32' title="bbox 411 2652 1998 2739">
    <p class='ocr_par' dir='ltr' id='par_1_32' title="bbox 411 2652 1998 2739">
     <span class='ocr_line' id='line_1_32' title="bbox 411 2652 1998 2739; baseline -0.007 -13"><span class='ocrx_word' id='word_1_277' title='bbox 411 2669 731 2727; x_wconf 78' lang='lat' dir='ltr'><strong>deiensione</strong></span> <span class='ocrx_word' id='word_1_278' title='bbox 765 2665 1190 2739; x_wconf 86' lang='lat' dir='ltr'><strong>imperatoribus</strong></span> <span class='ocrx_word' id='word_1_279' title='bbox 1211 2664 1467 2735; x_wconf 84' lang='lat' dir='ltr'><strong>superius</strong></span> <span class='ocrx_word' id='word_1_280' title='bbox 1503 2652 1823 2719; x_wconf 76' lang='lat' dir='ltr'><strong>memoratis</strong></span> <span class='ocrx_word' id='word_1_281' title='bbox 1840 2663 1998 2717; x_wconf 85' lang='lat' dir='ltr'><strong>obtu-</strong></span> 
     </span>
    </p>
   </div>
   <div class='ocr_carea' id='block_1_33' title="bbox 410 2755 1999 2831">
    <p class='ocr_par' dir='ltr' id='par_1_33' title="bbox 410 2755 1999 2831">
     <span class='ocr_line' id='line_1_33' title="bbox 410 2755 1999 2831; baseline -0.005 -17"><span class='ocrx_word' id='word_1_282' title='bbox 410 2762 591 2825; x_wconf 89' lang='lat' dir='ltr'><strong>lisset,</strong></span> <span class='ocrx_word' id='word_1_283' title='bbox 626 2775 786 2816; x_wconf 90' lang='lat' dir='ltr'><strong>sacro</strong></span> <span class='ocrx_word' id='word_1_284' title='bbox 817 2757 1085 2831; x_wconf 80' lang='lat' dir='ltr'><strong>martyrio</strong></span> <span class='ocrx_word' id='word_1_285' title='bbox 1111 2764 1409 2815; x_wconf 80' lang='lat' dir='ltr'><strong>exornatus</strong></span> <span class='ocrx_word' id='word_1_286' title='bbox 1435 2763 1520 2811; x_wconf 90' lang='lat' dir='ltr'><strong>est</strong></span> <span class='ocrx_word' id='word_1_287' title='bbox 1551 2755 1746 2811; x_wconf 84' lang='lat' dir='ltr'><strong>fraude</strong></span> <span class='ocrx_word' id='word_1_288' title='bbox 1782 2770 1848 2811; x_wconf 90' lang='lat' dir='ltr'><strong>ac</strong></span> <span class='ocrx_word' id='word_1_289' title='bbox 1883 2768 1999 2808; x_wconf 78' lang='lat' dir='ltr'><strong>ma-</strong></span> 
     </span>
    </p>
   </div>
   <div class='ocr_carea' id='block_1_34' title="bbox 412 2846 1997 2919">
    <p class='ocr_par' dir='ltr' id='par_1_34' title="bbox 412 2846 1997 2919">
     <span class='ocr_line' id='line_1_34' title="bbox 412 2846 1997 2919; baseline -0.004 -12"><span class='ocrx_word' id='word_1_290' title='bbox 412 2852 821 2909; x_wconf 85' lang='lat' dir='ltr'><strong>chinationibus</strong></span> <span class='ocrx_word' id='word_1_291' title='bbox 857 2850 1169 2907; x_wconf 87' lang='lat' dir='ltr'><strong>Crescentis</strong></span> <span class='ocrx_word' id='word_1_292' title='bbox 1212 2848 1566 2919; x_wconf 87' lang='lat' dir='ltr'><strong>philosophi,</strong></span> <span class='ocrx_word' id='word_1_293' title='bbox 1621 2846 1716 2918; x_wconf 86' lang='lat' dir='ltr'><strong>qui</strong></span> <span class='ocrx_word' id='word_1_294' title='bbox 1772 2846 1997 2901; x_wconf 81' lang='lat' dir='ltr'><strong>vivendi</strong></span> 
     </span>
    </p>
   </div>
   <div class='ocr_carea' id='block_1_35' title="bbox 412 2938 1996 3014">
    <p class='ocr_par' dir='ltr' id='par_1_35' title="bbox 412 2938 1996 3014">
     <span class='ocr_line' id='line_1_35' title="bbox 412 2938 1996 3014; baseline -0.003 -18"><span class='ocrx_word' id='word_1_295' title='bbox 412 2945 678 2999; x_wconf 87' lang='lat' dir='ltr'><strong>rationem</strong></span> <span class='ocrx_word' id='word_1_296' title='bbox 722 2957 947 3014; x_wconf 81' lang='lat' dir='ltr'><strong>prorsus</strong></span> <span class='ocrx_word' id='word_1_297' title='bbox 999 2940 1416 2997; x_wconf 75' lang='lat' dir='ltr'><strong>convenientem</strong></span> <span class='ocrx_word' id='word_1_298' title='bbox 1456 2955 1521 2996; x_wconf 90' lang='lat' dir='ltr'><strong>ac</strong></span> <span class='ocrx_word' id='word_1_299' title='bbox 1574 2938 1996 3011; x_wconf 89' lang='lat' dir='ltr'><strong>respondentem</strong></span> 
     </span>
    </p>
   </div>
   <div class='ocr_carea' id='block_1_36' title="bbox 409 3028 1998 3106">
    <p class='ocr_par' dir='ltr' id='par_1_36' title="bbox 409 3028 1998 3106">
     <span class='ocr_line' id='line_1_36' title="bbox 409 3028 1998 3106; baseline -0.002 -17"><span class='ocrx_word' id='word_1_300' title='bbox 409 3034 629 3106; x_wconf 65' lang='lat' dir='ltr'><strong>Cynica</strong></span> <span class='ocrx_word' id='word_1_301' title='bbox 688 3034 1033 3105; x_wconf 87' lang='lat' dir='ltr'><strong>appellationi</strong></span> <span class='ocrx_word' id='word_1_302' title='bbox 1086 3032 1469 3089; x_wconf 64' lang='lat' dir='ltr'><strong>aemulabatur.</strong></span> <span class='ocrx_word' id='word_1_303' title='bbox 1510 3030 1681 3099; x_wconf 91' lang='lat' dir='ltr'><strong>Qucm</strong></span> <span class='ocrx_word' id='word_1_304' title='bbox 1726 3046 1849 3087; x_wconf 90' lang='lat' dir='ltr'><strong>cum</strong></span> <span class='ocrx_word' id='word_1_305' title='bbox 1903 3028 1998 3088; x_wconf 84' lang='lat' dir='ltr'><strong>ille</strong></span> 
     </span>
    </p>
   </div>
   <div class='ocr_carea' id='block_1_37' title="bbox 410 3123 1996 3198">
    <p class='ocr_par' dir='ltr' id='par_1_37' title="bbox 410 3123 1996 3198">
     <span class='ocr_line' id='line_1_37' title="bbox 410 3123 1996 3198; baseline -0.003 -17"><span class='ocrx_word' id='word_1_306' title='bbox 410 3128 698 3198; x_wconf 89' lang='lat' dir='ltr'><strong>disputans</strong></span> <span class='ocrx_word' id='word_1_307' title='bbox 720 3127 1078 3183; x_wconf 88' lang='lat' dir='ltr'><strong>audientibus</strong></span> <span class='ocrx_word' id='word_1_308' title='bbox 1102 3125 1355 3198; x_wconf 88' lang='lat' dir='ltr'><strong>plurimis</strong></span> <span class='ocrx_word' id='word_1_309' title='bbox 1378 3124 1734 3190; x_wconf 81' lang='lat' dir='ltr'><strong>convicisset,</strong></span> <span class='ocrx_word' id='word_1_310' title='bbox 1773 3123 1996 3185; x_wconf 87' lang='lat' dir='ltr'><strong>tandem</strong></span> 
     </span>
    </p>
   </div>
   <div class='ocr_carea' id='block_1_38' title="bbox 412 3215 1997 3291">
    <p class='ocr_par' dir='ltr' id='par_1_38' title="bbox 412 3215 1997 3291">
     <span class='ocr_line' id='line_1_38' title="bbox 412 3215 1997 3291; baseline -0.002 -20"><span class='ocrx_word' id='word_1_311' title='bbox 412 3219 664 3277; x_wconf 88' lang='lat' dir='ltr'><strong>veritatis</strong></span> <span class='ocrx_word' id='word_1_312' title='bbox 697 3219 842 3275; x_wconf 89' lang='lat' dir='ltr'><strong>illius</strong></span> <span class='ocrx_word' id='word_1_313' title='bbox 868 3234 1033 3291; x_wconf 88' lang='lat' dir='ltr'><strong>quam</strong></span> <span class='ocrx_word' id='word_1_314' title='bbox 1064 3220 1480 3291; x_wconf 82' lang='lat' dir='ltr'><strong>praedicaverat,</strong></span> <span class='ocrx_word' id='word_1_315' title='bbox 1518 3215 1806 3288; x_wconf 68' lang='lat' dir='ltr'><strong>praemium</strong></span> <span class='ocrx_word' id='word_1_316' title='bbox 1849 3229 1997 3270; x_wconf 89' lang='lat' dir='ltr'><strong>mar-</strong></span> 
     </span>
    </p>
   </div>
   <div class='ocr_carea' id='block_1_39' title="bbox 411 3308 1993 3380">
    <p class='ocr_par' dir='ltr' id='par_1_39' title="bbox 411 3308 1993 3380">
     <span class='ocr_line' id='line_1_39' title="bbox 411 3308 1993 3380; baseline 0 -18"><span class='ocrx_word' id='word_1_317' title='bbox 411 3309 551 3380; x_wconf 82' lang='lat' dir='ltr'><strong>tyrio</strong></span> <span class='ocrx_word' id='word_1_318' title='bbox 599 3319 925 3367; x_wconf 86' lang='lat' dir='ltr'><strong>consecutus</strong></span> <span class='ocrx_word' id='word_1_319' title='bbox 982 3319 1085 3367; x_wconf 90' lang='lat' dir='ltr'><strong>est.</strong></span> <span class='ocrx_word' id='word_1_320' title='bbox 1146 3310 1303 3366; x_wconf 86' lang='lat' dir='ltr'><strong>Hunc</strong></span> <span class='ocrx_word' id='word_1_321' title='bbox 1352 3318 1538 3365; x_wconf 88' lang='lat' dir='ltr'><strong>autem</strong></span> <span class='ocrx_word' id='word_1_322' title='bbox 1594 3309 1804 3363; x_wconf 80' lang='lat' dir='ltr'><strong>exitum</strong></span> <span class='ocrx_word' id='word_1_323' title='bbox 1847 3308 1993 3373; x_wconf 81' lang='lat' dir='ltr'><strong>vitae,</strong></span> 
     </span>
    </p>
   </div>
   <div class='ocr_carea' id='block_1_40' title="bbox 408 3397 1991 3472">
    <p class='ocr_par' dir='ltr' id='par_1_40' title="bbox 408 3397 1991 3472">
     <span class='ocr_line' id='line_1_40' title="bbox 408 3397 1991 3472; baseline 0.002 -20"><span class='ocrx_word' id='word_1_324' title='bbox 408 3397 548 3452; x_wconf 91' lang='lat' dir='ltr'><strong>idem</strong></span> <span class='ocrx_word' id='word_1_325' title='bbox 590 3400 680 3455; x_wconf 89' lang='lat' dir='ltr'><strong>ille</strong></span> <span class='ocrx_word' id='word_1_326' title='bbox 725 3414 870 3456; x_wconf 69' lang='lat' dir='ltr'><strong>vera:</strong></span> <span class='ocrx_word' id='word_1_327' title='bbox 906 3402 1190 3472; x_wconf 72' lang='lat' dir='ltr'><strong>sapientia:</strong></span> <span class='ocrx_word' id='word_1_328' title='bbox 1233 3401 1670 3458; x_wconf 86' lang='lat' dir='ltr'><strong>studiosissimus</strong></span> <span class='ocrx_word' id='word_1_329' title='bbox 1724 3410 1991 3466; x_wconf 88' lang='lat' dir='ltr'><strong>sectator,</strong></span> 
     </span>
    </p>
   </div>
   <div class='ocr_carea' id='block_1_41' title="bbox 2459 2343 3401 2419">
    <p class='ocr_par' dir='ltr' id='par_1_41' title="bbox 2459 2343 3401 2419">
     <span class='ocr_line' id='line_1_41' title="bbox 2459 2343 3401 2419; baseline 0.003 -20"><span class='ocrx_word' id='word_1_330' title='bbox 2459 2343 2886 2417; x_wconf 67' lang='lat' dir='ltr'><strong>rdpndsrtNic.</strong></span> <span class='ocrx_word' id='word_1_331' title='bbox 2922 2346 2994 2403; x_wconf 83' lang='grc' dir='ltr'><strong>Η.</strong></span> <span class='ocrx_word' id='word_1_332' title='bbox 3024 2346 3092 2400; x_wconf 83' lang='grc' dir='ltr'><strong>Ε.</strong></span> <span class='ocrx_word' id='word_1_333' title='bbox 3170 2362 3256 2415; x_wconf 85' lang='lat' dir='ltr'><strong>tu,</strong></span> <span class='ocrx_word' id='word_1_334' title='bbox 3286 2347 3401 2419; x_wconf 72' lang='grc'><strong>52).</strong></span> 
     </span>
    </p>
   </div>
   <div class='ocr_carea' id='block_1_42' title="bbox 2173 2477 3698 2552">
    <p class='ocr_par' dir='ltr' id='par_1_42' title="bbox 2173 2477 3698 2552">
     <span class='ocr_line' id='line_1_42' title="bbox 2173 2477 3698 2552; baseline 0 -18"><span class='ocrx_word' id='word_1_335' title='bbox 2173 2479 2332 2534; x_wconf 74' lang='grc' dir='ltr'>Κατὰ</span> <span class='ocrx_word' id='word_1_336' title='bbox 2356 2478 2580 2544; x_wconf 78' lang='grc' dir='ltr'><strong>τούτους</strong></span> <span class='ocrx_word' id='word_1_337' title='bbox 2608 2479 2663 2533; x_wconf 84' lang='grc' dir='ltr'>δὲ</span> <span class='ocrx_word' id='word_1_338' title='bbox 2694 2479 2787 2533; x_wconf 75' lang='grc' dir='ltr'><strong>καὶ</strong></span> <span class='ocrx_word' id='word_1_339' title='bbox 2811 2479 2840 2531; x_wconf 83' lang='grc' dir='ltr'>ὁ</span> <span class='ocrx_word' id='word_1_340' title='bbox 2872 2477 3053 2552; x_wconf 81' lang='grc' dir='ltr'>μικρῷ</span> <span class='ocrx_word' id='word_1_341' title='bbox 3089 2479 3324 2551; x_wconf 86' lang='grc' dir='ltr'>πρόσθεν</span> <span class='ocrx_word' id='word_1_342' title='bbox 3355 2482 3490 2552; x_wconf 78' lang='grc' dir='ltr'>ἡμῖν</span> <span class='ocrx_word' id='word_1_343' title='bbox 3524 2480 3698 2552; x_wconf 80' lang='grc' dir='ltr'>δηλω-</span> 
     </span>
    </p>
   </div>
   <div class='ocr_carea' id='block_1_43' title="bbox 2101 2570 3698 2642">
    <p class='ocr_par' dir='ltr' id='par_1_43' title="bbox 2101 2570 3698 2642">
     <span class='ocr_line' id='line_1_43' title="bbox 2101 2570 3698 2642; baseline 0.001 -18"><span class='ocrx_word' id='word_1_344' title='bbox 2101 2570 2215 2635; x_wconf 73' lang='grc' dir='ltr'>θεὶς</span> <span class='ocrx_word' id='word_1_345' title='bbox 2253 2572 2558 2636; x_wconf 80' lang='grc' dir='ltr'>Ἰουστῖνος,</span> <span class='ocrx_word' id='word_1_346' title='bbox 2592 2570 2843 2641; x_wconf 86' lang='grc' dir='ltr'>δεύτερον</span> <span class='ocrx_word' id='word_1_347' title='bbox 2868 2570 3010 2642; x_wconf 79' lang='grc' dir='ltr'>ὑπὲρ</span> <span class='ocrx_word' id='word_1_348' title='bbox 3035 2570 3145 2624; x_wconf 85' lang='grc' dir='ltr'><strong>τῶν</strong></span> <span class='ocrx_word' id='word_1_349' title='bbox 3172 2570 3296 2625; x_wconf 86' lang='grc' dir='ltr'>καθ’</span> <span class='ocrx_word' id='word_1_350' title='bbox 3324 2573 3477 2642; x_wconf 77' lang='grc' dir='ltr'>ἡμᾶς</span> <span class='ocrx_word' id='word_1_351' title='bbox 3497 2572 3698 2642; x_wconf 81' lang='grc' dir='ltr'>δογμά-</span> 
     </span>
    </p>
   </div>
   <div class='ocr_carea' id='block_1_44' title="bbox 2100 2661 3696 2736">
    <p class='ocr_par' dir='ltr' id='par_1_44' title="bbox 2100 2661 3696 2736">
     <span class='ocr_line' id='line_1_44' title="bbox 2100 2661 3696 2736; baseline 0.001 -19"><span class='ocrx_word' id='word_1_352' title='bbox 2100 2682 2208 2718; x_wconf 83' lang='grc' dir='ltr'><strong>των</strong></span> <span class='ocrx_word' id='word_1_353' title='bbox 2241 2661 2443 2734; x_wconf 77' lang='grc' dir='ltr'>βιϐλίον</span> <span class='ocrx_word' id='word_1_354' title='bbox 2466 2663 2695 2727; x_wconf 81' lang='grc' dir='ltr'>ἀναδοὺς</span> <span class='ocrx_word' id='word_1_355' title='bbox 2725 2661 2835 2733; x_wconf 85' lang='grc'><strong>(90)</strong></span> <span class='ocrx_word' id='word_1_356' title='bbox 2871 2666 2985 2727; x_wconf 88' lang='grc' dir='ltr'>τοῖς</span> <span class='ocrx_word' id='word_1_357' title='bbox 3015 2662 3408 2735; x_wconf 80' lang='grc' dir='ltr'><strong>δεδηλωμένοις</strong></span> <span class='ocrx_word' id='word_1_358' title='bbox 3442 2664 3696 2736; x_wconf 78' lang='grc' dir='ltr'>ἄρχουσι,</span> 
     </span>
    </p>
   </div>
   <div class='ocr_carea' id='block_1_45' title="bbox 2102 2754 3699 2828">
    <p class='ocr_par' dir='ltr' id='par_1_45' title="bbox 2102 2754 3699 2828">
     <span class='ocr_line' id='line_1_45' title="bbox 2102 2754 3699 2828; baseline 0 -18"><span class='ocrx_word' id='word_1_359' title='bbox 2102 2757 2232 2828; x_wconf 85' lang='grc' dir='ltr'>θείῳ</span> <span class='ocrx_word' id='word_1_360' title='bbox 2263 2758 2696 2827; x_wconf 85' lang='grc' dir='ltr'>κατακοσμεῖται</span> <span class='ocrx_word' id='word_1_361' title='bbox 2731 2754 3051 2827; x_wconf 84' lang='grc' dir='ltr'>μαρτυρίῳ,</span> <span class='ocrx_word' id='word_1_362' title='bbox 3094 2755 3385 2827; x_wconf 75' lang='grc' dir='ltr'>φιλοσόφου</span> <span class='ocrx_word' id='word_1_363' title='bbox 3421 2755 3699 2827; x_wconf 81' lang='grc' dir='ltr'>Κρίσκεν-</span> 
     </span>
    </p>
   </div>
   <div class='ocr_carea' id='block_1_46' title="bbox 2098 2844 3698 2923">
    <p class='ocr_par' dir='ltr' id='par_1_46' title="bbox 2098 2844 3698 2923">
     <span class='ocr_line' id='line_1_46' title="bbox 2098 2844 3698 2923; baseline 0.007 -30"><span class='ocrx_word' id='word_1_364' title='bbox 2098 2866 2192 2913; x_wconf 80' lang='grc' dir='ltr'><strong>τος</strong></span> <span class='ocrx_word' id='word_1_365' title='bbox 2246 2848 2359 2921; x_wconf 76' lang='grc' dir='ltr'><strong>(τὸν</strong></span> <span class='ocrx_word' id='word_1_366' title='bbox 2404 2847 2726 2921; x_wconf 79' lang='grc' dir='ltr'>φερώνυμον</span> <span class='ocrx_word' id='word_1_367' title='bbox 2755 2848 2811 2902; x_wconf 85' lang='grc' dir='ltr'>δὲ</span> <span class='ocrx_word' id='word_1_368' title='bbox 2832 2844 2987 2912; x_wconf 73' lang='grc' dir='ltr'>οὗτος</span> <span class='ocrx_word' id='word_1_369' title='bbox 3014 2850 3080 2919; x_wconf 76' lang='grc' dir='ltr'><strong>τῇ</strong></span> <span class='ocrx_word' id='word_1_370' title='bbox 3107 2849 3317 2920; x_wconf 85' lang='grc' dir='ltr'>Κυνικῇ</span> <span class='ocrx_word' id='word_1_371' title='bbox 3351 2850 3698 2923; x_wconf 66' lang='grc' dir='ltr'>προσηγορίᾳ</span> 
     </span>
    </p>
   </div>
   <div class='ocr_carea' id='block_1_47' title="bbox 2100 2937 3699 3013">
    <p class='ocr_par' dir='ltr' id='par_1_47' title="bbox 2100 2937 3699 3013">
     <span class='ocr_line' id='line_1_47' title="bbox 2100 2937 3699 3013; baseline 0.003 -22"><span class='ocrx_word' id='word_1_372' title='bbox 2100 2939 2216 3010; x_wconf 86' lang='grc' dir='ltr'>βίον</span> <span class='ocrx_word' id='word_1_373' title='bbox 2245 2956 2304 2992; x_wconf 89' lang='grc' dir='ltr'><strong>τε</strong></span> <span class='ocrx_word' id='word_1_374' title='bbox 2320 2939 2627 3013; x_wconf 71' lang='grc' dir='ltr'>καὶτρόπον</span> <span class='ocrx_word' id='word_1_375' title='bbox 2653 2937 2881 3013; x_wconf 72' lang='grc' dir='ltr'>ἐζήλου)</span> <span class='ocrx_word' id='word_1_376' title='bbox 2912 2938 3008 3011; x_wconf 80' lang='grc' dir='ltr'><strong>τὴν</strong></span> <span class='ocrx_word' id='word_1_377' title='bbox 3042 2938 3336 3012; x_wconf 76' lang='grc' dir='ltr'>ἐπιϐουλὴν</span> <span class='ocrx_word' id='word_1_378' title='bbox 3378 2942 3529 3013; x_wconf 79' lang='grc' dir='ltr'>αὐτῷ</span> <span class='ocrx_word' id='word_1_379' title='bbox 3561 2957 3699 2995; x_wconf 80' lang='grc' dir='ltr'>κατ-</span> 
     </span>
    </p>
   </div>
   <div class='ocr_carea' id='block_1_48' title="bbox 2097 3030 3700 3106">
    <p class='ocr_par' dir='ltr' id='par_1_48' title="bbox 2097 3030 3700 3106">
     <span class='ocr_line' id='line_1_48' title="bbox 2097 3030 3700 3106; baseline 0.001 -21"><span class='ocrx_word' id='word_1_380' title='bbox 2097 3030 2457 3104; x_wconf 85' lang='grc' dir='ltr'>αρτύσαντος,</span> <span class='ocrx_word' id='word_1_381' title='bbox 2487 3030 2721 3104; x_wconf 72' lang='grc' dir='ltr'>ἐπείπερ</span> <span class='ocrx_word' id='word_1_382' title='bbox 2754 3030 3041 3095; x_wconf 79' lang='grc' dir='ltr'>πλεονάκις</span> <span class='ocrx_word' id='word_1_383' title='bbox 3095 3032 3152 3084; x_wconf 84' lang='grc' dir='ltr'><strong>ὲν</strong></span> <span class='ocrx_word' id='word_1_384' title='bbox 3189 3030 3459 3101; x_wconf 80' lang='grc' dir='ltr'>διαλόγοις</span> <span class='ocrx_word' id='word_1_385' title='bbox 3496 3033 3700 3106; x_wconf 71' lang='grc' dir='ltr'><strong>ἀκροχ-</strong></span> 
     </span>
    </p>
   </div>
   <div class='ocr_carea' id='block_1_49' title="bbox 2097 3121 3701 3197">
    <p class='ocr_par' dir='ltr' id='par_1_49' title="bbox 2097 3121 3701 3197">
     <span class='ocr_line' id='line_1_49' title="bbox 2097 3121 3701 3197; baseline 0 -19"><span class='ocrx_word' id='word_1_386' title='bbox 2097 3123 2207 3178; x_wconf 86' lang='grc' dir='ltr'><strong>τῶν</strong></span> <span class='ocrx_word' id='word_1_387' title='bbox 2231 3124 2516 3197; x_wconf 83' lang='grc' dir='ltr'><strong>παρόντων</strong></span> <span class='ocrx_word' id='word_1_388' title='bbox 2546 3124 2656 3196; x_wconf 82' lang='grc'><strong>(91)</strong></span> <span class='ocrx_word' id='word_1_389' title='bbox 2684 3122 2912 3188; x_wconf 81' lang='grc' dir='ltr'><strong>εὐθύνας</strong></span> <span class='ocrx_word' id='word_1_390' title='bbox 2944 3123 3106 3177; x_wconf 78' lang='grc' dir='ltr'>αὐτὸν</span> <span class='ocrx_word' id='word_1_391' title='bbox 3128 3164 3143 3189; x_wconf 91' lang='grc'><em>,</em></span> <span class='ocrx_word' id='word_1_392' title='bbox 3171 3122 3242 3178; x_wconf 82' lang='grc' dir='ltr'><strong>τὰ</strong></span> <span class='ocrx_word' id='word_1_393' title='bbox 3281 3121 3578 3197; x_wconf 81' lang='grc' dir='ltr'><strong>νικητήρια</strong></span> <span class='ocrx_word' id='word_1_394' title='bbox 3612 3142 3701 3178; x_wconf 84' lang='grc' dir='ltr'>τε·</span> 
     </span>
    </p>
   </div>
   <div class='ocr_carea' id='block_1_50' title="bbox 2095 3214 3698 3293">
    <p class='ocr_par' dir='ltr' id='par_1_50' title="bbox 2095 3214 3698 3293">
     <span class='ocr_line' id='line_1_50' title="bbox 2095 3214 3698 3293; baseline 0.001 -20"><span class='ocrx_word' id='word_1_395' title='bbox 2095 3218 2302 3273; x_wconf 84' lang='grc' dir='ltr'>λευτῶν</span> <span class='ocrx_word' id='word_1_396' title='bbox 2330 3218 2472 3292; x_wconf 83' lang='grc' dir='ltr'>ὑπὲρ</span> <span class='ocrx_word' id='word_1_397' title='bbox 2509 3214 2578 3293; x_wconf 82' lang='grc' dir='ltr'>ἧς</span> <span class='ocrx_word' id='word_1_398' title='bbox 2606 3217 2937 3290; x_wconf 74' lang='grc' dir='ltr'>ἐπρέσϐευεν</span> <span class='ocrx_word' id='word_1_399' title='bbox 2965 3218 3220 3290; x_wconf 77' lang='grc' dir='ltr'>ἀληθείας</span> <span class='ocrx_word' id='word_1_400' title='bbox 3242 3258 3257 3283; x_wconf 89' lang='grc'><em>,</em></span> <span class='ocrx_word' id='word_1_401' title='bbox 3286 3218 3378 3272; x_wconf 82' lang='grc' dir='ltr'>διὰ</span> <span class='ocrx_word' id='word_1_402' title='bbox 3420 3218 3519 3272; x_wconf 81' lang='grc' dir='ltr'><strong>τοῦ</strong></span> <span class='ocrx_word' id='word_1_403' title='bbox 3552 3237 3698 3291; x_wconf 83' lang='grc' dir='ltr'>μαρ-</span> 
     </span>
    </p>
   </div>
   <div class='ocr_carea' id='block_1_51' title="bbox 2097 3310 3702 3384">
    <p class='ocr_par' dir='ltr' id='par_1_51' title="bbox 2097 3310 3702 3384">
     <span class='ocr_line' id='line_1_51' title="bbox 2097 3310 3702 3384; baseline -0.001 -18"><span class='ocrx_word' id='word_1_404' title='bbox 2097 3311 2283 3384; x_wconf 85' lang='grc' dir='ltr'>τυρίου</span> <span class='ocrx_word' id='word_1_405' title='bbox 2306 3310 2399 3366; x_wconf 77' lang='grc' dir='ltr'>τοῦ</span> <span class='ocrx_word' id='word_1_406' title='bbox 2428 3312 2547 3365; x_wconf 82' lang='grc' dir='ltr'>κατ’</span> <span class='ocrx_word' id='word_1_407' title='bbox 2582 3310 2743 3365; x_wconf 82' lang='grc' dir='ltr'>αὐτὸν</span> <span class='ocrx_word' id='word_1_408' title='bbox 2773 3311 3091 3384; x_wconf 83' lang='grc' dir='ltr'>ἀνεδήσατο.</span> <span class='ocrx_word' id='word_1_409' title='bbox 3135 3310 3307 3365; x_wconf 80' lang='grc' dir='ltr'>Τοῦτο</span> <span class='ocrx_word' id='word_1_410' title='bbox 3349 3310 3408 3364; x_wconf 84' lang='grc' dir='ltr'>δὲ</span> <span class='ocrx_word' id='word_1_411' title='bbox 3456 3311 3555 3365; x_wconf 70' lang='grc' dir='ltr'><strong>καὶ</strong></span> <span class='ocrx_word' id='word_1_412' title='bbox 3598 3314 3702 3365; x_wconf 73' lang='grc' dir='ltr'><strong>αὖ-</strong></span> 
     </span>
    </p>
   </div>
   <div class='ocr_carea' id='block_1_52' title="bbox 2096 3402 3699 3476">
    <p class='ocr_par' dir='ltr' id='par_1_52' title="bbox 2096 3402 3699 3476">
     <span class='ocr_line' id='line_1_52' title="bbox 2096 3402 3699 3476; baseline 0.001 -20"><span class='ocrx_word' id='word_1_413' title='bbox 2096 3402 2188 3467; x_wconf 85' lang='grc' dir='ltr'><strong>τδς</strong></span> <span class='ocrx_word' id='word_1_414' title='bbox 2212 3405 2373 3468; x_wconf 54' lang='lat' dir='ltr'><strong>erat;</strong></span> <span class='ocrx_word' id='word_1_415' title='bbox 2398 3402 2680 3474; x_wconf 78' lang='grc' dir='ltr'>ἀληθείαις</span> <span class='ocrx_word' id='word_1_416' title='bbox 2707 3402 3164 3475; x_wconf 81' lang='grc' dir='ltr'>φιλοσοφώτατος,</span> <span class='ocrx_word' id='word_1_417' title='bbox 3197 3405 3255 3456; x_wconf 82' lang='grc' dir='ltr'><strong>ὲν</strong></span> <span class='ocrx_word' id='word_1_418' title='bbox 3283 3406 3350 3474; x_wconf 83' lang='grc' dir='ltr'>τῇ</span> <span class='ocrx_word' id='word_1_419' title='bbox 3380 3403 3699 3476; x_wconf 81' lang='grc' dir='ltr'>δεδηλωμέ-</span> 
     </span>
    </p>
   </div>
   <div class='ocr_carea' id='block_1_53' title="bbox 407 3491 1989 3591">
    <p class='ocr_par' dir='ltr' id='par_1_53' title="bbox 407 3491 1989 3567">
     <span class='ocr_line' id='line_1_53' title="bbox 407 3491 1989 3567; baseline 0.002 -21"><span class='ocrx_word' id='word_1_420' title='bbox 407 3491 466 3546; x_wconf 88' lang='lat' dir='ltr'><strong>in</strong></span> <span class='ocrx_word' id='word_1_421' title='bbox 508 3494 826 3560; x_wconf 88' lang='lat' dir='ltr'><strong>supradicto</strong></span> <span class='ocrx_word' id='word_1_422' title='bbox 874 3495 1209 3567; x_wconf 76' lang='lat' dir='ltr'><strong>Apologetico</strong></span> <span class='ocrx_word' id='word_1_423' title='bbox 1263 3504 1451 3564; x_wconf 87' lang='lat' dir='ltr'><strong>aperte</strong></span> <span class='ocrx_word' id='word_1_424' title='bbox 1498 3504 1663 3566; x_wconf 91' lang='lat' dir='ltr'><strong>prout</strong></span> <span class='ocrx_word' id='word_1_425' title='bbox 1722 3503 1844 3549; x_wconf 89' lang='lat' dir='ltr'><strong>erat</strong></span> <span class='ocrx_word' id='word_1_426' title='bbox 1889 3494 1989 3565; x_wconf 90' lang='lat' dir='ltr'><strong>ipsi</strong></span> 
     </span>
    </p>
   </div>
   <div class='ocr_carea' id='block_1_54' title="bbox 2099 3491 3701 3591">
    <p class='ocr_par' dir='ltr' id='par_1_54' title="bbox 2099 3491 3701 3569">
     <span class='ocr_line' id='line_1_54' title="bbox 2099 3491 3701 3569; baseline -0.001 -19"><span class='ocrx_word' id='word_1_427' title='bbox 2099 3513 2165 3569; x_wconf 83' lang='grc' dir='ltr'><strong>νῃ</strong></span> <span class='ocrx_word' id='word_1_428' title='bbox 2210 3496 2532 3566; x_wconf 77' lang='grc' dir='ltr'>Ἀπολογίᾳ</span> <span class='ocrx_word' id='word_1_429' title='bbox 2557 3496 2745 3566; x_wconf 81' lang='grc' dir='ltr'>σαφῶς</span> <span class='ocrx_word' id='word_1_430' title='bbox 2768 3496 2940 3560; x_wconf 77' lang='grc' dir='ltr'>οὕτως</span> <span class='ocrx_word' id='word_1_431' title='bbox 2959 3534 2975 3561; x_wconf 86' lang='grc'><em>,</em></span> <span class='ocrx_word' id='word_1_432' title='bbox 3004 3495 3193 3567; x_wconf 82' lang='grc' dir='ltr'>ὥσπερ</span> <span class='ocrx_word' id='word_1_433' title='bbox 3221 3491 3316 3550; x_wconf 79' lang='grc' dir='ltr'>οὖν</span> <span class='ocrx_word' id='word_1_434' title='bbox 3344 3496 3440 3550; x_wconf 74' lang='grc' dir='ltr'><strong>καὶ</strong></span> <span class='ocrx_word' id='word_1_435' title='bbox 3472 3494 3701 3567; x_wconf 79' lang='grc' dir='ltr'>ἔμελλεν</span> 
     </span>
    </p>
   </div>
   <div class='ocr_carea' id='block_1_55' title="bbox 408 3583 1995 3657">
    <p class='ocr_par' dir='ltr' id='par_1_55' title="bbox 408 3583 1995 3657">
     <span class='ocr_line' id='line_1_55' title="bbox 408 3583 1995 3657; baseline 0.003 -21"><span class='ocrx_word' id='word_1_436' title='bbox 408 3597 581 3653; x_wconf 88' lang='lat' dir='ltr'><strong>prope</strong></span> <span class='ocrx_word' id='word_1_437' title='bbox 620 3583 764 3639; x_wconf 87' lang='lat' dir='ltr'><strong>diem</strong></span> <span class='ocrx_word' id='word_1_438' title='bbox 801 3599 1119 3652; x_wconf 79' lang='lat' dir='ltr'><strong>eventui-us,</strong></span> <span class='ocrx_word' id='word_1_439' title='bbox 1156 3587 1402 3656; x_wconf 67' lang='lat' dir='ltr'><strong>prmdicit</strong></span> <span class='ocrx_word' id='word_1_440' title='bbox 1445 3587 1534 3643; x_wconf 88' lang='lat' dir='ltr'><strong>his</strong></span> <span class='ocrx_word' id='word_1_441' title='bbox 1559 3586 1792 3643; x_wconf 86' lang='lat' dir='ltr'><strong>verbis:</strong></span> <span class='ocrx_word' id='word_1_442' title='bbox 1834 3603 1855 3638; x_wconf 79' lang='grc' dir='ltr'>ι</span> <span class='ocrx_word' id='word_1_443' title='bbox 1880 3585 1995 3657; x_wconf 81' lang='lat' dir='ltr'><strong>Ego</strong></span> 
     </span>
    </p>
   </div>
   <div class='ocr_carea' id='block_1_56' title="bbox 408 3673 1994 3750">
    <p class='ocr_par' dir='ltr' id='par_1_56' title="bbox 408 3673 1994 3750">
     <span class='ocr_line' id='line_1_56' title="bbox 408 3673 1994 3750; baseline 0.005 -22"><span class='ocrx_word' id='word_1_444' title='bbox 408 3673 576 3735; x_wconf 86' lang='lat' dir='ltr'><strong>etiam</strong></span> <span class='ocrx_word' id='word_1_445' title='bbox 616 3686 876 3745; x_wconf 85' lang='lat' dir='ltr'><strong>exspecto</strong></span> <span class='ocrx_word' id='word_1_446' title='bbox 902 3687 963 3732; x_wconf 90' lang='lat' dir='ltr'><strong>ut</strong></span> <span class='ocrx_word' id='word_1_447' title='bbox 989 3678 1057 3733; x_wconf 88' lang='lat' dir='ltr'><strong>ab</strong></span> <span class='ocrx_word' id='word_1_448' title='bbox 1095 3678 1281 3749; x_wconf 86' lang='lat' dir='ltr'><strong>aliquo</strong></span> <span class='ocrx_word' id='word_1_449' title='bbox 1322 3694 1515 3735; x_wconf 91' lang='lat' dir='ltr'><strong>eorum</strong></span> <span class='ocrx_word' id='word_1_450' title='bbox 1552 3682 1643 3750; x_wconf 90' lang='lat' dir='ltr'><strong>qui</strong></span> <span class='ocrx_word' id='word_1_451' title='bbox 1681 3678 1994 3749; x_wconf 84' lang='lat' dir='ltr'><strong>philosophi</strong></span> 
     </span>
    </p>
   </div>
   <div class='ocr_carea' id='block_1_57' title="bbox 409 3768 1990 3842">
    <p class='ocr_par' dir='ltr' id='par_1_57' title="bbox 409 3768 1990 3842">
     <span class='ocr_line' id='line_1_57' title="bbox 409 3768 1990 3842; baseline 0.003 -21"><span class='ocrx_word' id='word_1_452' title='bbox 409 3768 774 3839; x_wconf 85' lang='lat' dir='ltr'><strong>appellantur,</strong></span> <span class='ocrx_word' id='word_1_453' title='bbox 807 3771 1022 3825; x_wconf 88' lang='lat' dir='ltr'><strong>insidiis</strong></span> <span class='ocrx_word' id='word_1_454' title='bbox 1051 3780 1295 3842; x_wconf 82' lang='lat' dir='ltr'><strong>appctar,</strong></span> <span class='ocrx_word' id='word_1_455' title='bbox 1349 3780 1405 3826; x_wconf 91' lang='lat' dir='ltr'><strong>et</strong></span> <span class='ocrx_word' id='word_1_456' title='bbox 1450 3771 1503 3826; x_wconf 92' lang='lat' dir='ltr'><strong>in</strong></span> <span class='ocrx_word' id='word_1_457' title='bbox 1556 3786 1786 3826; x_wconf 82' lang='lat' dir='ltr'><strong>nervum</strong></span> <span class='ocrx_word' id='word_1_458' title='bbox 1831 3786 1990 3827; x_wconf 93' lang='lat' dir='ltr'><strong>com-</strong></span> 
     </span>
    </p>
   </div>
   <div class='ocr_carea' id='block_1_58' title="bbox 408 3969 1988 4047">
    <p class='ocr_par' dir='ltr' id='par_1_58' title="bbox 408 3969 1988 4047">
     <span class='ocr_line' id='line_1_58' title="bbox 408 3969 1988 4047; baseline 0.005 -24"><span class='ocrx_word' id='word_1_459' title='bbox 408 3978 600 4047; x_wconf 79' lang='lat' dir='ltr'><strong>tyrum</strong></span> <span class='ocrx_word' id='word_1_460' title='bbox 628 3969 874 4047; x_wconf 88' lang='lat' dir='ltr'><strong>Carpi_et</strong></span> <span class='ocrx_word' id='word_1_461' title='bbox 899 3972 1108 4041; x_wconf 89' lang='lat' dir='ltr'><strong>Papuli,</strong></span> <span class='ocrx_word' id='word_1_462' title='bbox 1145 3972 1198 4047; x_wconf 72' lang='lat' dir='ltr'><strong>in</strong></span> <span class='ocrx_word' id='word_1_463' title='bbox 1238 3974 1427 4047; x_wconf 83' lang='lat' dir='ltr'><strong>eadem</strong></span> <span class='ocrx_word' id='word_1_464' title='bbox 1452 3974 1543 4028; x_wconf 91' lang='lat' dir='ltr'><strong>illa</strong></span> <span class='ocrx_word' id='word_1_465' title='bbox 1580 3972 1988 4047; x_wconf 66' lang='lat' dir='ltr'><strong>Smyrnaeornm</strong></span> 
     </span>
    </p>
   </div>
   <div class='ocr_carea' id='block_1_59' title="bbox 404 4040 1997 4114">
    <p class='ocr_par' dir='ltr' id='par_1_59' title="bbox 404 4040 1997 4114">
     <span class='ocr_line' id='line_1_59' title="bbox 404 4040 1997 4114; baseline 0.003 -19"><span class='ocrx_word' id='word_1_466' title='bbox 404 4040 635 4114; x_wconf 73' lang='lat' dir='ltr'><strong>epistola</strong></span> <span class='ocrx_word' id='word_1_467' title='bbox 666 4040 1097 4097; x_wconf 86' lang='lat' dir='ltr'><strong>continerentur.</strong></span> <span class='ocrx_word' id='word_1_468' title='bbox 1134 4043 1290 4109; x_wconf 84' lang='lat' dir='ltr'><strong>Quod</strong></span> <span class='ocrx_word' id='word_1_469' title='bbox 1319 4052 1498 4114; x_wconf 81' lang='lat' dir='ltr'><strong>tamen</strong></span> <span class='ocrx_word' id='word_1_470' title='bbox 1534 4040 1719 4099; x_wconf 80' lang='lat' dir='ltr'><strong>verum</strong></span> <span class='ocrx_word' id='word_1_471' title='bbox 1750 4061 1857 4098; x_wconf 90' lang='lat' dir='ltr'><strong>non</strong></span> <span class='ocrx_word' id='word_1_472' title='bbox 1893 4062 1997 4114; x_wconf 85' lang='lat' dir='ltr'><strong>pu-</strong></span> 
     </span>
    </p>
   </div>
   <div class='ocr_carea' id='block_1_60' title="bbox 408 4109 1995 4188">
    <p class='ocr_par' dir='ltr' id='par_1_60' title="bbox 408 4109 1995 4188">
     <span class='ocr_line' id='line_1_60' title="bbox 408 4109 1995 4188; baseline 0.004 -24"><span class='ocrx_word' id='word_1_473' title='bbox 408 4121 484 4166; x_wconf 91' lang='lat' dir='ltr'><strong>to.</strong></span> <span class='ocrx_word' id='word_1_474' title='bbox 513 4109 700 4188; x_wconf 81' lang='lat' dir='ltr'><strong>Neque</strong></span> <span class='ocrx_word' id='word_1_475' title='bbox 738 4114 882 4188; x_wconf 81' lang='lat' dir='ltr'><strong>enim</strong></span> <span class='ocrx_word' id='word_1_476' title='bbox 923 4114 1218 4169; x_wconf 80' lang='lat' dir='ltr'><strong>verisimile</strong></span> <span class='ocrx_word' id='word_1_477' title='bbox 1240 4122 1355 4188; x_wconf 80' lang='lat' dir='ltr'><strong>est,</strong></span> <span class='ocrx_word' id='word_1_478' title='bbox 1384 4113 1695 4188; x_wconf 73' lang='lat' dir='ltr'><strong>Smyrnzeos</strong></span> <span class='ocrx_word' id='word_1_479' title='bbox 1734 4109 1995 4188; x_wconf 76' lang='lat' dir='ltr'><strong>martyria</strong></span> 
     </span>
    </p>
   </div>
   <div class='ocr_carea' id='block_1_61' title="bbox 407 4181 1992 4253">
    <p class='ocr_par' dir='ltr' id='par_1_61' title="bbox 407 4181 1992 4253">
     <span class='ocr_line' id='line_1_61' title="bbox 407 4181 1992 4253; baseline 0.006 -20"><span class='ocrx_word' id='word_1_480' title='bbox 407 4196 530 4253; x_wconf 69' lang='lat' dir='ltr'><strong>quae</strong></span> <span class='ocrx_word' id='word_1_481' title='bbox 574 4181 821 4253; x_wconf 61' lang='lat' dir='ltr'><strong>ifcrgami</strong></span> <span class='ocrx_word' id='word_1_482' title='bbox 844 4193 996 4253; x_wconf 76' lang='lat' dir='ltr'><strong>gesta</strong></span> <span class='ocrx_word' id='word_1_483' title='bbox 1033 4193 1211 4248; x_wconf 88' lang='lat' dir='ltr'><strong>erant,</strong></span> <span class='ocrx_word' id='word_1_484' title='bbox 1239 4184 1290 4237; x_wconf 90' lang='lat' dir='ltr'><strong>in</strong></span> <span class='ocrx_word' id='word_1_485' title='bbox 1329 4181 1554 4252; x_wconf 75' lang='lat' dir='ltr'><strong>epistula</strong></span> <span class='ocrx_word' id='word_1_486' title='bbox 1591 4200 1688 4239; x_wconf 91' lang='lat' dir='ltr'><strong>sua</strong></span> <span class='ocrx_word' id='word_1_487' title='bbox 1720 4181 1992 4242; x_wconf 51' lang='lat' dir='ltr'><strong>retuli’ase.</strong></span> 
     </span>
    </p>
   </div>
   <div class='ocr_carea' id='block_1_62' title="bbox 408 4248 1993 4327">
    <p class='ocr_par' dir='ltr' id='par_1_62' title="bbox 408 4248 1993 4327">
     <span class='ocr_line' id='line_1_62' title="bbox 408 4248 1993 4327; baseline 0.005 -25"><span class='ocrx_word' id='word_1_488' title='bbox 408 4248 747 4327; x_wconf 63' lang='lat' dir='ltr'><strong>Prpbabilius</strong></span> <span class='ocrx_word' id='word_1_489' title='bbox 766 4248 1018 4327; x_wconf 21' lang='lat' dir='ltr'><strong>estIAActa</strong></span> <span class='ocrx_word' id='word_1_490' title='bbox 1050 4256 1164 4327; x_wconf 52' lang='lat' dir='ltr'><strong>haec</strong></span> <span class='ocrx_word' id='word_1_491' title='bbox 1195 4248 1494 4327; x_wconf 72' lang='lat' dir='ltr'><strong>martyrum</strong></span> <span class='ocrx_word' id='word_1_492' title='bbox 1536 4254 1993 4327; x_wconf 73' lang='lat' dir='ltr'><strong>Pergamenorum</strong></span> 
     </span>
    </p>
   </div>
   <div class='ocr_carea' id='block_1_63' title="bbox 404 4320 1994 4395">
    <p class='ocr_par' dir='ltr' id='par_1_63' title="bbox 404 4320 1994 4395">
     <span class='ocr_line' id='line_1_63' title="bbox 404 4320 1994 4395; baseline 0.006 -22"><span class='ocrx_word' id='word_1_493' title='bbox 404 4320 763 4395; x_wconf 73' lang='lat' dir='ltr'><strong>a_Smyru_a:is</strong></span> <span class='ocrx_word' id='word_1_494' title='bbox 814 4324 894 4377; x_wconf 86' lang='lat' dir='ltr'><strong>vel</strong></span> <span class='ocrx_word' id='word_1_495' title='bbox 931 4339 961 4377; x_wconf 89' lang='lat' dir='ltr'><strong>a</strong></span> <span class='ocrx_word' id='word_1_496' title='bbox 1013 4320 1531 4395; x_wconf 34' lang='lat' dir='ltr'><strong>quibusdamialiis,</strong></span> <span class='ocrx_word' id='word_1_497' title='bbox 1567 4320 1670 4380; x_wconf 63' lang='lat' dir='ltr'><strong>ob&#39;</strong></span> <span class='ocrx_word' id='word_1_498' title='bbox 1688 4330 1994 4395; x_wconf 75' lang='lat' dir='ltr'><strong>argumenti</strong></span> 
     </span>
    </p>
   </div>
   <div class='ocr_carea' id='block_1_64' title="bbox 402 4391 1995 4468">
    <p class='ocr_par' dir='ltr' id='par_1_64' title="bbox 402 4391 1995 4468">
     <span class='ocr_line' id='line_1_64' title="bbox 402 4391 1995 4468; baseline 0.005 -25"><span class='ocrx_word' id='word_1_499' title='bbox 402 4391 831 4468; x_wconf 71' lang='lat' dir='ltr'><strong>similitudinem</strong></span> <span class='ocrx_word' id='word_1_500' title='bbox 850 4391 1044 4463; x_wconf 80' lang='lat' dir='ltr'><strong>postea</strong></span> <span class='ocrx_word' id='word_1_501' title='bbox 1071 4392 1323 4468; x_wconf 81' lang='lat' dir='ltr'><strong>adjuncta</strong></span> <span class='ocrx_word' id='word_1_502' title='bbox 1342 4393 1513 4450; x_wconf 85' lang='lat' dir='ltr'><strong>fuisse</strong></span> <span class='ocrx_word' id='word_1_503' title='bbox 1541 4391 1787 4468; x_wconf 69' lang='lat' dir='ltr'><strong>epistolae</strong></span> <span class='ocrx_word' id='word_1_504' title='bbox 1801 4395 1995 4468; x_wconf 87' lang='lat' dir='ltr'><strong>Smyr-</strong></span> 
     </span>
    </p>
   </div>
   <div class='ocr_carea' id='block_1_65' title="bbox 397 4462 1993 4535">
    <p class='ocr_par' dir='ltr' id='par_1_65' title="bbox 397 4462 1993 4535">
     <span class='ocr_line' id='line_1_65' title="bbox 397 4462 1993 4535; baseline 0.004 -19"><span class='ocrx_word' id='word_1_505' title='bbox 397 4465 668 4535; x_wconf 70' lang='lat' dir='ltr'><strong>&#39;_n.eo_rum,</strong></span> <span class='ocrx_word' id='word_1_506' title='bbox 703 4473 769 4535; x_wconf 86' lang='lat' dir='ltr'><strong>_et</strong></span> <span class='ocrx_word' id='word_1_507' title='bbox 818 4462 872 4517; x_wconf 88' lang='lat' dir='ltr'><strong>iu</strong></span> <span class='ocrx_word' id='word_1_508' title='bbox 905 4480 1074 4519; x_wconf 90' lang='lat' dir='ltr'><strong>unum</strong></span> <span class='ocrx_word' id='word_1_509' title='bbox 1115 4466 1268 4533; x_wconf 88' lang='lat' dir='ltr'><strong>quasi</strong></span> <span class='ocrx_word' id='word_1_510' title='bbox 1312 4480 1510 4535; x_wconf 91' lang='lat' dir='ltr'><strong>corpus</strong></span> <span class='ocrx_word' id='word_1_511' title='bbox 1539 4462 1780 4521; x_wconf 79' lang='lat' dir='ltr'><strong>redacta.</strong></span> <span class='ocrx_word' id='word_1_512' title='bbox 1816 4462 1993 4535; x_wconf 78' lang='lat' dir='ltr'><strong>Atque</strong></span> 
     </span>
    </p>
   </div>
   <div class='ocr_carea' id='block_1_66' title="bbox 320 4531 1990 4604">
    <p class='ocr_par' dir='ltr' id='par_1_66' title="bbox 320 4531 1990 4604">
     <span class='ocr_line' id='line_1_66' title="bbox 320 4531 1990 4604; baseline 0.005 -20"><span class='ocrx_word' id='word_1_513' title='bbox 320 4542 323 4545; x_wconf 51' lang='grc' dir='ltr'><strong>λ</strong></span> <span class='ocrx_word' id='word_1_514' title='bbox 405 4531 476 4585; x_wconf 90' lang='lat' dir='ltr'><strong>ita</strong></span> <span class='ocrx_word' id='word_1_515' title='bbox 519 4531 877 4604; x_wconf 81' lang='lat' dir='ltr'><strong>hunelocum</strong></span> <span class='ocrx_word' id='word_1_516' title='bbox 926 4531 1145 4602; x_wconf 81' lang='lat' dir='ltr'><strong>cepisse</strong></span> <span class='ocrx_word' id='word_1_517' title='bbox 1175 4531 1798 4604; x_wconf 60' lang='lat' dir='ltr'><strong>videtur&#39;Nicephorus.</strong></span> <span class='ocrx_word' id='word_1_518' title='bbox 1846 4531 1990 4593; x_wconf 80' lang='lat' dir='ltr'><strong>Duas</strong></span> 
     </span>
    </p>
   </div>
   <div class='ocr_carea' id='block_1_67' title="bbox 403 4602 1988 4676">
    <p class='ocr_par' dir='ltr' id='par_1_67' title="bbox 403 4602 1988 4676">
     <span class='ocr_line' id='line_1_67' title="bbox 403 4602 1988 4676; baseline 0.004 -20"><span class='ocrx_word' id='word_1_519' title='bbox 403 4615 571 4670; x_wconf 91' lang='lat' dir='ltr'><strong>porro</strong></span> <span class='ocrx_word' id='word_1_520' title='bbox 599 4602 856 4676; x_wconf 70' lang='lat' dir='ltr'><strong>epistolas</strong></span> <span class='ocrx_word' id='word_1_521' title='bbox 886 4605 1295 4676; x_wconf 76' lang='lat' dir='ltr'><strong>Smyrnzeorum</strong></span> <span class='ocrx_word' id='word_1_522' title='bbox 1333 4604 1499 4661; x_wconf 86' lang='lat' dir='ltr'><strong>fuisse</strong></span> <span class='ocrx_word' id='word_1_523' title='bbox 1533 4602 1822 4662; x_wconf 55' lang='lat' dir='ltr'><strong>existimo:</strong></span> <span class='ocrx_word' id='word_1_524' title='bbox 1853 4607 1988 4663; x_wconf 89' lang='lat' dir='ltr'><strong>alte-</strong></span> 
     </span>
    </p>
   </div>
   <div class='ocr_carea' id='block_1_68' title="bbox 2100 3586 3700 3660">
    <p class='ocr_par' dir='ltr' id='par_1_68' title="bbox 2100 3586 3700 3660">
     <span class='ocr_line' id='line_1_68' title="bbox 2100 3586 3700 3660; baseline -0.002 -18"><span class='ocrx_word' id='word_1_525' title='bbox 2100 3589 2226 3642; x_wconf 78' lang='grc' dir='ltr'>ὄσον</span> <span class='ocrx_word' id='word_1_526' title='bbox 2251 3586 2401 3643; x_wconf 76' lang='grc' dir='ltr'>οὔπω</span> <span class='ocrx_word' id='word_1_527' title='bbox 2435 3589 2564 3660; x_wconf 77' lang='grc' dir='ltr'>περὶ</span> <span class='ocrx_word' id='word_1_528' title='bbox 2590 3587 2751 3641; x_wconf 83' lang='grc' dir='ltr'>αὐτὸν</span> <span class='ocrx_word' id='word_1_529' title='bbox 2794 3586 3170 3659; x_wconf 78' lang='grc' dir='ltr'>συμϐήσεσθαι</span> <span class='ocrx_word' id='word_1_530' title='bbox 3190 3627 3205 3652; x_wconf 90' lang='grc'><em>,</em></span> <span class='ocrx_word' id='word_1_531' title='bbox 3234 3586 3529 3660; x_wconf 75' lang='grc' dir='ltr'>προλαϐὼν</span> <span class='ocrx_word' id='word_1_532' title='bbox 3560 3588 3700 3641; x_wconf 82' lang='grc' dir='ltr'>ἀπο-</span> 
     </span>
    </p>
   </div>
   <div class='ocr_carea' id='block_1_69' title="bbox 2103 3675 3697 3751">
    <p class='ocr_par' dir='ltr' id='par_1_69' title="bbox 2103 3675 3697 3751">
     <span class='ocr_line' id='line_1_69' title="bbox 2103 3675 3697 3751; baseline 0.001 -18"><span class='ocrx_word' id='word_1_533' title='bbox 2103 3679 2356 3751; x_wconf 87' lang='grc' dir='ltr'>σημαίνει</span> <span class='ocrx_word' id='word_1_534' title='bbox 2382 3679 2595 3744; x_wconf 83' lang='grc' dir='ltr'>τούτοις</span> <span class='ocrx_word' id='word_1_535' title='bbox 2632 3681 2816 3743; x_wconf 75' lang='grc' dir='ltr'>αὐτοῖς</span> <span class='ocrx_word' id='word_1_536' title='bbox 2861 3681 2975 3743; x_wconf 87' lang='grc' dir='ltr'>τοῖς</span> <span class='ocrx_word' id='word_1_537' title='bbox 3024 3680 3271 3751; x_wconf 75' lang='grc' dir='ltr'><strong>ῥήμασιο</strong></span> <span class='ocrx_word' id='word_1_538' title='bbox 3324 3697 3344 3732; x_wconf 77' lang='lat' dir='ltr'><strong>t</strong></span> <span class='ocrx_word' id='word_1_539' title='bbox 3385 3679 3562 3749; x_wconf 76' lang='grc' dir='ltr'><strong>Κάγὼ</strong></span> <span class='ocrx_word' id='word_1_540' title='bbox 3601 3675 3697 3735; x_wconf 74' lang='grc' dir='ltr'>οὖν</span> 
     </span>
    </p>
   </div>
   <div class='ocr_carea' id='block_1_70' title="bbox 2102 3771 3697 3845">
    <p class='ocr_par' dir='ltr' id='par_1_70' title="bbox 2102 3771 3697 3845">
     <span class='ocr_line' id='line_1_70' title="bbox 2102 3771 3697 3845; baseline 0.006 -25"><span class='ocrx_word' id='word_1_541' title='bbox 2102 3772 2387 3845; x_wconf 83' lang='grc' dir='ltr'>προσδοκῶ</span> <span class='ocrx_word' id='word_1_542' title='bbox 2412 3774 2519 3827; x_wconf 85' lang='grc' dir='ltr'>ὑπό</span> <span class='ocrx_word' id='word_1_543' title='bbox 2547 3790 2693 3838; x_wconf 88' lang='grc' dir='ltr'>τινος</span> <span class='ocrx_word' id='word_1_544' title='bbox 2720 3772 2830 3828; x_wconf 84' lang='grc' dir='ltr'><strong>τῶν</strong></span> <span class='ocrx_word' id='word_1_545' title='bbox 2860 3771 3265 3845; x_wconf 85' lang='grc' dir='ltr'>ὠνομασμένων</span> <span class='ocrx_word' id='word_1_546' title='bbox 3298 3772 3697 3845; x_wconf 68' lang='grc' dir='ltr'>ἐπιϐουλευθῆσ</span> 
     </span>
    </p>
   </div>
   <div class='ocr_carea' id='block_1_71' title="bbox 2097 3974 3697 4047">
    <p class='ocr_par' dir='ltr' id='par_1_71' title="bbox 2097 3974 3697 4047">
     <span class='ocr_line' id='line_1_71' title="bbox 2097 3974 3697 4047; baseline 0.001 -18"><span class='ocrx_word' id='word_1_547' title='bbox 2097 3974 2677 4047; x_wconf 73' lang='lat' dir='ltr'><strong>Animadversionibus</strong></span> <span class='ocrx_word' id='word_1_548' title='bbox 2707 3974 3050 4047; x_wconf 85' lang='lat' dir='ltr'><strong>Eusebianis,</strong></span> <span class='ocrx_word' id='word_1_549' title='bbox 3091 3989 3214 4047; x_wconf 80' lang='lat' dir='ltr'><strong>pag.</strong></span> <span class='ocrx_word' id='word_1_550' title='bbox 3257 3974 3387 4040; x_wconf 74' lang='lat' dir='ltr'><strong>20f,</strong></span> <span class='ocrx_word' id='word_1_551' title='bbox 3428 3976 3507 4031; x_wconf 85' lang='lat' dir='ltr'><strong>ait</strong></span> <span class='ocrx_word' id='word_1_552' title='bbox 3544 3975 3697 4047; x_wconf 86' lang='lat' dir='ltr'><strong>hunc</strong></span> 
     </span>
    </p>
   </div>
   <div class='ocr_carea' id='block_1_72' title="bbox 2100 4044 3696 4116">
    <p class='ocr_par' dir='ltr' id='par_1_72' title="bbox 2100 4044 3696 4116">
     <span class='ocr_line' id='line_1_72' title="bbox 2100 4044 3696 4116; baseline 0 -17"><span class='ocrx_word' id='word_1_553' title='bbox 2100 4048 2402 4100; x_wconf 86' lang='lat' dir='ltr'><strong>secundum</strong></span> <span class='ocrx_word' id='word_1_554' title='bbox 2461 4044 2660 4116; x_wconf 66' lang='lat' dir='ltr'><strong>Justini</strong></span> <span class='ocrx_word' id='word_1_555' title='bbox 2721 4044 3361 4116; x_wconf 46' lang='lat' dir='ltr'><strong>Apologeticunifcujus</strong></span> <span class='ocrx_word' id='word_1_556' title='bbox 3412 4049 3518 4101; x_wconf 90' lang='lat' dir='ltr'><strong>hoc</strong></span> <span class='ocrx_word' id='word_1_557' title='bbox 3570 4046 3696 4099; x_wconf 86' lang='lat' dir='ltr'><strong>loco</strong></span> 
     </span>
    </p>
   </div>
   <div class='ocr_carea' id='block_1_73' title="bbox 2100 4114 3696 4180">
    <p class='ocr_par' dir='ltr' id='par_1_73' title="bbox 2100 4114 3696 4180">
     <span class='ocr_line' id='line_1_73' title="bbox 2100 4114 3696 4180; baseline 0 -12"><span class='ocrx_word' id='word_1_558' title='bbox 2100 4116 2431 4169; x_wconf 82' lang='lat' dir='ltr'><strong>mentionem</strong></span> <span class='ocrx_word' id='word_1_559' title='bbox 2464 4114 2595 4170; x_wconf 88' lang='lat' dir='ltr'><strong>facit</strong></span> <span class='ocrx_word' id='word_1_560' title='bbox 2635 4114 2919 4180; x_wconf 79' lang='lat' dir='ltr'><strong>Eusebius,</strong></span> <span class='ocrx_word' id='word_1_561' title='bbox 2969 4117 3133 4171; x_wconf 86' lang='lat' dir='ltr'><strong>hodie</strong></span> <span class='ocrx_word' id='word_1_562' title='bbox 3177 4114 3282 4171; x_wconf 87' lang='lat' dir='ltr'><strong>non</strong></span> <span class='ocrx_word' id='word_1_563' title='bbox 3327 4129 3573 4178; x_wconf 81' lang='lat' dir='ltr'><strong>exstare,</strong></span> <span class='ocrx_word' id='word_1_564' title='bbox 3606 4117 3696 4169; x_wconf 89' lang='lat' dir='ltr'><strong>id-</strong></span> 
     </span>
    </p>
   </div>
   <div class='ocr_carea' id='block_1_74' title="bbox 2098 4185 3692 4257">
    <p class='ocr_par' dir='ltr' id='par_1_74' title="bbox 2098 4185 3692 4257">
     <span class='ocr_line' id='line_1_74' title="bbox 2098 4185 3692 4257; baseline -0.001 -18"><span class='ocrx_word' id='word_1_565' title='bbox 2098 4200 2203 4254; x_wconf 88' lang='lat' dir='ltr'><strong>que</strong></span> <span class='ocrx_word' id='word_1_566' title='bbox 2229 4186 2407 4257; x_wconf 78' lang='lat' dir='ltr'><strong>palam</strong></span> <span class='ocrx_word' id='word_1_567' title='bbox 2431 4200 2555 4241; x_wconf 87' lang='lat' dir='ltr'><strong>esse</strong></span> <span class='ocrx_word' id='word_1_568' title='bbox 2590 4185 2841 4241; x_wconf 81' lang='lat' dir='ltr'><strong>aiiirmat.</strong></span> <span class='ocrx_word' id='word_1_569' title='bbox 2889 4186 2949 4240; x_wconf 93' lang='lat' dir='ltr'><strong>lu</strong></span> <span class='ocrx_word' id='word_1_570' title='bbox 2991 4202 3099 4256; x_wconf 90' lang='lat' dir='ltr'><strong>quo</strong></span> <span class='ocrx_word' id='word_1_571' title='bbox 3134 4199 3311 4240; x_wconf 88' lang='lat' dir='ltr'><strong>tamen</strong></span> <span class='ocrx_word' id='word_1_572' title='bbox 3353 4187 3515 4257; x_wconf 78' lang='lat' dir='ltr'><strong>longe</strong></span> <span class='ocrx_word' id='word_1_573' title='bbox 3543 4186 3692 4239; x_wconf 79' lang='lat' dir='ltr'><strong>falli-</strong></span> 
     </span>
    </p>
   </div>
   <div class='ocr_carea' id='block_1_75' title="bbox 2100 4255 3689 4327">
    <p class='ocr_par' dir='ltr' id='par_1_75' title="bbox 2100 4255 3689 4327">
     <span class='ocr_line' id='line_1_75' title="bbox 2100 4255 3689 4327; baseline 0.003 -20"><span class='ocrx_word' id='word_1_574' title='bbox 2100 4266 2207 4327; x_wconf 79' lang='lat' dir='ltr'><strong>tur.</strong></span> <span class='ocrx_word' id='word_1_575' title='bbox 2271 4255 2485 4310; x_wconf 86' lang='lat' dir='ltr'><strong>Etenim</strong></span> <span class='ocrx_word' id='word_1_576' title='bbox 2541 4257 2828 4319; x_wconf 83' lang='lat' dir='ltr'><strong>Eusebius,</strong></span> <span class='ocrx_word' id='word_1_577' title='bbox 2884 4255 3166 4327; x_wconf 82' lang='lat' dir='ltr'><strong>postquam</strong></span> <span class='ocrx_word' id='word_1_578' title='bbox 3220 4258 3359 4311; x_wconf 74' lang='lat' dir='ltr'><strong>dixit</strong></span> <span class='ocrx_word' id='word_1_579' title='bbox 3407 4255 3689 4312; x_wconf 83' lang='lat' dir='ltr'><strong>Justinnm</strong></span> 
     </span>
    </p>
   </div>
   <div class='ocr_carea' id='block_1_76' title="bbox 2096 4326 3685 4397">
    <p class='ocr_par' dir='ltr' id='par_1_76' title="bbox 2096 4326 3685 4397">
     <span class='ocr_line' id='line_1_76' title="bbox 2096 4326 3685 4397; baseline 0.001 -17"><span class='ocrx_word' id='word_1_580' title='bbox 2096 4326 2476 4397; x_wconf 85' lang='lat' dir='ltr'><strong>philosophum</strong></span> <span class='ocrx_word' id='word_1_581' title='bbox 2525 4328 2818 4382; x_wconf 88' lang='lat' dir='ltr'><strong>secundam</strong></span> <span class='ocrx_word' id='word_1_582' title='bbox 2857 4342 2954 4395; x_wconf 86' lang='lat' dir='ltr'><strong>pro</strong></span> <span class='ocrx_word' id='word_1_583' title='bbox 3000 4326 3328 4381; x_wconf 84' lang='lat' dir='ltr'><strong>Christianis</strong></span> <span class='ocrx_word' id='word_1_584' title='bbox 3356 4327 3685 4397; x_wconf 83' lang='lat' dir='ltr'><strong>Apologiam</strong></span> 
     </span>
    </p>
   </div>
   <div class='ocr_carea' id='block_1_77' title="bbox 2097 4396 3689 4459">
    <p class='ocr_par' dir='ltr' id='par_1_77' title="bbox 2097 4396 3689 4459">
     <span class='ocr_line' id='line_1_77' title="bbox 2097 4396 3689 4459; baseline 0.001 -10"><span class='ocrx_word' id='word_1_585' title='bbox 2097 4396 2168 4451; x_wconf 83' lang='grc' dir='ltr'><strong>Μ.</strong></span> <span class='ocrx_word' id='word_1_586' title='bbox 2215 4396 2436 4451; x_wconf 86' lang='lat' dir='ltr'><strong>Aurelio</strong></span> <span class='ocrx_word' id='word_1_587' title='bbox 2478 4398 2755 4453; x_wconf 82' lang='lat' dir='ltr'><strong>Antonino</strong></span> <span class='ocrx_word' id='word_1_588' title='bbox 2799 4397 3081 4459; x_wconf 85' lang='lat' dir='ltr'><strong>obtulisse,</strong></span> <span class='ocrx_word' id='word_1_589' title='bbox 3134 4398 3319 4452; x_wconf 86' lang='lat' dir='ltr'><strong>statim</strong></span> <span class='ocrx_word' id='word_1_590' title='bbox 3365 4415 3434 4454; x_wconf 78' lang='lat' dir='ltr'><strong>ex</strong></span> <span class='ocrx_word' id='word_1_591' title='bbox 3490 4396 3689 4452; x_wconf 81' lang='lat' dir='ltr'><strong>eadem</strong></span> 
     </span>
    </p>
   </div>
   <div class='ocr_carea' id='block_1_78' title="bbox 2094 4465 3691 4538">
    <p class='ocr_par' dir='ltr' id='par_1_78' title="bbox 2094 4465 3691 4538">
     <span class='ocr_line' id='line_1_78' title="bbox 2094 4465 3691 4538; baseline -0.003 -16"><span class='ocrx_word' id='word_1_592' title='bbox 2094 4468 2343 4523; x_wconf 89' lang='lat' dir='ltr'><strong>oratione</strong></span> <span class='ocrx_word' id='word_1_593' title='bbox 2378 4466 2645 4538; x_wconf 77' lang='lat' dir='ltr'><strong>insignem</strong></span> <span class='ocrx_word' id='word_1_594' title='bbox 2692 4467 2878 4538; x_wconf 79' lang='lat' dir='ltr'><strong>locum</strong></span> <span class='ocrx_word' id='word_1_595' title='bbox 2925 4465 3104 4531; x_wconf 79' lang='lat' dir='ltr'><strong>aii‘ert,</strong></span> <span class='ocrx_word' id='word_1_596' title='bbox 3156 4482 3264 4536; x_wconf 86' lang='lat' dir='ltr'><strong>quo</strong></span> <span class='ocrx_word' id='word_1_597' title='bbox 3291 4465 3547 4522; x_wconf 83' lang='lat' dir='ltr'><strong>Justinus</strong></span> <span class='ocrx_word' id='word_1_598' title='bbox 3585 4471 3691 4521; x_wconf 70' lang='lat' dir='ltr'><strong>ait-</strong></span> 
     </span>
    </p>
   </div>
   <div class='ocr_carea' id='block_1_79' title="bbox 2093 4537 3699 4608">
    <p class='ocr_par' dir='ltr' id='par_1_79' title="bbox 2093 4537 3699 4608">
     <span class='ocr_line' id='line_1_79' title="bbox 2093 4537 3699 4608; baseline -0.001 -18"><span class='ocrx_word' id='word_1_599' title='bbox 2093 4552 2283 4594; x_wconf 84' lang='lat' dir='ltr'><strong>versus</strong></span> <span class='ocrx_word' id='word_1_600' title='bbox 2311 4537 2659 4593; x_wconf 85' lang='lat' dir='ltr'><strong>Crescentem</strong></span> <span class='ocrx_word' id='word_1_601' title='bbox 2677 4537 2942 4608; x_wconf 86' lang='lat' dir='ltr'><strong>Cynicum</strong></span> <span class='ocrx_word' id='word_1_602' title='bbox 2972 4537 3350 4608; x_wconf 84' lang='lat' dir='ltr'><strong>philosophum</strong></span> <span class='ocrx_word' id='word_1_603' title='bbox 3384 4540 3699 4595; x_wconf 76' lang='lat' dir='ltr'><strong>invehitur.</strong></span> 
     </span>
    </p>
   </div>
   <div class='ocr_carea' id='block_1_80' title="bbox 2095 4606 3684 4678">
    <p class='ocr_par' dir='ltr' id='par_1_80' title="bbox 2095 4606 3684 4678">
     <span class='ocr_line' id='line_1_80' title="bbox 2095 4606 3684 4678; baseline 0 -18"><span class='ocrx_word' id='word_1_604' title='bbox 2095 4609 2197 4673; x_wconf 82' lang='lat' dir='ltr'><strong>Qui</strong></span> <span class='ocrx_word' id='word_1_605' title='bbox 2231 4609 2447 4678; x_wconf 81' lang='lat' dir='ltr'><strong>quidem</strong></span> <span class='ocrx_word' id='word_1_606' title='bbox 2499 4608 2649 4663; x_wconf 86' lang='lat' dir='ltr'><strong>locus</strong></span> <span class='ocrx_word' id='word_1_607' title='bbox 2699 4606 2859 4678; x_wconf 77' lang='lat' dir='ltr'><strong>hodie</strong></span> <span class='ocrx_word' id='word_1_608' title='bbox 2889 4617 3064 4678; x_wconf 77' lang='lat' dir='ltr'><strong>ex_stat</strong></span> <span class='ocrx_word' id='word_1_609' title='bbox 3116 4609 3168 4678; x_wconf 71' lang='lat' dir='ltr'><strong>in</strong></span> <span class='ocrx_word' id='word_1_610' title='bbox 3212 4606 3473 4676; x_wconf 83' lang='lat' dir='ltr'><strong>Apologia</strong></span> <span class='ocrx_word' id='word_1_611' title='bbox 3503 4611 3684 4676; x_wconf 82' lang='lat' dir='ltr'><strong>prima</strong></span> 
     </span>
    </p>
   </div>
   <div class='ocr_carea' id='block_1_81' title="bbox 404 4674 3691 4748">
    <p class='ocr_par' dir='ltr' id='par_1_81' title="bbox 404 4674 3691 4748">
     <span class='ocr_line' id='line_1_81' title="bbox 404 4674 3691 4748; baseline 0.002 -23"><span class='ocrx_word' id='word_1_612' title='bbox 404 4687 521 4748; x_wconf 84' lang='lat' dir='ltr'><strong>ram</strong></span> <span class='ocrx_word' id='word_1_613' title='bbox 556 4689 677 4740; x_wconf 75' lang='lat' dir='ltr'><strong>qua:</strong></span> <span class='ocrx_word' id='word_1_614' title='bbox 705 4674 771 4728; x_wconf 92' lang='lat' dir='ltr'><strong>de</strong></span> <span class='ocrx_word' id='word_1_615' title='bbox 804 4674 1112 4746; x_wconf 84' lang='lat' dir='ltr'><strong>Polycar-pi,</strong></span> <span class='ocrx_word' id='word_1_616' title='bbox 1144 4675 1369 4748; x_wconf 84' lang='lat' dir='ltr'><strong>alteram</strong></span> <span class='ocrx_word' id='word_1_617' title='bbox 1399 4691 1520 4746; x_wconf 65' lang='lat' dir='ltr'><strong>qua:</strong></span> <span class='ocrx_word' id='word_1_618' title='bbox 1541 4678 1606 4731; x_wconf 90' lang='lat' dir='ltr'><strong>de</strong></span> <span class='ocrx_word' id='word_1_619' title='bbox 1638 4676 1990 4748; x_wconf 84' lang='lat' dir='ltr'><strong>Pioniimar—</strong></span> <span class='ocrx_word' id='word_1_620' title='bbox 2023 4674 2067 4728; x_wconf 88' lang='lat' dir='ltr'><strong>D</strong></span> <span class='ocrx_word' id='word_1_621' title='bbox 2095 4674 2335 4744; x_wconf 77' lang='lat' dir='ltr'><strong>ejusdem</strong></span> <span class='ocrx_word' id='word_1_622' title='bbox 2357 4677 2575 4742; x_wconf 84' lang='lat' dir='ltr'><strong>Justiui,</strong></span> <span class='ocrx_word' id='word_1_623' title='bbox 2602 4677 2812 4748; x_wconf 61' lang='lat'><strong>[3:13.46</strong></span> <span class='ocrx_word' id='word_1_624' title='bbox 2835 4676 3089 4748; x_wconf 88' lang='lat' dir='ltr'><strong>editionis</strong></span> <span class='ocrx_word' id='word_1_625' title='bbox 3114 4674 3441 4748; x_wconf 83' lang='lat' dir='ltr'><strong>Parisiensis</strong></span> <span class='ocrx_word' id='word_1_626' title='bbox 3472 4674 3691 4734; x_wconf 66' lang='lat' dir='ltr'><strong>Graeco-</strong></span> 
     </span>
    </p>
   </div>
   <div class='ocr_carea' id='block_1_82' title="bbox 405 4743 1991 4817">
    <p class='ocr_par' dir='ltr' id='par_1_82' title="bbox 405 4743 1991 4817">
     <span class='ocr_line' id='line_1_82' title="bbox 405 4743 1991 4817; baseline 0.005 -23"><span class='ocrx_word' id='word_1_627' title='bbox 405 4743 547 4812; x_wconf 88' lang='lat' dir='ltr'><strong>t&#39;yrio</strong></span> <span class='ocrx_word' id='word_1_628' title='bbox 587 4758 831 4817; x_wconf 82' lang='lat' dir='ltr'><strong>seorsum</strong></span> <span class='ocrx_word' id='word_1_629' title='bbox 880 4743 1438 4817; x_wconf 67' lang='lat' dir='ltr'><strong>commemoraveritE</strong></span> <span class='ocrx_word' id='word_1_630' title='bbox 1497 4748 1696 4817; x_wconf 84' lang='lat' dir='ltr'><strong>quibus</strong></span> <span class='ocrx_word' id='word_1_631' title='bbox 1746 4747 1991 4815; x_wconf 86' lang='lat' dir='ltr'><strong>subjecta</strong></span> 
     </span>
    </p>
   </div>
   <div class='ocr_carea' id='block_1_83' title="bbox 401 4812 1991 4894">
    <p class='ocr_par' dir='ltr' id='par_1_83' title="bbox 401 4812 1991 4894">
     <span class='ocr_line' id='line_1_83' title="bbox 401 4812 1991 4894; baseline 0.004 -29"><span class='ocrx_word' id='word_1_632' title='bbox 401 4821 562 4894; x_wconf 73' lang='lat' dir='ltr'><strong>erant</strong></span> <span class='ocrx_word' id='word_1_633' title='bbox 590 4812 720 4894; x_wconf 65' lang='lat' dir='ltr'><strong>Actu</strong></span> <span class='ocrx_word' id='word_1_634' title='bbox 745 4816 1035 4894; x_wconf 56' lang='lat' dir='ltr'><strong>passionis</strong></span> <span class='ocrx_word' id='word_1_635' title='bbox 1048 4816 1211 4894; x_wconf 84' lang='lat' dir='ltr'><strong>Carpi</strong></span> <span class='ocrx_word' id='word_1_636' title='bbox 1240 4812 1534 4894; x_wconf 28' lang='lat' dir='ltr'><strong>etﬁPapuii:</strong></span> <span class='ocrx_word' id='word_1_637' title='bbox 1568 4816 1733 4872; x_wconf 89' lang='lat' dir='ltr'><strong>Certe</strong></span> <span class='ocrx_word' id='word_1_638' title='bbox 1769 4812 1991 4872; x_wconf 85' lang='lat' dir='ltr'><strong>Pionius</strong></span> 
     </span>
    </p>
   </div>
   <div class='ocr_carea' id='block_1_84' title="bbox 405 4884 1991 4956">
    <p class='ocr_par' dir='ltr' id='par_1_84' title="bbox 405 4884 1991 4956">
     <span class='ocr_line' id='line_1_84' title="bbox 405 4884 1991 4956; baseline 0.004 -22"><span class='ocrx_word' id='word_1_639' title='bbox 405 4884 644 4956; x_wconf 84' lang='lat' dir='ltr'><strong>itemque</strong></span> <span class='ocrx_word' id='word_1_640' title='bbox 674 4884 882 4954; x_wconf 79' lang='lat' dir='ltr'><strong>Carpus</strong></span> <span class='ocrx_word' id='word_1_641' title='bbox 912 4896 967 4941; x_wconf 88' lang='lat' dir='ltr'><strong>et</strong></span> <span class='ocrx_word' id='word_1_642' title='bbox 1002 4884 1256 4956; x_wconf 87' lang='lat' dir='ltr'><strong>Papuins,</strong></span> <span class='ocrx_word' id='word_1_643' title='bbox 1296 4884 1458 4941; x_wconf 86' lang='lat' dir='ltr'><strong>Decio</strong></span> <span class='ocrx_word' id='word_1_644' title='bbox 1484 4889 1806 4956; x_wconf 86' lang='lat' dir='ltr'><strong>imperante,</strong></span> <span class='ocrx_word' id='word_1_645' title='bbox 1843 4904 1991 4941; x_wconf 88' lang='lat' dir='ltr'><strong>mar-</strong></span> 
     </span>
    </p>
   </div>
   <div class='ocr_carea' id='block_1_85' title="bbox 405 4953 1987 5027">
    <p class='ocr_par' dir='ltr' id='par_1_85' title="bbox 405 4953 1987 5027">
     <span class='ocr_line' id='line_1_85' title="bbox 405 4953 1987 5027; baseline 0.004 -22"><span class='ocrx_word' id='word_1_646' title='bbox 405 4953 607 5027; x_wconf 79' lang='lat' dir='ltr'><strong>tyrium</strong></span> <span class='ocrx_word' id='word_1_647' title='bbox 641 4953 793 5022; x_wconf 86' lang='lat' dir='ltr'><strong>passi</strong></span> <span class='ocrx_word' id='word_1_648' title='bbox 815 4966 964 5016; x_wconf 87' lang='lat' dir='ltr'><strong>sunt.</strong></span> <span class='ocrx_word' id='word_1_649' title='bbox 992 4966 1053 5027; x_wconf 88' lang='lat' dir='ltr'><strong>ut</strong></span> <span class='ocrx_word' id='word_1_650' title='bbox 1081 4953 1272 5013; x_wconf 83' lang='lat' dir='ltr'><strong>eorum</strong></span> <span class='ocrx_word' id='word_1_651' title='bbox 1305 4957 1439 5011; x_wconf 82' lang='lat' dir='ltr'><strong>Acta</strong></span> <span class='ocrx_word' id='word_1_652' title='bbox 1475 4953 1743 5027; x_wconf 87' lang='lat' dir='ltr'><strong>hodieque</strong></span> <span class='ocrx_word' id='word_1_653' title='bbox 1779 4967 1987 5014; x_wconf 85' lang='lat' dir='ltr'><strong>testan-</strong></span> 
     </span>
    </p>
   </div>
   <div class='ocr_carea' id='block_1_86' title="bbox 404 5024 1984 5097">
    <p class='ocr_par' dir='ltr' id='par_1_86' title="bbox 404 5024 1984 5097">
     <span class='ocr_line' id='line_1_86' title="bbox 404 5024 1984 5097; baseline 0.004 -20"><span class='ocrx_word' id='word_1_654' title='bbox 404 5035 516 5097; x_wconf 79' lang='lat' dir='ltr'><strong>tur.</strong></span> <span class='ocrx_word' id='word_1_655' title='bbox 543 5024 723 5090; x_wconf 80' lang='lat' dir='ltr'><strong>Quare</strong></span> <span class='ocrx_word' id='word_1_656' title='bbox 743 5028 924 5093; x_wconf 81' lang='lat' dir='ltr'><strong>passio</strong></span> <span class='ocrx_word' id='word_1_657' title='bbox 947 5026 1163 5083; x_wconf 90' lang='lat' dir='ltr'><strong>illorum</strong></span> <span class='ocrx_word' id='word_1_658' title='bbox 1192 5027 1384 5083; x_wconf 90' lang='lat' dir='ltr'><strong>referri</strong></span> <span class='ocrx_word' id='word_1_659' title='bbox 1415 5043 1520 5083; x_wconf 90' lang='lat' dir='ltr'><strong>non</strong></span> <span class='ocrx_word' id='word_1_660' title='bbox 1554 5024 1728 5097; x_wconf 80' lang='lat' dir='ltr'><strong>potuit</strong></span> <span class='ocrx_word' id='word_1_661' title='bbox 1757 5029 1809 5083; x_wconf 90' lang='lat' dir='ltr'><strong>in</strong></span> <span class='ocrx_word' id='word_1_662' title='bbox 1837 5029 1984 5083; x_wconf 78' lang='lat' dir='ltr'><strong>dicta</strong></span> 
     </span>
    </p>
   </div>
   <div class='ocr_carea' id='block_1_87' title="bbox 404 5095 1984 5170">
    <p class='ocr_par' dir='ltr' id='par_1_87' title="bbox 404 5095 1984 5170">
     <span class='ocr_line' id='line_1_87' title="bbox 404 5095 1984 5170; baseline 0.004 -24"><span class='ocrx_word' id='word_1_663' title='bbox 404 5095 809 5170; x_wconf 72' lang='lat' dir='ltr'><strong>Sniyrnacorutn</strong></span> <span class='ocrx_word' id='word_1_664' title='bbox 841 5098 1092 5170; x_wconf 82' lang='lat' dir='ltr'><strong>epistola,</strong></span> <span class='ocrx_word' id='word_1_665' title='bbox 1122 5113 1244 5165; x_wconf 67' lang='lat' dir='ltr'><strong>qua:</strong></span> <span class='ocrx_word' id='word_1_666' title='bbox 1291 5098 1361 5154; x_wconf 89' lang='lat' dir='ltr'><strong>de</strong></span> <span class='ocrx_word' id='word_1_667' title='bbox 1393 5095 1697 5170; x_wconf 78' lang='lat' dir='ltr'><strong>Polycarpi_</strong></span> <span class='ocrx_word' id='word_1_668' title='bbox 1720 5099 1984 5170; x_wconf 86' lang='lat' dir='ltr'><strong>martyrio</strong></span> 
     </span>
    </p>
   </div>
   <div class='ocr_carea' id='block_1_88' title="bbox 400 5165 1981 5235">
    <p class='ocr_par' dir='ltr' id='par_1_88' title="bbox 400 5165 1981 5235">
     <span class='ocr_line' id='line_1_88' title="bbox 400 5165 1981 5235; baseline 0.003 -18"><span class='ocrx_word' id='word_1_669' title='bbox 400 5165 578 5220; x_wconf 88' lang='lat' dir='ltr'><strong>adhuc</strong></span> <span class='ocrx_word' id='word_1_670' title='bbox 601 5166 809 5235; x_wconf 87' lang='lat' dir='ltr'><strong>recenti</strong></span> <span class='ocrx_word' id='word_1_671' title='bbox 857 5165 1059 5235; x_wconf 85' lang='lat' dir='ltr'><strong>scripta</strong></span> <span class='ocrx_word' id='word_1_672' title='bbox 1093 5179 1179 5223; x_wconf 90' lang='lat' dir='ltr'><strong>est</strong></span> <span class='ocrx_word' id='word_1_673' title='bbox 1213 5173 1280 5223; x_wconf 89' lang='lat' dir='ltr'><strong>ad</strong></span> <span class='ocrx_word' id='word_1_674' title='bbox 1323 5165 1635 5224; x_wconf 60' lang='lat' dir='ltr'><strong>Ecclesiam&#39;</strong></span> <span class='ocrx_word' id='word_1_675' title='bbox 1671 5165 1981 5225; x_wconf 75' lang='lat' dir='ltr'><strong>Philonielii</strong></span> 
     </span>
    </p>
   </div>
   <div class='ocr_carea' id='block_1_89' title="bbox 404 5234 1984 5305">
    <p class='ocr_par' dir='ltr' id='par_1_89' title="bbox 404 5234 1984 5305">
     <span class='ocr_line' id='line_1_89' title="bbox 404 5234 1984 5305; baseline 0.001 -18"><span class='ocrx_word' id='word_1_676' title='bbox 404 5235 736 5305; x_wconf 85' lang='lat' dir='ltr'><strong>temporibus</strong></span> <span class='ocrx_word' id='word_1_677' title='bbox 766 5234 932 5293; x_wconf 78' lang='lat' dir='ltr'><strong>Marci</strong></span> <span class='ocrx_word' id='word_1_678' title='bbox 960 5234 1248 5294; x_wconf 88' lang='lat' dir='ltr'><strong>Antonini.</strong></span> <span class='ocrx_word' id='word_1_679' title='bbox 1280 5238 1412 5294; x_wconf 82' lang='lat' dir='ltr'><strong>Vide</strong></span> <span class='ocrx_word' id='word_1_680' title='bbox 1458 5239 1747 5293; x_wconf 80' lang='lat' dir='ltr'><strong>Barouium</strong></span> <span class='ocrx_word' id='word_1_681' title='bbox 1780 5240 1846 5293; x_wconf 85' lang='lat' dir='ltr'><strong>ad</strong></span> <span class='ocrx_word' id='word_1_682' title='bbox 1877 5254 1984 5293; x_wconf 83' lang='lat' dir='ltr'><strong>an-</strong></span> 
     </span>
    </p>
   </div>
   <div class='ocr_carea' id='block_1_90' title="bbox 401 5306 1982 5379">
    <p class='ocr_par' dir='ltr' id='par_1_90' title="bbox 401 5306 1982 5379">
     <span class='ocr_line' id='line_1_90' title="bbox 401 5306 1982 5379; baseline 0.006 -23"><span class='ocrx_word' id='word_1_683' title='bbox 401 5320 530 5379; x_wconf 71' lang='lat' dir='ltr'><strong>num</strong></span> <span class='ocrx_word' id='word_1_684' title='bbox 573 5306 779 5379; x_wconf 81' lang='lat' dir='ltr'><strong>Christi</strong></span> <span class='ocrx_word' id='word_1_685' title='bbox 837 5307 962 5379; x_wconf 71' lang='grc'><strong>169.</strong></span> <span class='ocrx_word' id='word_1_686' title='bbox 1006 5323 1129 5379; x_wconf 81' lang='lat' dir='ltr'><strong>cap.</strong></span> <span class='ocrx_word' id='word_1_687' title='bbox 1173 5309 1265 5376; x_wconf 73' lang='lat'><strong>22,</strong></span> <span class='ocrx_word' id='word_1_688' title='bbox 1313 5318 1367 5363; x_wconf 89' lang='lat' dir='ltr'><strong>et</strong></span> <span class='ocrx_word' id='word_1_689' title='bbox 1418 5309 1692 5365; x_wconf 88' lang='lat' dir='ltr'><strong>Usserium</strong></span> <span class='ocrx_word' id='word_1_690' title='bbox 1728 5312 1782 5363; x_wconf 89' lang='lat' dir='ltr'><strong>in</strong></span> <span class='ocrx_word' id='word_1_691' title='bbox 1842 5309 1982 5365; x_wconf 88' lang='lat' dir='ltr'><strong>libro</strong></span> 
     </span>
    </p>
   </div>
   <div class='ocr_carea' id='block_1_91' title="bbox 404 5373 1903 5447">
    <p class='ocr_par' dir='ltr' id='par_1_91' title="bbox 404 5373 1903 5447">
     <span class='ocr_line' id='line_1_91' title="bbox 404 5373 1903 5447; baseline 0.003 -20"><span class='ocrx_word' id='word_1_692' title='bbox 404 5373 480 5427; x_wconf 85' lang='lat' dir='ltr'><strong>De</strong></span> <span class='ocrx_word' id='word_1_693' title='bbox 502 5392 643 5447; x_wconf 65' lang='lat' dir='ltr'><strong>anno</strong></span> <span class='ocrx_word' id='word_1_694' title='bbox 675 5378 842 5432; x_wconf 79' lang='lat' dir='ltr'><strong>solari</strong></span> <span class='ocrx_word' id='word_1_695' title='bbox 867 5373 1217 5433; x_wconf 70' lang='lat' dir='ltr'><strong>Macedonum</strong></span> <span class='ocrx_word' id='word_1_696' title='bbox 1240 5373 1290 5434; x_wconf 69' lang='lat' dir='ltr'><strong>et</strong></span> <span class='ocrx_word' id='word_1_697' title='bbox 1326 5379 1667 5444; x_wconf 78' lang='lat' dir='ltr'><strong>Asianorum,</strong></span> <span class='ocrx_word' id='word_1_698' title='bbox 1697 5394 1817 5447; x_wconf 87' lang='lat' dir='ltr'><strong>cap.</strong></span> <span class='ocrx_word' id='word_1_699' title='bbox 1850 5378 1903 5432; x_wconf 78' lang='lat'><strong>5.</strong></span> 
     </span>
    </p>
   </div>
   <div class='ocr_carea' id='block_1_92' title="bbox 472 5444 1985 5519">
    <p class='ocr_par' dir='ltr' id='par_1_92' title="bbox 472 5444 1985 5519">
     <span class='ocr_line' id='line_1_92' title="bbox 472 5444 1985 5519; baseline 0.003 -20"><span class='ocrx_word' id='word_1_700' title='bbox 472 5444 586 5519; x_wconf 58' lang='grc' dir='ltr'><strong>(βο)</strong></span> <span class='ocrx_word' id='word_1_701' title='bbox 624 5449 911 5518; x_wconf 80' lang='grc' dir='ltr'>Δεύτερον</span> <span class='ocrx_word' id='word_1_702' title='bbox 948 5448 1102 5517; x_wconf 82' lang='grc' dir='ltr'>ὑπὲρ</span> <span class='ocrx_word' id='word_1_703' title='bbox 1126 5447 1267 5503; x_wconf 73' lang='grc' dir='ltr'>’τῶν</span> <span class='ocrx_word' id='word_1_704' title='bbox 1297 5450 1427 5505; x_wconf 85' lang='grc' dir='ltr'>καθ’</span> <span class='ocrx_word' id='word_1_705' title='bbox 1468 5447 1626 5518; x_wconf 76' lang='grc' dir='ltr'><strong>ἡμᾶς</strong></span> <span class='ocrx_word' id='word_1_706' title='bbox 1672 5444 1985 5519; x_wconf 48' lang='grc' dir='ltr'><strong>ὁρῇ-μάτω-</strong></span> 
     </span>
    </p>
   </div>
   <div class='ocr_carea' id='block_1_93' title="bbox 396 5515 1985 5589">
    <p class='ocr_par' dir='ltr' id='par_1_93' title="bbox 396 5515 1985 5589">
     <span class='ocr_line' id='line_1_93' title="bbox 396 5515 1985 5589; baseline 0.004 -21"><span class='ocrx_word' id='word_1_707' title='bbox 396 5515 644 5580; x_wconf 76' lang='grc' dir='ltr'>,ϐιϐλίογ</span> <span class='ocrx_word' id='word_1_708' title='bbox 666 5515 947 5585; x_wconf 78' lang='grc' dir='ltr'>ἀναδούς.</span> <span class='ocrx_word' id='word_1_709' title='bbox 969 5515 1238 5574; x_wconf 78' lang='lat' dir='ltr'><strong>Eusebius</strong></span> <span class='ocrx_word' id='word_1_710' title='bbox 1261 5521 1400 5573; x_wconf 83' lang='lat' dir='ltr'><strong>infra</strong></span> <span class='ocrx_word' id='word_1_711' title='bbox 1419 5515 1536 5589; x_wconf 72' lang='lat' dir='ltr'><strong>cap.</strong></span> <span class='ocrx_word' id='word_1_712' title='bbox 1555 5515 1617 5574; x_wconf 80' lang='lat' dir='ltr'><strong>l7</strong></span> <span class='ocrx_word' id='word_1_713' title='bbox 1656 5515 1985 5589; x_wconf 73' lang='lat' dir='ltr'><strong>mentionem</strong></span> 
     </span>
    </p>
   </div>
   <div class='ocr_carea' id='block_1_94' title="bbox 402 5588 1985 5660">
    <p class='ocr_par' dir='ltr' id='par_1_94' title="bbox 402 5588 1985 5660">
     <span class='ocr_line' id='line_1_94' title="bbox 402 5588 1985 5660; baseline -0.001 -20"><span class='ocrx_word' id='word_1_714' title='bbox 402 5596 599 5660; x_wconf 66' lang='lat' dir='ltr'><strong>uerum</strong></span> <span class='ocrx_word' id='word_1_715' title='bbox 631 5590 773 5660; x_wconf 70' lang='lat' dir='ltr'><strong>facit</strong></span> <span class='ocrx_word' id='word_1_716' title='bbox 812 5592 986 5660; x_wconf 86' lang='lat' dir='ltr'><strong>hujus</strong></span> <span class='ocrx_word' id='word_1_717' title='bbox 1026 5592 1249 5644; x_wconf 91' lang='lat' dir='ltr'><strong>secundi</strong></span> <span class='ocrx_word' id='word_1_718' title='bbox 1295 5588 1643 5660; x_wconf 74' lang='lat' dir='ltr'><strong>Apologetici,</strong></span> <span class='ocrx_word' id='word_1_719' title='bbox 1686 5604 1851 5660; x_wconf 83' lang='lat' dir='ltr'><strong>quem</strong></span> <span class='ocrx_word' id='word_1_720' title='bbox 1890 5588 1985 5642; x_wconf 85' lang='lat' dir='ltr'><strong>.Iu-</strong></span> 
     </span>
    </p>
   </div>
   <div class='ocr_carea' id='block_1_95' title="bbox 400 5657 1982 5729">
    <p class='ocr_par' dir='ltr' id='par_1_95' title="bbox 400 5657 1982 5729">
     <span class='ocr_line' id='line_1_95' title="bbox 400 5657 1982 5729; baseline 0.004 -22"><span class='ocrx_word' id='word_1_721' title='bbox 400 5657 581 5729; x_wconf 78' lang='lat' dir='ltr'><strong>stinns</strong></span> <span class='ocrx_word' id='word_1_722' title='bbox 630 5657 757 5726; x_wconf 91' lang='lat' dir='ltr'><strong>imp.</strong></span> <span class='ocrx_word' id='word_1_723' title='bbox 804 5657 1149 5714; x_wconf 30' lang='lat' dir='ltr'><strong>M.’Aureiio</strong></span> <span class='ocrx_word' id='word_1_724' title='bbox 1191 5657 1484 5715; x_wconf 59' lang='lat' dir='ltr'><strong>Antoniuo&#39;</strong></span> <span class='ocrx_word' id='word_1_725' title='bbox 1515 5676 1611 5729; x_wconf 90' lang='lat' dir='ltr'><strong>pro</strong></span> <span class='ocrx_word' id='word_1_726' title='bbox 1652 5657 1982 5714; x_wconf 79' lang='lat' dir='ltr'><strong>Christianis</strong></span> 
     </span>
    </p>
   </div>
   <div class='ocr_carea' id='block_1_96' title="bbox 400 5727 1983 5804">
    <p class='ocr_par' dir='ltr' id='par_1_96' title="bbox 400 5727 1983 5804">
     <span class='ocr_line' id='line_1_96' title="bbox 400 5727 1983 5804; baseline 0.004 -27"><span class='ocrx_word' id='word_1_727' title='bbox 400 5727 973 5804; x_wconf 24' lang='lat' dir='ltr'><strong>dicureratxiﬁjusdem</strong></span> <span class='ocrx_word' id='word_1_728' title='bbox 1006 5728 1128 5804; x_wconf 80' lang='lat' dir='ltr'><strong>libri</strong></span> <span class='ocrx_word' id='word_1_729' title='bbox 1156 5731 1404 5804; x_wconf 78' lang='lat' dir='ltr'><strong>meminit</strong></span> <span class='ocrx_word' id='word_1_730' title='bbox 1427 5727 1589 5804; x_wconf 72' lang='lat' dir='ltr'><strong>etiam</strong></span> <span class='ocrx_word' id='word_1_731' title='bbox 1620 5729 1983 5804; x_wconf 74' lang='lat' dir='ltr'><strong>Hieronymus</strong></span> 
     </span>
    </p>
   </div>
   <div class='ocr_carea' id='block_1_97' title="bbox 406 5797 1979 5869">
    <p class='ocr_par' dir='ltr' id='par_1_97' title="bbox 406 5797 1979 5869">
     <span class='ocr_line' id='line_1_97' title="bbox 406 5797 1979 5869; baseline 0.004 -21"><span class='ocrx_word' id='word_1_732' title='bbox 406 5797 458 5849; x_wconf 88' lang='lat' dir='ltr'><strong>iu</strong></span> <span class='ocrx_word' id='word_1_733' title='bbox 479 5810 643 5863; x_wconf 79' lang='lat' dir='ltr'><strong>opere</strong></span> <span class='ocrx_word' id='word_1_734' title='bbox 693 5797 765 5855; x_wconf 77' lang='lat' dir='ltr'><strong>De</strong></span> <span class='ocrx_word' id='word_1_735' title='bbox 810 5800 1152 5869; x_wconf 78' lang='lat' dir='ltr'><strong>scriptoribus</strong></span> <span class='ocrx_word' id='word_1_736' title='bbox 1203 5799 1587 5854; x_wconf 64' lang='lat' dir='ltr'><strong>ecclesiasticis.</strong></span> <span class='ocrx_word' id='word_1_737' title='bbox 1626 5797 1872 5868; x_wconf 73' lang='lat' dir='ltr'><strong>Scaliger</strong></span> <span class='ocrx_word' id='word_1_738' title='bbox 1925 5801 1979 5855; x_wconf 85' lang='lat' dir='ltr'><strong>in</strong></span> 
     </span>
    </p>
   </div>
   <div class='ocr_carea' id='block_1_98' title="bbox 2096 4747 3690 4816">
    <p class='ocr_par' dir='ltr' id='par_1_98' title="bbox 2096 4747 3690 4816">
     <span class='ocr_line' id='line_1_98' title="bbox 2096 4747 3690 4816; baseline -0.002 -14"><span class='ocrx_word' id='word_1_739' title='bbox 2096 4750 2321 4803; x_wconf 61' lang='lat' dir='ltr'><strong>Latinae.</strong></span> <span class='ocrx_word' id='word_1_740' title='bbox 2353 4749 2551 4803; x_wconf 86' lang='lat' dir='ltr'><strong>Verum</strong></span> <span class='ocrx_word' id='word_1_741' title='bbox 2590 4747 2641 4801; x_wconf 83' lang='lat' dir='ltr'><strong>in</strong></span> <span class='ocrx_word' id='word_1_742' title='bbox 2680 4747 2914 4816; x_wconf 82' lang='lat' dir='ltr'><strong>vulgatis</strong></span> <span class='ocrx_word' id='word_1_743' title='bbox 2941 4747 3141 4802; x_wconf 85' lang='lat' dir='ltr'><strong>.lnstini</strong></span> <span class='ocrx_word' id='word_1_744' title='bbox 3166 4747 3526 4812; x_wconf 85' lang='lat' dir='ltr'><strong>cditionibus,</strong></span> <span class='ocrx_word' id='word_1_745' title='bbox 3560 4764 3690 4802; x_wconf 79' lang='lat' dir='ltr'><strong>ora-</strong></span> 
     </span>
    </p>
   </div>
   <div class='ocr_carea' id='block_1_99' title="bbox 2097 4818 3686 4887">
    <p class='ocr_par' dir='ltr' id='par_1_99' title="bbox 2097 4818 3686 4887">
     <span class='ocr_line' id='line_1_99' title="bbox 2097 4818 3686 4887; baseline -0.001 -15"><span class='ocrx_word' id='word_1_746' title='bbox 2097 4821 2273 4874; x_wconf 87' lang='lat' dir='ltr'><strong>tiones</strong></span> <span class='ocrx_word' id='word_1_747' title='bbox 2299 4819 2443 4873; x_wconf 91' lang='lat' dir='ltr'><strong>illius</strong></span> <span class='ocrx_word' id='word_1_748' title='bbox 2476 4818 2821 4887; x_wconf 79' lang='lat' dir='ltr'><strong>apologetica:</strong></span> <span class='ocrx_word' id='word_1_749' title='bbox 2862 4829 3191 4886; x_wconf 67' lang='lat' dir='ltr'><strong>praepostero</strong></span> <span class='ocrx_word' id='word_1_750' title='bbox 3216 4820 3417 4874; x_wconf 87' lang='lat' dir='ltr'><strong>ordine</strong></span> <span class='ocrx_word' id='word_1_751' title='bbox 3440 4818 3686 4874; x_wconf 84' lang='lat' dir='ltr'><strong>colloca-</strong></span> 
     </span>
    </p>
   </div>
   <div class='ocr_carea' id='block_1_100' title="bbox 2096 4887 3684 4958">
    <p class='ocr_par' dir='ltr' id='par_1_100' title="bbox 2096 4887 3684 4958">
     <span class='ocr_line' id='line_1_100' title="bbox 2096 4887 3684 4958; baseline 0 -17"><span class='ocrx_word' id='word_1_752' title='bbox 2096 4899 2161 4943; x_wconf 71' lang='lat' dir='ltr'><strong>ta:</strong></span> <span class='ocrx_word' id='word_1_753' title='bbox 2177 4899 2323 4943; x_wconf 89' lang='lat' dir='ltr'><strong>sunt.</strong></span> <span class='ocrx_word' id='word_1_754' title='bbox 2350 4888 2482 4943; x_wconf 72' lang='lat' dir='ltr'><strong>Nam</strong></span> <span class='ocrx_word' id='word_1_755' title='bbox 2511 4903 2629 4958; x_wconf 68' lang='lat' dir='ltr'><strong>quae</strong></span> <span class='ocrx_word' id='word_1_756' title='bbox 2652 4887 2885 4958; x_wconf 81' lang='lat' dir='ltr'><strong>secunda</strong></span> <span class='ocrx_word' id='word_1_757' title='bbox 2906 4892 3123 4955; x_wconf 91' lang='lat' dir='ltr'><strong>ponitur</strong></span> <span class='ocrx_word' id='word_1_758' title='bbox 3154 4889 3206 4941; x_wconf 94' lang='lat' dir='ltr'><strong>in</strong></span> <span class='ocrx_word' id='word_1_759' title='bbox 3248 4890 3469 4943; x_wconf 77' lang='lat' dir='ltr'><strong>excusis</strong></span> <span class='ocrx_word' id='word_1_760' title='bbox 3491 4904 3684 4943; x_wconf 78' lang='lat' dir='ltr'><strong>exem-</strong></span> 
     </span>
    </p>
   </div>
   <div class='ocr_carea' id='block_1_101' title="bbox 2092 4956 3681 5029">
    <p class='ocr_par' dir='ltr' id='par_1_101' title="bbox 2092 4956 3681 5029">
     <span class='ocr_line' id='line_1_101' title="bbox 2092 4956 3681 5029; baseline 0 -18"><span class='ocrx_word' id='word_1_761' title='bbox 2092 4960 2361 5029; x_wconf 86' lang='lat' dir='ltr'><strong>plaribus,</strong></span> <span class='ocrx_word' id='word_1_762' title='bbox 2391 4974 2455 5012; x_wconf 89' lang='lat' dir='ltr'><strong>ea</strong></span> <span class='ocrx_word' id='word_1_763' title='bbox 2506 4956 2690 5027; x_wconf 75' lang='lat' dir='ltr'><strong>priore</strong></span> <span class='ocrx_word' id='word_1_764' title='bbox 2727 4956 2847 5012; x_wconf 87' lang='lat' dir='ltr'><strong>loco</strong></span> <span class='ocrx_word' id='word_1_765' title='bbox 2876 4958 3001 5027; x_wconf 85' lang='lat' dir='ltr'><strong>poni</strong></span> <span class='ocrx_word' id='word_1_766' title='bbox 3038 4958 3244 5011; x_wconf 88' lang='lat' dir='ltr'><strong>debuit.</strong></span> <span class='ocrx_word' id='word_1_767' title='bbox 3275 4958 3409 5023; x_wconf 60' lang='lat' dir='ltr'><strong>Quae</strong></span> <span class='ocrx_word' id='word_1_768' title='bbox 3458 4973 3589 5029; x_wconf 81' lang='lat' dir='ltr'><strong>vero</strong></span> <span class='ocrx_word' id='word_1_769' title='bbox 3622 4960 3681 5012; x_wconf 81' lang='lat' dir='ltr'><strong>in</strong></span> 
     </span>
    </p>
   </div>
   <div class='ocr_carea' id='block_1_102' title="bbox 2088 5028 3686 5098">
    <p class='ocr_par' dir='ltr' id='par_1_102' title="bbox 2088 5028 3686 5098">
     <span class='ocr_line' id='line_1_102' title="bbox 2088 5028 3686 5098; baseline -0.001 -16"><span class='ocrx_word' id='word_1_770' title='bbox 2088 5029 2419 5083; x_wconf 89' lang='lat' dir='ltr'><strong>cditionibus</strong></span> <span class='ocrx_word' id='word_1_771' title='bbox 2453 5030 2626 5098; x_wconf 88' lang='lat' dir='ltr'><strong>prima</strong></span> <span class='ocrx_word' id='word_1_772' title='bbox 2657 5037 2992 5090; x_wconf 78' lang='lat' dir='ltr'><strong>recensetur.</strong></span> <span class='ocrx_word' id='word_1_773' title='bbox 3021 5038 3075 5081; x_wconf 89' lang='lat' dir='ltr'><strong>et</strong></span> <span class='ocrx_word' id='word_1_774' title='bbox 3110 5029 3179 5081; x_wconf 86' lang='lat' dir='ltr'><strong>ad</strong></span> <span class='ocrx_word' id='word_1_775' title='bbox 3200 5038 3448 5098; x_wconf 86' lang='lat' dir='ltr'><strong>senatum</strong></span> <span class='ocrx_word' id='word_1_776' title='bbox 3478 5028 3686 5084; x_wconf 78' lang='lat' dir='ltr'><strong>Roma-</strong></span> 
     </span>
    </p>
   </div>
   <div class='ocr_carea' id='block_1_103' title="bbox 2091 5097 3678 5168">
    <p class='ocr_par' dir='ltr' id='par_1_103' title="bbox 2091 5097 3678 5168">
     <span class='ocr_line' id='line_1_103' title="bbox 2091 5097 3678 5168; baseline 0 -17"><span class='ocrx_word' id='word_1_777' title='bbox 2091 5115 2219 5152; x_wconf 91' lang='lat' dir='ltr'><strong>num</strong></span> <span class='ocrx_word' id='word_1_778' title='bbox 2246 5097 2504 5167; x_wconf 87' lang='lat' dir='ltr'><strong>inscripta</strong></span> <span class='ocrx_word' id='word_1_779' title='bbox 2518 5109 2623 5165; x_wconf 87' lang='lat' dir='ltr'><strong>est,</strong></span> <span class='ocrx_word' id='word_1_780' title='bbox 2642 5113 2703 5151; x_wconf 90' lang='lat' dir='ltr'><strong>ea</strong></span> <span class='ocrx_word' id='word_1_781' title='bbox 2736 5099 3034 5168; x_wconf 87' lang='lat' dir='ltr'><strong>posteriore</strong></span> <span class='ocrx_word' id='word_1_782' title='bbox 3062 5098 3181 5152; x_wconf 93' lang='lat' dir='ltr'><strong>loco</strong></span> <span class='ocrx_word' id='word_1_783' title='bbox 3196 5097 3456 5154; x_wconf 87' lang='lat' dir='ltr'><strong>collocari</strong></span> <span class='ocrx_word' id='word_1_784' title='bbox 3491 5101 3678 5164; x_wconf 84' lang='lat' dir='ltr'><strong>debet,</strong></span> 
     </span>
    </p>
   </div>
   <div class='ocr_carea' id='block_1_104' title="bbox 2093 5167 3065 5236">
    <p class='ocr_par' dir='ltr' id='par_1_104' title="bbox 2093 5167 3065 5236">
     <span class='ocr_line' id='line_1_104' title="bbox 2093 5167 3065 5236; baseline -0.003 -13"><span class='ocrx_word' id='word_1_785' title='bbox 2093 5178 2151 5223; x_wconf 91' lang='lat' dir='ltr'><strong>ut</strong></span> <span class='ocrx_word' id='word_1_786' title='bbox 2179 5168 2422 5236; x_wconf 87' lang='lat' dir='ltr'><strong>pluribus</strong></span> <span class='ocrx_word' id='word_1_787' title='bbox 2451 5167 2591 5223; x_wconf 84' lang='lat' dir='ltr'><strong>infra</strong></span> <span class='ocrx_word' id='word_1_788' title='bbox 2622 5167 2819 5223; x_wconf 89' lang='lat' dir='ltr'><strong>dicturi</strong></span> <span class='ocrx_word' id='word_1_789' title='bbox 2852 5182 3065 5222; x_wconf 88' lang='lat' dir='ltr'><strong>sumus.</strong></span> 
     </span>
    </p>
   </div>
   <div class='ocr_carea' id='block_1_105' title="bbox 2162 5236 3678 5312">
    <p class='ocr_par' dir='ltr' id='par_1_105' title="bbox 2162 5236 3678 5312">
     <span class='ocr_line' id='line_1_105' title="bbox 2162 5236 3678 5312; baseline -0.001 -19"><span class='ocrx_word' id='word_1_790' title='bbox 2162 5240 2272 5312; x_wconf 82' lang='lat' dir='ltr'><strong>(9i)</strong></span> <span class='ocrx_word' id='word_1_791' title='bbox 2310 5237 2641 5312; x_wconf 77' lang='grc' dir='ltr'>Ἀκροατῶν</span> <span class='ocrx_word' id='word_1_792' title='bbox 2674 5238 3026 5312; x_wconf 63' lang='grc' dir='ltr'>παρόντων.</span> <span class='ocrx_word' id='word_1_793' title='bbox 3057 5236 3143 5312; x_wconf 75' lang='lat' dir='ltr'><strong>ita</strong></span> <span class='ocrx_word' id='word_1_794' title='bbox 3185 5237 3403 5312; x_wconf 79' lang='lat' dir='ltr'><strong>quidem</strong></span> <span class='ocrx_word' id='word_1_795' title='bbox 3447 5237 3678 5307; x_wconf 79' lang='lat' dir='ltr'><strong>Regius.</strong></span> 
     </span>
    </p>
   </div>
   <div class='ocr_carea' id='block_1_106' title="bbox 2092 5308 3679 5380">
    <p class='ocr_par' dir='ltr' id='par_1_106' title="bbox 2092 5308 3679 5380">
     <span class='ocr_line' id='line_1_106' title="bbox 2092 5308 3679 5380; baseline -0.001 -16"><span class='ocrx_word' id='word_1_796' title='bbox 2092 5308 2197 5380; x_wconf 80' lang='lat' dir='ltr'><strong>Sed</strong></span> <span class='ocrx_word' id='word_1_797' title='bbox 2227 5308 2461 5380; x_wconf 77' lang='lat' dir='ltr'><strong>qttaluut‘</strong></span> <span class='ocrx_word' id='word_1_798' title='bbox 2493 5310 2707 5378; x_wconf 87' lang='lat' dir='ltr'><strong>reliqui,</strong></span> <span class='ocrx_word' id='word_1_799' title='bbox 2747 5309 2952 5364; x_wconf 79' lang='lat' dir='ltr'><strong>Mazar.</strong></span> <span class='ocrx_word' id='word_1_800' title='bbox 2993 5308 3215 5364; x_wconf 81' lang='lat' dir='ltr'><strong>scilicet</strong></span> <span class='ocrx_word' id='word_1_801' title='bbox 3232 5324 3298 5362; x_wconf 90' lang='lat' dir='ltr'><strong>ac</strong></span> <span class='ocrx_word' id='word_1_802' title='bbox 3331 5308 3501 5369; x_wconf 82' lang='lat' dir='ltr'><strong>Med..</strong></span> <span class='ocrx_word' id='word_1_803' title='bbox 3547 5323 3679 5380; x_wconf 74' lang='lat' dir='ltr'><strong>cum</strong></span> 
     </span>
    </p>
   </div>
   <div class='ocr_carea' id='block_1_107' title="bbox 2091 5377 3680 5449">
    <p class='ocr_par' dir='ltr' id='par_1_107' title="bbox 2091 5377 3680 5449">
     <span class='ocr_line' id='line_1_107' title="bbox 2091 5377 3680 5449; baseline -0.001 -16"><span class='ocrx_word' id='word_1_804' title='bbox 2091 5377 2309 5434; x_wconf 48' lang='lat' dir='ltr'><strong>Fukfet</strong></span> <span class='ocrx_word' id='word_1_805' title='bbox 2355 5377 2652 5446; x_wconf 73' lang='lat' dir='ltr'><strong>Saviliano,</strong></span> <span class='ocrx_word' id='word_1_806' title='bbox 2703 5380 2964 5447; x_wconf 85' lang='lat' dir='ltr'><strong>scriptum</strong></span> <span class='ocrx_word' id='word_1_807' title='bbox 3017 5380 3239 5443; x_wconf 88' lang='lat' dir='ltr'><strong>habent,</strong></span> <span class='ocrx_word' id='word_1_808' title='bbox 3267 5380 3352 5431; x_wconf 79' lang='grc' dir='ltr'><strong>ἐπ’</strong></span> <span class='ocrx_word' id='word_1_809' title='bbox 3382 5377 3680 5449; x_wconf 73' lang='grc' dir='ltr'>ἀκροατῶδ</span> 
     </span>
    </p>
   </div>
   <div class='ocr_carea' id='block_1_108' title="bbox 2088 5450 3678 5520">
    <p class='ocr_par' dir='ltr' id='par_1_108' title="bbox 2088 5450 3678 5520">
     <span class='ocr_line' id='line_1_108' title="bbox 2088 5450 3678 5520; baseline -0.001 -17"><span class='ocrx_word' id='word_1_810' title='bbox 2088 5450 2318 5515; x_wconf 84' lang='grc' dir='ltr'>εὐθύνας</span> <span class='ocrx_word' id='word_1_811' title='bbox 2355 5452 2539 5516; x_wconf 82' lang='grc' dir='ltr'>αὐτόν,</span> <span class='ocrx_word' id='word_1_812' title='bbox 2569 5451 2711 5520; x_wconf 89' lang='lat' dir='ltr'><strong>quod</strong></span> <span class='ocrx_word' id='word_1_813' title='bbox 2754 5450 2971 5518; x_wconf 83' lang='lat' dir='ltr'><strong>quidem</strong></span> <span class='ocrx_word' id='word_1_814' title='bbox 3022 5450 3157 5520; x_wconf 78' lang='lat' dir='ltr'><strong>mihi</strong></span> <span class='ocrx_word' id='word_1_815' title='bbox 3183 5451 3400 5502; x_wconf 86' lang='lat' dir='ltr'><strong>videtur</strong></span> <span class='ocrx_word' id='word_1_816' title='bbox 3447 5453 3678 5520; x_wconf 57' lang='lat' dir='ltr'><strong>eli-gau—</strong></span> 
     </span>
    </p>
   </div>
   <div class='ocr_carea' id='block_1_109' title="bbox 2088 5518 3680 5591">
    <p class='ocr_par' dir='ltr' id='par_1_109' title="bbox 2088 5518 3680 5591">
     <span class='ocr_line' id='line_1_109' title="bbox 2088 5518 3680 5591; baseline -0.002 -17"><span class='ocrx_word' id='word_1_817' title='bbox 2088 5526 2212 5580; x_wconf 89' lang='lat' dir='ltr'><strong>tius.</strong></span> <span class='ocrx_word' id='word_1_818' title='bbox 2252 5523 2421 5577; x_wconf 78' lang='lat' dir='ltr'><strong>Porro</strong></span> <span class='ocrx_word' id='word_1_819' title='bbox 2454 5524 2571 5576; x_wconf 63' lang='lat' dir='ltr'><strong>haec</strong></span> <span class='ocrx_word' id='word_1_820' title='bbox 2587 5518 2854 5591; x_wconf 74' lang='lat' dir='ltr'><strong>periodus</strong></span> <span class='ocrx_word' id='word_1_821' title='bbox 2881 5532 3004 5591; x_wconf 87' lang='lat' dir='ltr'><strong>cum</strong></span> <span class='ocrx_word' id='word_1_822' title='bbox 3036 5521 3087 5591; x_wconf 86' lang='lat' dir='ltr'><strong>in</strong></span> <span class='ocrx_word' id='word_1_823' title='bbox 3121 5519 3311 5574; x_wconf 71' lang='lat' dir='ltr'><strong>Graeco</strong></span> <span class='ocrx_word' id='word_1_824' title='bbox 3344 5518 3573 5573; x_wconf 85' lang='lat' dir='ltr'><strong>confusa</strong></span> <span class='ocrx_word' id='word_1_825' title='bbox 3602 5522 3680 5573; x_wconf 88' lang='lat' dir='ltr'><strong>sit</strong></span> 
     </span>
    </p>
   </div>
   <div class='ocr_carea' id='block_1_110' title="bbox 2084 5589 3678 5662">
    <p class='ocr_par' dir='ltr' id='par_1_110' title="bbox 2084 5589 3678 5662">
     <span class='ocr_line' id='line_1_110' title="bbox 2084 5589 3678 5662; baseline 0 -18"><span class='ocrx_word' id='word_1_826' title='bbox 2084 5607 2146 5645; x_wconf 89' lang='lat' dir='ltr'><strong>ac</strong></span> <span class='ocrx_word' id='word_1_827' title='bbox 2179 5593 2515 5662; x_wconf 82' lang='lat' dir='ltr'><strong>perturbata,</strong></span> <span class='ocrx_word' id='word_1_828' title='bbox 2544 5589 2758 5662; x_wconf 86' lang='lat' dir='ltr'><strong>induas</strong></span> <span class='ocrx_word' id='word_1_829' title='bbox 2781 5605 2811 5643; x_wconf 89' lang='lat' dir='ltr'><strong>a</strong></span> <span class='ocrx_word' id='word_1_830' title='bbox 2844 5589 2999 5645; x_wconf 88' lang='lat' dir='ltr'><strong>nobis</strong></span> <span class='ocrx_word' id='word_1_831' title='bbox 3024 5590 3196 5643; x_wconf 79' lang='lat' dir='ltr'><strong>divisa</strong></span> <span class='ocrx_word' id='word_1_832' title='bbox 3227 5599 3335 5655; x_wconf 90' lang='lat' dir='ltr'><strong>cst,</strong></span> <span class='ocrx_word' id='word_1_833' title='bbox 3378 5600 3441 5644; x_wconf 93' lang='lat' dir='ltr'><strong>ut</strong></span> <span class='ocrx_word' id='word_1_834' title='bbox 3477 5604 3678 5662; x_wconf 84' lang='lat' dir='ltr'><strong>sensus</strong></span> 
     </span>
    </p>
   </div>
   <div class='ocr_carea' id='block_1_111' title="bbox 2082 5660 3680 5785">
    <p class='ocr_par' dir='ltr' id='par_1_111' title="bbox 2082 5660 3680 5785">
     <span class='ocr_line' id='line_1_111' title="bbox 2082 5660 3680 5785; baseline 0 -71"><span class='ocrx_word' id='word_1_835' title='bbox 2082 5660 2322 5785; x_wconf 48' lang='grc' dir='ltr'><strong>ἰδέκὶςιίοτ</strong></span> <span class='ocrx_word' id='word_1_836' title='bbox 2355 5664 2692 5720; x_wconf 86' lang='lat' dir='ltr'><strong>redderetur.</strong></span> <span class='ocrx_word' id='word_1_837' title='bbox 2737 5661 2903 5731; x_wconf 84' lang='lat' dir='ltr'><strong>quue</strong></span> <span class='ocrx_word' id='word_1_838' title='bbox 2935 5669 3101 5717; x_wconf 78' lang='lat' dir='ltr'><strong>etiam</strong></span> <span class='ocrx_word' id='word_1_839' title='bbox 3134 5667 3262 5715; x_wconf 83' lang='lat' dir='ltr'><strong>ante</strong></span> <span class='ocrx_word' id='word_1_840' title='bbox 3288 5674 3390 5717; x_wconf 90' lang='lat' dir='ltr'><strong>nos</strong></span> <span class='ocrx_word' id='word_1_841' title='bbox 3420 5660 3680 5730; x_wconf 75' lang='lat' dir='ltr'><strong>praestitit</strong></span> 
     </span>
     <span class='ocr_line' id='line_1_112' title="bbox 2135 5749 2332 5785; baseline 0 0"><span class='ocrx_word' id='word_1_842' title='bbox 2135 5751 2161 5785; x_wconf 87' lang='lat' dir='ltr'><strong>il</strong></span> <span class='ocrx_word' id='word_1_843' title='bbox 2188 5749 2332 5785; x_wconf 89' lang='lat' dir='ltr'><strong>mus.</strong></span> 
     </span>
    </p>
   </div>
   <div class='ocr_carea' id='block_1_112' title="bbox 2105 5735 2332 5791">
    <p class='ocr_par' dir='ltr' id='par_1_112' title="bbox 2105 5735 2332 5791">
     <span class='ocr_line' id='line_1_113' title="bbox 2105 5735 2332 5791; baseline 0.022 -6"><span class='ocrx_word' id='word_1_844' title='bbox 2105 5735 2332 5791; x_wconf 76' lang='lat' dir='ltr'><strong>iutinus.</strong></span> 
     </span>
    </p>
   </div>
  </div>
