3878 6496
412 355 515 407 Eli?

1119 350 1387 406 EUSEBII
1427 346 1906 405 CESARIENSIS
1939 345 2092 401 OPP.
2133 343 2316 399 PARS
2355 341 2396 398 I.
2436 370 2506 382 —
2543 341 2934 398 HISTORICA.

3566 341 3672 395 368

415 479 577 520 aures
608 474 822 520 vestras
851 471 1240 532 pervenerunt,
1285 463 1632 531 perspicuum
1679 459 1834 513 vobis
1883 467 1981 522 est,

2095 472 2203 520 νος.
2243 457 2364 507 Ὀτι
2405 453 2460 506 δὲ
2505 454 2648 507 κατὰ
2685 455 2786 522 τὴν
2833 453 2996 506 αὑτοῦ
3044 451 3344 524 πρόρρησιν
3391 451 3530 523 πρὸς
3580 453 3672 506 τοῦ

417 558 568 611 illum
600 556 655 610 in
679 556 949 625 religione
982 567 1163 610 nostra
1189 568 1414 625 prorsus
1447 553 1581 607 nihil
1608 553 1772 608 scire.
1799 551 1908 605 Aut
1945 553 1988 605 si

417 650 632 706 scitille
661 651 902 722 quidem,
943 649 1037 704 sed
1081 659 1308 719 propter
1336 647 1616 702 auditores
1661 645 1841 715 eloqui
1885 660 1989 699 nou

410 745 604 810 audet,
640 756 982 812 nequaquam
1021 739 1406 809 philosophus,
1437 748 1495 793 ut
1528 748 1686 793 antea
1711 737 1862 802 dixi,
1896 737 1991 792 sed

415 835 691 903 popularis
729 849 878 889 aurae
905 842 1157 904 captator
1180 845 1303 886 esse
1319 828 1765 899 deprehenditur,
1791 828 1993 898 quippe

413 928 504 996 qui
533 924 959 998 pulcherrimum
979 924 1107 980 illud
1130 923 1372 979 Socratis
1394 923 1595 978 dictum
1614 922 1763 992 parvi
1783 921 1988 975 faciat:

413 1019 637 1074 Nullum
656 1034 781 1094 esse
802 1019 1020 1074 veritati
1054 1017 1472 1074 anteferendum
1496 1015 1697 1069 virum.
1724 1031 1744 1066 ι
1793 1013 1994 1068 [lacte-

415 1128 518 1168 nus
548 1110 816 1167 Justinus.
840 1110 1012 1178 Quem
1043 1108 1282 1179 quidem,
1319 1109 1461 1161 sicut
1501 1106 1616 1176 ipse
1642 1105 1987 1175 pmdixerat,

412 1203 637 1261 structis
668 1217 698 1256 a
729 1203 1022 1259 Crescente
1045 1200 1285 1264 insidiis,
1323 1198 1591 1268 martyrio
1615 1211 1734 1252 esse
1754 1211 1989 1252 corona-

414 1305 526 1351 tum
580 1295 847 1351 Tatiauus
899 1295 985 1350 vir
1015 1295 1107 1364 qui
1147 1292 1326 1364 primo
1371 1289 1548 1344 aetatis
1596 1303 1706 1342 sua:
1750 1298 1991 1357 tempore

413 1388 746 1444 rhetoricam
771 1389 995 1453 docens,
1031 1387 1084 1442 in
1112 1387 1399 1457 gentilium
1443 1380 1745 1452 disciplinis
1777 1393 1986 1434 summa

406 1497 536 1537 cum
561 1482 718 1537 laude
741 1491 990 1536 versatus
1019 1489 1129 1545 est,
1181 1489 1236 1534 et
1276 1479 1366 1548 qui
1404 1476 1641 1547 plurima
1680 1473 1880 1545 ingenii
1905 1471 1987 1527 sui

411 1580 766 1627 monumenta
794 1571 1033 1642 posteris
1056 1569 1297 1640 reliquit,
1327 1569 1380 1623 in
1421 1567 1558 1621 libro
1581 1566 1840 1619 Adversus
1862 1578 1990 1632 geu-

409 1671 489 1718 tes
540 1671 774 1719 testatur
823 1663 910 1719 his
967 1661 1192 1718 verbis:
1227 1679 1245 1713 ‹
1274 1658 1342 1714 Ει
1390 1667 1537 1714 recte
1583 1656 1852 1721 Justinus,
1907 1653 1990 1708 vir

409 1756 654 1811 omnium
704 1754 1070 1810 admiratione
1115 1752 1503 1825 dignissimus,
1551 1763 1648 1805 eos
1685 1746 1988 1802 latronibus

2094 547 2429 617 Κρίσκεντος
2464 544 2855 608 συσκευασθεὶς
2887 542 3172 614 ἐτελειώθη
3198 582 3212 606 ,
3242 543 3505 606 Τατιανὸς
3539 543 3676 617 ἀνὴρ

2091 639 2182 692 τὸν
2210 638 2424 710 πρῶτον
2452 636 2617 690 αὐτοῦ
2644 637 2756 708 βίον
2782 635 3139 706 σοφιστεύσας
3167 638 3225 688 ὲν
3249 638 3360 698 τοῖς
3407 634 3677 706 Ἐλλήνων

2095 732 2379 804 μαθήμασι
2405 731 2538 802 (96),
2575 732 2668 785 καὶ
2697 730 2856 796 δόξαν
2884 730 2945 782 ού
2971 727 3209 800 σμικρὰν
3233 729 3290 782 ὲν
3331 729 3516 793 αὐτοῖς
3546 730 3679 783 ἁπε-

2091 823 2427 894 νηνεγμὲνος
2452 862 2468 887 ,
2501 822 2729 877 πλεῖστά
2754 839 2815 874 τε
2851 820 3275 892 συγγράμμασιν
3306 819 3473 872 αὐτοῦ
3509 837 3678 873 κατα-

2092 916 2264 970 λιπὼν
2281 917 2614 987 μνημεῖα,ὲν
2639 915 2716 987 τῷ
2745 915 2900 984 Πρὸς
2929 916 3241 982 ’Έλληνας
3270 914 3476 984 ἱστορεῖ
3503 912 3680 980 λέγων

2091 1001 2194 1062 ὧδέ
2225 1023 2376 1071 πωςο
2423 1025 2441 1058 ι
2477 1007 2586 1060 Καὶ
2622 1007 2650 1058 ὁ
2690 1003 3136 1076 θαυμασιώτατος
3181 1005 3464 1068 Ἰουστῖνος
3504 1003 3679 1076 ὀρθῶς

2091 1097 2435 1168 ἐξεφώνησεν
2454 1139 2468 1162 ,
2500 1096 2734 1151 ἐοικέναι
2762 1098 2888 1160 τοὺς
2920 1095 3348 1170 προειρημένους
3374 1095 3626 1167 λῃσταῖς.
3657 1113 3674 1144 ι

2090 1185 2206 1243 Εἶτ’
2251 1187 2494 1241 ἐπειπών
2541 1204 2664 1240 τινα
2713 1187 2840 1258 περὶ
2881 1185 2991 1239 τῶν
3039 1185 3378 1254 φιλοσόφων,
3434 1183 3681 1251 ἐπιλέγει

2089 1280 2293 1334 ταῦτα’
2333 1299 2352 1331 ι
2390 1279 2642 1351 Κρίσκης
2687 1278 2820 1348 γοῦν
2854 1280 2883 1332 ὁ
2925 1277 3303 1341 ὲννεοττεύσας
3348 1279 3413 1349 τῇ
3464 1277 3679 1348 μεγάλη

2090 1374 2273 1438 πόλει,
2299 1373 2661 1444 παιδεραστίᾳ
2695 1372 2792 1443 μὲν
2829 1370 3039 1435 πάντας
3080 1372 3424 1444 ύπερήνεγκε
3446 1409 3462 1432 ,
3490 1370 3682 1439 φιλαρ-

2088 1466 2255 1537 γυρία
2297 1465 2355 1519 δὲ
2385 1466 2525 1518 πάνυ
2561 1463 2831 1536 προσεχὴς
2859 1459 2946 1534 ἦν.
2976 1462 3219 1518 Θανάτου
3250 1462 3309 1516 δὲ
3343 1465 3372 1516 ὁ
3401 1479 3682 1534 καταφρο-

2089 1561 2200 1612 νεῖν
2234 1555 2644 1628 συμὸουλεύων,
2669 1555 2842 1619 οὕτως
2877 1555 3041 1618 αὐτὸς
3077 1555 3266 1608 ἐδεδίει
3302 1554 3393 1608 τὸν
3426 1553 3680 1620 Θάνατον,

2087 1652 2164 1718 ώς
2195 1654 2288 1707 καὶ
2324 1655 2606 1707 Ἰουστῖνον
2636 1652 2886 1725 καθάπερ
2919 1651 3138 1724 μεγάλῳ
3179 1651 3369 1724 κακῷ,
3398 1650 3478 1723 τῷ
3513 1649 3683 1705 θανά-

2087 1763 2166 1817 τῳ
2217 1746 2535 1818 περιϐαλεῖν
2585 1743 3140 1818 πραγματεύσασθαι,
3199 1744 3334 1798 διότι
3388 1743 3686 1815 κηρύττων

409 1847 618 1902 similes
661 1860 782 1901 esse
814 1846 971 1901 dixit.
997 1865 1018 1898 ι
1063 1846 1244 1901 Pauca
1281 1841 1477 1900 deinde
1517 1839 1876 1897 interlocutus
1919 1838 1981 1893 de

2089 1839 2185 1910 τὴν
2217 1839 2472 1911 ἀλήθειαν
2491 1879 2506 1903 ,
2537 1838 2749 1909 λίχνους
2793 1839 2919 1901 τοὺς
2947 1836 3267 1906 φιλοσόφους
3291 1837 3387 1890 καὶ
3427 1833 3685 1890 ἀπατεῶ-

411 1938 750 2008 pltilosophis
783 1977 801 2004 ,
851 1939 968 1994 haec
1033 1937 1359 2009 subiungit:
1399 1935 1712 1991 «Crescens
1765 1928 1984 2002 quidem

407 2031 500 2100 qui
544 2031 598 2086 in
641 2030 776 2086 urbe
805 2031 978 2086 Roma
1021 2030 1265 2086 nidulum
1322 2043 1481 2084 suum
1540 2025 1771 2089 fixerat,
1825 2019 1988 2077 foedis

2093 1947 2189 1994 νας
2219 1930 2496 2003 ὲξήλεγχε.
2539 1951 2557 1982 t
2592 1932 2701 1984 Καὶ
2727 1931 2788 1984 τὸ
2823 1931 2921 2002 μὲν
2964 1929 3107 1985 κατὰ
3141 1931 3424 1984 Ἰουστῖνον
3459 1927 3689 2000 ’μαρτύ-

2099 2039 2211 2094 ριον
2243 2020 2498 2090 τοιαύτην
2526 2020 2707 2092 εἴληχε
2742 2022 2841 2093 τὴν
2875 2022 3072 2075 αἰτίαν.

407 2134 702 2189 pnerorum
733 2122 1032 2190 amoribus,
1055 2131 1110 2178 et
1157 2122 1401 2178 avaritiae
1431 2134 1595 2190 supra
1619 2131 1808 2174 omnes
1847 2113 2102 2170 mortales
2155 2115 2374 2170 deditus
2422 2113 2544 2170 fuit.
2579 2115 2644 2170 Et
2671 2117 2763 2186 qui
2801 2116 2936 2170 alios
2979 2115 3303 2172 hortabatur
3353 2122 3414 2170 ut
3445 2122 3683 2170 mortem

408 2224 842 2281 contemnerent,
901 2217 1016 2288 ipse
1074 2225 1356 2286 tantopere
1416 2230 1538 2272 eam
1607 2210 1978 2275 formidabat,
2043 2219 2102 2262 ιιι
2137 2207 2352 2264 Justino
2428 2221 2690 2280 tanquam
2725 2210 3106 2280 gravissimum
3183 2211 3384 2265 malum
3448 2218 3684 2265 mortem

408 2307 837 2373 eoneinnaverit,
865 2323 930 2364 eo
975 2311 1119 2378 quod
1169 2309 1259 2364 ille
1298 2309 1580 2363 veritatem
1629 2303 1972 2376 praedicans,
2022 2301 2373 2372 pltil0s0pltos
2436 2302 2713 2359 helluones
2770 2312 2826 2358 et
2874 2305 3189 2373 deceptores
3233 2319 3356 2360 esse
3388 2304 3685 2360 convince-

406 2414 519 2460 ret.
545 2424 565 2457 ο
612 2405 676 2460 Ει
704 2405 823 2460 hate
847 2405 1063 2476 quidem
1104 2402 1321 2461 Justiuo
1363 2419 1528 2460 causa
1575 2401 1825 2474 martyrii
1859 2398 1984 2453 fuit.

993 2563 1225 2621 CAPUT
1275 2565 1437 2620 XVII.

404 2655 486 2711 De
515 2655 836 2727 martyribus
865 2671 1088 2727 quorum
1116 2655 1363 2710 Justinus
1401 2659 1454 2712 in
1499 2657 1612 2712 suis
1646 2658 1796 2713 libris
1832 2673 1985 2712 men-

1009 2727 1204 2782 tionem
1237 2727 1388 2796 facit.

479 2820 623 2874 Idem
668 2835 835 2890 porro
873 2817 1122 2875 Justinus
1152 2819 1385 2875 aliorum
1429 2835 1645 2892 quoque
1687 2823 1782 2892 qui
1825 2819 1986 2892 paulo

406 2920 536 2966 ante
577 2912 753 2982 ipsum
797 2911 1062 2983 martyrio
1108 2911 1376 2982 perfuncti
1435 2922 1628 2978 erant,
1683 2913 1738 2967 in
1795 2911 1980 2982 priore

407 3008 741 3079 Apologetico
776 3008 1102 3064 mentionem
1139 3007 1269 3064 facit
1303 3008 1389 3064 his
1411 3008 1634 3066 verbis:
1669 3021 1790 3078 ane
1835 3021 1980 3078 quo-

400 3220 563 3282 ptore
600 3225 880 3272 omissam.
910 3212 1235 3282 _necessario
1265 3211 1318 3266 in
1353 3213 1602 3267 versione
1630 3222 1814 3268 nostra
1848 3212 1989 3279 adji-

408 3280 653 3337 ciendam
682 3284 882 3353 putavi.
906 3280 1076 3353 Porro
1109 3283 1268 3353 hunc
1289 3282 1466 3353 locum
1497 3297 1562 3336 ex
1601 3283 1989 3353 manuscriptis

408 3351 693 3407 codicibus
736 3351 898 3415 Μυκη
932 3351 1071 3407 Med.
1117 3361 1173 3405 et
1230 3351 1366 3406 Fuk.
1404 3353 1477 3407 ita
1528 3354 1734 3406 restitui
1763 3351 1893 3417 πῶς
1920 3371 1983 3417 γε

409 3421 544 3504 μηβὲ
581 3422 641 3474 τὸ
663 3422 1010 3504 Σωκρατιξὸν
1037 3421 1354 3504 ἀξιέραστον
1374 3422 1433 3504 ὃν
1456 3425 1610 3494 τιμᾷ.
1633 3424 1720 3493 (At
1740 3440 1833 3477 nos
1865 3439 1927 3477 cu

405 3492 894 3562 aliiswt'rext'mus
923 3493 982 3545 δν
1004 3509 1099 3560 pro
1139 3492 1218 3548 ὅν.
1251 3492 1435 3562 Eutr.)

479 3561 588 3631 (96)
613 3563 1070 3633 -ίΣοεριστεύσας
1127 3563 1198 3616 ἐν
1253 3561 1376 3628 τοῖς
1418 3561 1743 3631 ἼΞλλήνων
1794 3562 1988 3633 μαθή-

400 3647 574 3701 μασι.
613 3631 838 3684 Iluliuus
876 3636 1186 3700 magistrum
1221 3633 1532 3700 eloquentiae
1571 3636 1768 3696 vertit;
1797 3631 1990 3689 'Tatia-

407 3719 531 3767 nus,
554 3701 752 3769 inquit,
776 3701 853 3754 vir
880 3701 1290 3760 eruditissimus.
1315 3702 1368 3754 in
1384 3704 1552 3769 prima
1568 3711 1723 3757 (etate
1750 3719 1850 3757 sua
1872 3721 1989 3759 ora-

407 3719 531 3767 nus,
554 3719 752 3769 ιιιψιιι,
776 3719 853 3754 νιν
880 3719 1290 3760 eruatusstmus.
1315 3719 1368 3754 ιη
1421 3719 1552 3756 rtma
1568 3719 1723 3757 (Blale
1750 3719 1850 3757 sua
1872 3721 1989 3759 ora-

405 3771 847 3844 toriam__doce_tts._
867 3771 944 3825 Ita
967 3771 1132 3824 etiam
1154 3771 1321 3844 vertit
1340 3719 1708 3844 Hieronymus
1740 3772 1792 3826 in
1825 3772 1989 3828 Cata-

405 3841 550 3910 logo.
577 3839 946 3895 Theodoritus
991 3855 1205 3910 quoque
1252 3841 1304 3895 in
1339 3841 1482 3896 libro
1529 3839 1988 3899 t'Htereticarum

407 3909 735 3981 fabularunt,
764 3909 1052 3981 Tatianutn
1081 3913 1257 3981 primo
1287 3912 1588 3981 50phistam
1620 3910 1787 3967 fuisse
1817 3923 1980 3968 testa-

407 3991 515 4033 tur.
548 3980 666 4050 Ipse
689 3978 950 4034 Tatiauus
988 3981 1054 4035 de
1083 3978 1142 4035 ae
1174 3978 1400 4050 loqueris
1424 3981 1476 4036 in
1509 3981 1618 4037 ﬁne
1642 3982 1766 4036 libri
1789 3982 1989 4038 Adver-

404 4065 495 4102 sus
541 4049 773 4109 Grmcos,
836 4051 1025 4103 eodem
1073 4049 1450 4106 utiturverlto
1491 4067 1600 4111 quo
1658 4051 1927 4108 Eusebius
1966 4073 1982 4111 :

405 4067 495 4102 sus
541 4067 773 4109 hrmcos,
836 4067 1025 4103 eouem
1073 4067 1242 4103 tuttur
1285 4067 1450 4106 verno
1531 4067 1600 4107 uo
1658 4067 1927 4108 Eusebtus
1966 4073 1982 4111 :

405 4119 593 4222 Ξαῦτα
615 4119 711 4207 μὲν
740 4115 916 4200 οὖν..οὺ
935 4119 1066 4222 παρ’
1086 4121 1246 4201 ξλλου
1267 4119 1452 4222 μαθὼν
1470 4067 1985 4222 ὲίὲερέμηνὶποξλὴν

405 4191 762 4264 δπιφοιτήσας
785 4190 907 4264 γῆν,
929 4190 1029 4243 καὶὴ
1043 4191 1201 4264 τούτο
1224 4190 1322 4264 μὲν
1341 4190 1698 4260 σοφιστεύσας
1708 4195 1777 4246 τὰ
1793 4190 1987 4264 ὑμέτέ-

445 4278 507 4336 is,
523 4260 678 4313 τοῦτο
702 4261 758 4314 δὲ
779 4261 995 4336 τέχναις
1012 4260 1386 4336 καὶ-επινοίαις
1406 4263 1717 4336 ἐγκυρήσας
1740 4260 1982 4328 πολλαῖς.

462 4333 510 4384 bi
541 4347 642 4384 vox
674 4330 1030 4401 σοφιστεύσας
1067 4333 1200 4386 nihil
1240 4333 1308 4387 ad
1337 4330 1702 4402 eloquentiam
1724 4336 1984 4402 pertinet,

406 4403 500 4454 sed
529 4416 744 4456 omnem
772 4402 1082 4472 Graecorum
1113 4403 1432 4472 sapientiam
1461 4414 1513 4457 et
1544 4403 1797 4458 liberales
1821 4406 1986 4460 disci-

407 4472 582 4542 plinas
602 4473 999 4540 complectitur.
1029 4471 1173 4526 Sane
1213 4473 1356 4542 quod
1387 4472 1651 4528 Tatiauus
1681 4475 1878 4530 ibidem
1909 4476 1985 4530 ait

405 4556 466 4613 se
486 4541 747 4613 plurimas
772 4542 1032 4613 regiones
1052 4541 1390 4613 peragrasse,
1431 4545 1740 4613 multasque
1762 4554 1906 4599 artes
1930 4555 1985 4600 et

378 4611 750 4685 ..it_tventiones
787 4612 1138 4685 mechanicas
1180 4611 1395 4685 curiose
1429 4611 1710 4685 didicisse,
1743 4615 1982 4685 philoso-

403 4682 569 4755 phum
595 4682 771 4755 magis
792 4682 1006 4755 indicat
1030 4697 1191 4755 quam
1227 4682 1588 4755 professorem
1629 4682 1974 4755 eloq'ueutize.

1920 3371 1984 3476 Ii
2012 3395 2056 3453 α

2657 2561 3050 2617 ΚΕΦΑΛΑΙΟΝ
3076 2563 3173 2615 ΙΖ’.

2091 2659 2233 2728 Περὶ
2259 2651 2348 2714 ὧν
2386 2655 2713 2722 Ἰουστῖνος
2735 2655 2969 2728 evigilat
2998 2669 3106 2728 qv}
3121 2653 3412 2728 χράμμαςι
3447 2673 3684 2724 μνημο-

2281 2731 2439 2784 νεύει
2468 2724 2949 2798 μαρτύρων(Νἱο.
2987 2724 3060 2778 Η.
3111 2724 3178 2780 Ε.
3231 2740 3313 2790 ttt,
3346 2725 3465 2791 55).

2173 2823 2232 2876 '0
2259 2822 2302 2874 δ’
2329 2821 2492 2885 αὐτὸς
2524 2819 2663 2891 ἀνὴρ
2694 2818 2799 2890 πρὸ
2828 2816 2922 2871 τοῦ
2954 2816 3072 2871 κατ’
3104 2816 3264 2870 αὐτὸν
3293 2817 3509 2886 ἀγῶνος
3541 2817 3679 2889 (97),

2091 2915 2292 2988 ἐτέρων
2324 2913 2432 2987 πρὸ
2483 2912 2648 2967 αὑτοῦ
2688 2910 3152 2984 μαρτυρησάντων
3203 2912 3262 2965 ὲν
3317 2913 3384 2982 τῇ
3435 2911 3684 2982 προτέρᾳ

2088 3008 2257 3064 αὑτοῦ
2289 3005 2614 3080 μνημονεύει
2648 3004 2968 3076 Ἀπολογίᾳ
2986 3003 3118 3076 (98),
3139 3002 3424 3077 χρησίμως
3446 3005 3514 3074 τῇ
3544 3003 3683 3056 ὑπο-

2096 3208 2337 3278 ejusdem
2365 3205 2510 3261 libri.
2541 3202 2740 3278 Sed__et
2767 3202 2994 3278 inAlibro
3024 3219 3084 3268 tt,
3109 3217 3230 3278 cap.
3263 3201 3683 3278 iﬁaubidusti-

2097 3273 2226 3335 n'um
2257 3280 2324 3333 de
2372 3277 2595 3332 Simone
2637 3274 2793 3344 Mago
2838 3274 3145 3342 loquentem
3196 3273 3425 3338 inducit,
3484 3275 3673 3344 locum

2097 3351 2255 3405 aﬂ'ert
2285 3363 2351 3403 ex
2390 3347 2570 3416 priore
2599 3343 3140 3416 εῖιιιςίΑροΙοςιειὶιτο,Δ
3164 3345 3255 3413 qui
3293 3344 3347 3416 in
3384 3360 3424 3398 tt
3473 3343 3674 3416 Justini

2089 3419 2346 3490 Apologia
2366 3413 2776 3490 lt'odieulegitur.
2810 3414 2950 3490 Qua;
2969 3429 3097 3468 vero
3129 3413 3182 3490 itt
3217 3414 3451 3482 vulgatis
3471 3415 3677 3490 editio-

2091 3484 2479 3558 nibus'prima
2505 3487 2706 3558 dicitur
2731 3484 2986 3558 Apologia
3009 3492 3065 3538 et
3095 3484 3162 3537 ad
3189 3485 3636 3558 senatunrjttscri
3656 3513 3672 3525 -

2089 3561 2256 3623 bitur,
2286 3554 2403 3613 eam
2444 3556 2709 3612 Eusebius
2748 3554 3042 3610 secundam
3073 3564 3250 3618 vocat,
3277 3565 3338 3609 ut
3373 3557 3564 3610 videre
3591 3563 3673 3609 est

2032 3627 2041 3634 ’
2090 3631 2143 3685 in
2174 3630 2354 3699 capite
2382 3627 2592 3681 decimo
2619 3637 2792 3699 sex_to,
2813 3635 2878 3699 et_
2897 3623 2968 3699 bl.
2989 3624 3211 3678 Aurelio
3242 3626 3525 3699 Antonino
3550 3634 3670 3694 post

2089 3694 2295 3756 obitum
2327 3697 2670 3768 imperatoris
2696 3697 2802 3760 Pii,
2826 3695 3218 3768 oblatamesse
3239 3695 3379 3768 dicit
3407 3710 3437 3748 a
3456 3694 3668 3768 JuStino

2091 3770 2142 3824 in
2171 3785 2293 3838 cap.
2329 3765 2479 3838 Ili—et
2499 3768 2586 3822 I8.
2624 3767 2737 3837 Ego
2765 3781 2916 3838 vero,
2951 3766 3093 3838 quod
3123 3765 3340 3838 quidem
3359 3775 3598 3838 spectat
3602 3766 3668 3819 ad

2088 3835 2336 3894 ordinem
2378 3835 2755 3907 Apologiarum
2785 3836 3009 3902 Justini,
3051 3835 3218 3907 facile
3244 3838 3528 3890 assentior
3561 3836 3661 3890 Eu-

2088 3912 2240 3966 sebio
2275 3917 2369 3963 :et
2395 3906 2698 3977 illam’qua:
2737 3908 2803 3962 ad
2845 3917 3094 3960 senatum
3136 3906 3294 3977 vulgo
3324 3907 3664 3968 inscribitur,

2087 3981 2440 4052 posteriorem
2469 3976 2863 4052 esse:conc_edo_
2897 3976 3253 4052 {praesertim
3281 3992 3407 4052 cum
3457 3977 3663 4052 vi_deaut

2089 4045 2230 4107 idem
2258 4049 2530 4120 placuisse
2560 4048 2693 4102 viris
2721 4047 3083 4120 doctissimis,
3104 4045 3459 4120 Bellarmino,
3494 4046 3666 4120 Baro-

2088 4121 2182 4176 nio
2205 4116 2274 4174 et’
2295 4120 2362 4174 iis
2407 4133 2546 4188 quos
2571 4133 2738 4187 supra
2790 4118 3110 4188 memoravi.
3155 4116 3262 4170 Sed
3311 4126 3367 4188 et
3395 4116 3664 4187 Georgius

2089 4189 2376 4262 Syncellus
2391 4186 2444 4242 in
2462 4186 2754 4262 Chronico,
2785 4187 3010 4262 ejusque
3028 4187 3316 4262 interpres
3340 4186 3666 4241 Anastasius

2088 4257 2564 4322 Bibliothecarius,
2594 4259 2660 4313 ad
2688 4273 2888 4311 annum
2915 4257 3114 4312 Christi
3142 4257 3234 4322 46,
3276 4271 3506 4325 prorsus
3541 4272 3662 4310 cum

2087 4331 2322 4387 Eusebio
2341 4330 2712 4384 consentiunt.
2743 4327 2848 4382 Sed
2875 4332 3018 4396 quod
3046 4327 3281 4397 priorem
3300 4326 3502 4381 Justiui
3527 4328 3666 4393 Apo-

2087 4402 2367 4473 logeticum
2413 4397 2486 4452 Μ.
2533 4399 2756 4454 Aurelio
2801 4398 3074 4473 Antonino
3113 4407 3488 4473 nuncupatum
3545 4411 3664 4450 esse

2085 4467 2296 4533 scribit,
2334 4471 2388 4524 in
2421 4484 2486 4524 eo
2523 4485 2630 4522 non
2664 4483 2878 4537 possunt
2916 4469 2990 4522 illi
3015 4467 3288 4521 assentiri.
3323 4467 3434 4522 Nec
3473 4467 3665 4536 ignoro

2086 4544 2235 4598 viros
2261 4541 2612 4595 doctissimos
2635 4554 2774 4607 quos
2795 4553 2956 4605 supra
2993 4538 3310 4600 memoravi,
3341 4553 3466 4593 cum
3491 4537 3663 4590 Euse-

2087 4613 2176 4667 bio
2207 4611 2537 4666 consentire.
2576 4608 2682 4662 Sed
2714 4609 3026 4677 quicunque
3063 4622 3175 4661 rem
3219 4609 3393 4675 ipsam
3435 4623 3666 4677 accura-

2089 4685 2202 4738 tius
2225 4680 2535 4748 expendere
2563 4676 2819 4741 voluerit,
2858 4678 3096 4732 inveniet
3125 4679 3368 4748 profecto
3400 4676 3663 4748 Apologef

402 4745 556 4824 Adde
582 4745 727 4820 quod
763 4753 900 4806 liber
954 4745 1328 4807 ille—Adversus
1358 4752 1570 4808 Gra’cos
1610 4745 1975 4824 conscriptus,
2006 4753 2059 4812 D
2087 4754 2248 4824 ticum
2274 4745 2445 4824 illum,
2466 4765 2573 4824 non
2599 4758 2663 4824 ut
2690 4749 2881 4803 scribit
2919 4745 3188 4802 Eusebius
3205 4747 3276 4803 Μ.
3301 4748 3548 4824 A_urelio,
3568 4745 3662 4824 sed

400 4822 536 4875 satis
575 4831 804 4876 testatur
839 4832 1114 4878 auctorem
1146 4838 1336 4890 parum
1367 4824 1421 4876 in
1459 4824 1689 4878 dicendo
1710 4822 1980 4879 exercita~

402 4899 519 4962 tum
543 4890 728 4946 fuisse.
759 4893 853 4946 Est
882 4896 1025 4946 cuitu
1056 4892 1534 4962 eruditusquidem
1559 4893 1718 4958 liber,
1745 4897 1840 4949 sed
1859 4895 1979 4950 sine

395 4960 595 5033 ordine
612 4977 682 5015 ac
719 4965 971 5033 IIICIIltttIO
992 4960 1345 5033 compositus.

472 5030 586 5099 (97)
645 5032 766 5100 Πρὸ
833 5031 938 5084 τοῦ
998 5030 1131 5086 amr“
1174 5034 1363 5086 αὐτὸν
1420 5030 1665 5100 ἀγῶνος.
1733 5033 1981 5100 Quatuor

402 5103 572 5153 nostri
597 5104 816 5156 codices
845 5100 1008 5164 lar...
1043 5103 1212 5166 Med.,
1249 5119 1374 5156 cum
1409 5103 1547 5157 Fuk.
1577 5116 1633 5157 et
1663 5105 1978 5170 Saviliauo,

398 5171 674 5246 scriptum
697 5172 916 5246 habent,
953 5173 1058 5246 πρὸ
1091 5172 1331 5246 “roum?
1371 5173 1533 5226 αὐτὸν
1563 5174 1888 5246 μαρτυρίου.

469 5242 586 5313 (ἕλιξ)
619 5242 716 5296 Ἐν
744 5241 821 5311 τῇ
855 5241 1109 5310 προτέρᾳ
1127 5243 1316 5313 αὑτοῦ
1337 5241 1700 5313 μντιμονλεύει
1741 5241 1979 5298 Ἀπολο-

397 5309 908 5384 l'lgtLScribendutn’
921 5324 1006 5368 est
1029 5309 1086 5365 ἐν
1118 5316 1186 5384 τῇ
1217 5309 1547 5384 δευτέρᾳξυι
1581 5324 1727 5369 recte
1744 5317 1979 5382 conjecit

399 5380 463 5432 D.
499 5379 748 5437 Petavius
779 5385 832 5438 in
861 5379 1437 5438 Anitnadve'rsionibus
1471 5385 1540 5436 ad
1569 5385 1820 5439 Ittnresiut
1845 5379 1976 5438 aut

395 5449 708 5523 ’glpiphanii,
742 5463 799 5508 et
824 5455 887 5511 Ρ.
921 5454 1220 5508 llalloixius
1247 5454 1300 5507 in
1333 5452 1455 5507 Vita
1496 5451 1556 5507 S.
1586 5453 1816 5516 Justini,
1850 5469 1974 5523 cap.

397 5517 516 5573 26.7
540 5519 750 5590 Quippe
795 5524 1062 5578 Eusebius
1094 5524 1203 5576 alio
1235 5523 1430 5576 ordine
1466 5523 1748 5590 Apologias
1775 5517 1973 5577 Justini

399 5599 667 5662 recenset,
697 5608 859 5660 quam
908 5608 1017 5662 quo
1057 5607 1199 5647 nunc
1239 5602 1365 5647 sunt
1412 5595 1591 5647 editw.
1640 5592 1773 5644 Eam
1827 5593 1972 5646 enim

401 5674 526 5728 qua:
552 5661 606 5713 iu
636 5665 871 5731 vulgatis
901 5661 1233 5717 editionibus
1258 5663 1495 5715 secunda
1533 5662 1869 5720 inscribitur,
1917 5671 1974 5715 et

402 5731 676 5785 Antonino
697 5731 791 5786 I’io
819 5744 1126 5800 nuncupata
1143 5741 1246 5795 est,
1263 5731 1527 5787 Eusebius
1541 5732 1777 5798 priorem
1793 5731 1977 5799 appel-

405 5810 503 5866 lat,
543 5810 601 5856 ut
629 5803 809 5875 videre
837 5815 922 5857 est
951 5804 1003 5856 iu
1040 5802 1218 5869 capite
1248 5802 1313 5853 l2
1359 5801 1453 5855 lib.
1483 5815 1557 5868 tv,
1586 5809 1641 5853 et
1668 5801 1721 5854 itt
1753 5815 1879 5868 cap.
1907 5801 1973 5856 18

2087 4823 2268 4894 potius
2294 4819 2569 4894 Antonino
2607 4818 2703 4894 Pio
2743 4817 3472 4894 nuncupatumesseL‘Nant
3507 4816 3663 4869 initio

2088 4886 2412 4962 hpologetici
2440 4888 2774 4944 aitJustinus
2790 4889 3070 4962 mulierem
3091 4888 3235 4962 illam
3265 4886 3662 4962 Citristianattt,

2086 4957 2210 5017 cum
2239 4957 2277 5014 ti
2301 4960 2419 5014 viro
2446 4969 2701 5013 accusata
2728 4970 2896 5025 esset,
2921 4959 3132 5012 dedisse
3155 4957 3394 5011 libellum
3422 4957 3663 5024 impera-

2088 5033 2209 5094 tori,
2245 5031 2338 5085 καὶ
2369 5031 2422 5101 ἡγ
2445 5029 2542 5100 μὲν
2571 5027 2824 5101 βιϐλίδιόν
2850 5045 2930 5082 σοι
2956 5028 3035 5099 τῷ
3061 5028 3423 5101 αὐτοκράτορι
3468 5025 3663 5101 ἀναδέ-

2083 5103 2246 5158 δωκε.
2275 5099 2500 5168 Quodsi
2528 5099 2897 5169 Apologeticus
2931 5101 3021 5154 ille
3060 5100 3472 5169 successoribus
3491 5099 3662 5169 Auto-

2085 5174 2197 5227 ttitti
2239 5164 2319 5225 Pii
2347 5164 2786 5225 dicatus'fuis'set
2825 5179 2882 5222 ut
2908 5169 3022 5222 vult
3069 5167 3351 5230 Eusebius,
3391 5176 3542 5220 certe
3565 5164 3660 5219 Ju-

2083 5243 2256 5296 stinus
2281 5245 2334 5296 in
2363 5241 2552 5307 plurali
2581 5253 2809 5294 numero
2837 5240 3064 5294 dixisset
3089 5238 3216 5308 ὑμῖν
3242 5239 3355 5299 τοῖς
3388 5236 3662 5308 αὐτοκρά-

2081 5329 2306 5383 τορσιν.
2334 5311 2567 5383 Marcus
2596 5310 2750 5383 enim
2777 5318 2859 5383 _et_
2883 5308 3053 5383 Verus
3103 5307 3262 5383 ambo
3296 5307 3463 5361 simul
3503 5313 3662 5383 erant

2082 5376 2333 5453 Augusti.
2358 5380 2606 5436 Secundo
2625 5377 3104 5453 sgt'ibit'Justinus,
3122 5376 3349 5453 Lucium
3367 5376 3657 5453 quemdam

2083 5446 2206 5504 cum
2251 5451 2602 5506 Ptolemaeum
2649 5447 3024 5503 Christianum
3067 5449 3132 5500 ad
3169 5446 3496 5516 supplicium
3537 5446 3657 5516 duci

2081 5522 2311 5586 videret,
2348 5522 2431 5574 his
2459 5521 2638 5573 verbis
2678 5518 2915 5584 judicent
2952 5513 3311 5585 compellasse
3341 5538 3352 5571 :
3410 5515 3486 5569 Οὐ
3520 5513 3659 5586 πρε-

2081 5605 2250 5643 ποντα
2288 5583 2517 5644 Εὐσεϐεῖ
2566 5583 2946 5660 αὐτοκράτορι,
2993 5583 3114 5641 οὐδὲ
3168 5586 3461 5660 φιλοσόφου
3519 5583 3658 5636 καί.

2083 5677 2272 5731 σαρος-
2307 5660 2477 5713 παιδί.
2536 5660 2592 5712 Id
2636 5657 2763 5731 est:
2809 5657 2930 5731 Non
2982 5661 3094 5731 Itwc
3146 5668 3340 5731 deceat
3377 5657 3659 5731 imperato:

2081 5722 2191 5783 rem
2231 5722 2412 5795 Pium,
2477 5746 2581 5783 non
2627 5727 2931 5796 Philosophi
2982 5728 3207 5782 Ca'saris
3262 5722 3465 5795 ﬁlium.
3504 5722 3653 5796 Apud

2083 5792 2475 5856 Eusebium—iu
2531 5815 2650 5870 cap.
2681 5800 2744 5854 l7
2796 5792 2891 5853 lib.
2936 5814 2989 5854 tv
3043 5792 3496 5867 rectius'legitur
3537 5792 3652 5847 οὐδὲ
