3878 6518
417 411 524 466 375

1145 415 1414 471 EUSEBII
1450 413 1932 472 CESARIENSIS
1967 414 2118 472 OPP.
2156 413 2339 472 PARS
2374 415 2418 470 1.
2455 443 2526 458 ——
2564 411 2952 474 HISTORICA.

3571 418 3684 474 376

412 531 518 587 niis
555 533 774 588 asserit.
827 533 925 590 Est
972 543 1027 589 et
1072 536 1211 592 alius
1267 537 1412 593 liber
1468 541 1554 595 cui
1605 540 1820 596 titulum
1863 541 1978 597 fecil

2101 539 2161 592 ὲν
2200 531 2246 606 ᾧ
2318 537 2608 610 διαφόρους
2647 537 2870 602 πεύσεις
2908 536 3193 610 προτείνας
3233 537 3366 608 περὶ
3398 537 3495 590 τοῦ
3536 537 3687 592 κατά

411 620 650 679 Psalm.
685 625 838 681 Alius
895 628 1021 684 item
1073 639 1457 700 excerptorum
1487 631 1628 688 liber
1676 631 1752 687 De
1787 634 1988 696 anima,

417 715 611 784 inquo
658 718 952 787 propositis
996 721 1166 775 variis
1219 722 1744 794 interrOgationibus
1779 739 1898 795 qua:
1922 725 1991 779 ad

409 820 792 877 argumentum
826 812 956 868 illud
1005 815 1302 884 pertinent,
1335 817 1616 886 gentilium
1651 817 1993 888 philosopho-

410 914 530 953 rum
581 899 741 956 at't‘ert
793 906 1096 960 sententias
1125 924 1140 959 :
1168 908 1365 976 quibus
1409 909 1570 964 etiam
1623 923 1682 965 se
1710 911 1989 966 contradi-

409 1002 647 1061 cturum,
678 1011 939 1067 suamque
994 998 1060 1051 de
1107 999 1193 1052 his
1225 1000 1552 1054 sententiam
1583 1001 1636 1056 in
1683 1001 1793 1056 alio
1825 1017 1990 1072 opere

411 1086 746 1154 prolaturum
771 1103 893 1146 esse
919 1091 1218 1160 pollicetur.
1245 1091 1565 1164 Composuit
1606 1096 1772 1150 etiam
1803 1093 1990 1148 Dialo-

407 1195 529 1246 gum
559 1181 809 1236 adversus
834 1180 1074 1249 Judwos,
1108 1199 1267 1253 quem
1321 1186 1461 1254 apud
1498 1186 1767 1256 Ephesum
1801 1188 1989 1244 habuit

408 1283 532 1324 cum
561 1270 880 1342 Tryphone,
925 1276 1166 1329 omnium
1226 1286 1354 1331 tunc
1392 1281 1655 1347 temporis
1678 1278 1986 1334 Iudaeorum

405 1361 784 1420 celeberrimo.
836 1365 954 1434 Quo
1001 1371 1056 1423 in
1083 1369 1224 1425 libro
1250 1371 1480 1441 ingenue
1511 1380 1761 1437 testatur,
1797 1387 1986 1441 quem-

407 1453 696 1510 admodum
731 1473 828 1527 per
859 1459 1098 1514 divinam
1119 1461 1349 1531 gratiam
1379 1462 1445 1516 ad
1494 1477 1638 1516 verte
1712 1461 1836 1516 ﬁdei
1886 1464 1984 1518 do-

402 1545 637 1602 etrinam
663 1549 926 1620 impulsus
958 1551 1065 1613 sit;
1094 1562 1328 1623 etquam
1356 1564 1612 1610 contento
1635 1556 1783 1626 prius
1808 1556 1986 1611 studio

405 1636 460 1691 in
490 1639 890 1712 philosophiam
939 1644 1291 1711 incubuisset,
1350 1658 1661 1716 quantoque
1698 1649 1863 1702 animi
1889 1665 1984 1702 ar-

405 1729 539 1784 dore
567 1731 619 1786 in
649 1733 878 1787 veritate
912 1735 1334 1805 pervestiganda
1391 1737 1768 1793 laboravisset.
1798 1738 1985 1794 Refert

404 1820 569 1872 etiam
620 1819 835 1878 Judaeos
888 1823 1152 1879 adversus
1204 1825 1408 1881 Christi
1463 1828 1771 1883 doctrinam
1811 1829 1979 1885 multa

404 1910 664 1966 insidiose
726 1927 790 1966 ac
844 1915 1223 1970 fraudulenter
1271 1917 1614 1974 machinatos
1651 1919 1840 1985 fuisse,
1877 1922 1979 1976 hu-

399 2001 638 2069 iusmodi
703 2008 770 2061 ad
822 2009 1172 2080 Tryphonem
1232 2013 1415 2068 verbis
1457 2025 1616 2070 utens
1653 2034 1666 2069 :
1699 2035 1717 2067 ι
1745 2015 1979 2072 Tantum

404 2094 585 2157 abest,
639 2096 836 2167 inquit,
874 2109 1050 2156 utvos
1079 2117 1266 2158 eorum
1318 2119 1437 2172 qua:
1479 2105 1642 2177 impie
1688 2110 1980 2177 gesseratis

400 2189 739 2255 paenituerit.
768 2191 906 2259 Quin
940 2195 1048 2250 imo
1079 2197 1344 2265 quosdam
1378 2197 1445 2252 ad
1471 2198 1521 2253 id
1540 2198 1708 2253 lectos
1734 2199 1981 2256 homines

399 2278 455 2333 in
501 2295 690 2337 omnes
743 2284 892 2340 orbis
941 2295 1120 2355 partes
1172 2287 1450 2352 emisistis,
1490 2291 1582 2360 qui
1627 2291 1982 2348 dicerentse-

400 2381 543 2427 ctam
569 2373 855 2443 impiorum
884 2375 1313 2435 Christianorum
1354 2391 1598 2438 exortam
1634 2399 1778 2451 esse,
1808 2399 1980 2455 eaque

401 2463 658 2521 adversus
711 2483 807 2522 nos
841 2470 1040 2537 probra
1069 2471 1428 2542 divulgarent,
1490 2489 1612 2546 qlia:
1643 2476 1860 2533 etfutire
1887 2494 1978 2532 so-

399 2555 514 2610 lent
536 2556 570 2610 ii
603 2559 692 2627 qui
722 2574 810 2614 res
836 2569 1052 2616 nostras
1087 2563 1307 2632 penitus
1332 2565 1606 2634 ignorant.
1661 2568 1814 2622 Adeo
1868 2583 1974 2622 non

394 2646 574 2701 solum
606 2649 758 2703 vobis
783 2649 933 2718 ipsis,
957 2651 1053 2706 sed
1086 2654 1321 2719 cunctis,
1352 2664 1410 2710 ut
1437 2655 1510 2710 ita
1556 2658 1758 2725 dicam,
1795 2658 1975 2716 homi-

397 2736 557 2793 nibus
586 2739 794 2794 erroris
841 2753 1002 2811 atque
1033 2743 1310 2812 iniustitia:
1343 2762 1571 2803 causam
1632 2754 1910 2818 praebetis.
1950 2773 1968 2806 ι

397 2829 507 2884 Sed
532 2841 588 2886 et
621 2831 673 2886 in
700 2833 892 2887 eodem
928 2834 1087 2902 libro,
1112 2839 1409 2909 praphetiaa
1459 2846 1600 2897 dona
1635 2844 1813 2898 adhuc
1872 2859 1972 2900 sua

391 2933 559 2981 mtate
591 2927 643 2982 in
684 2925 931 2983 Ecclesia
973 2932 1207 2999 viguisse
1250 2932 1462 2989 scribit.
1502 2933 1730 2992 Joannis
1751 2952 1974 3008 quoque

392 3016 801 3080 llevelationem
867 3037 1302 3093 commemorat,
1357 3042 1520 3097 quam
1593 3030 1662 3085 ab
1728 3031 1971 3101 apostolo

393 3113 761 3186 conscriptam
790 3131 912 3174 esse
952 3119 1156 3175 diserte
1207 3119 1358 3176 dicit.
1387 3120 1645 3188 Quaedam
1677 3123 1806 3180 item
1839 3140 1968 3196 pro-

2097 631 2197 703 τὴν
2225 631 2482 684 ὑπόθεσιν
2507 631 2713 704 προϐλή
2722 650 2889 704 ματος
2909 673 2924 697 ,
2965 632 3075 686 τῶν
3103 632 3232 704 παρ’
3275 632 3506 703 Ἕλλησι,
3538 630 3687 699 φιλο-

2099 724 2282 793 σόφων
2314 723 2670 796 παρατίθεται
2721 724 2822 788 τάς
2869 722 3057 792 δόξας,
3108 719 3197 788 αἷς
3236 725 3330 779 καὶ
3380 722 3687 788 ἀντιλέξειν

2098 817 2458 887 ὑπισχνεῖται,
2481 818 2580 888 τήν
2602 834 2661 870 τε
2680 817 2840 881 αὐτὸς
2867 816 3031 871 αὐτοῦ
3051 817 3205 883 δόξαν
3232 819 3288 869 ὲν
3310 816 3486 889 ἑτέρῳ
3507 831 3690 886 παρα-

2095 908 2358 978 θήσεσθαι
2378 909 2788 980 συγγράμματι.
2817 909 2928 962 Kal.
2947 907 3232 978 Διάλογον
3259 907 3315 960 δὲ
3349 907 3504 975 πρὸς
3534 904 3684 961 Ἰου-

2095 1000 2306 1066 δαίους
2337 1001 2645 1067 συνέταξεν,
2666 1000 2725 1054 ὃν
2747 1001 2840 1054 ἐπὶ
2859 1001 2957 1071 τῆς
2996 1001 3258 1070 Ἐφεσίων
3288 999 3499 1062 πόλεως
3537 998 3682 1070 πρὸς

2100 1092 2370 1165 Τρύφωνα
2395 1093 2503 1147 τῶν
2544 1093 2664 1147 τότε
2704 1092 2969 1164 Ἐϐραίων
3009 1092 3406 1164 ἐπισημότατον
3444 1091 3682 1162 πεποίη-

2089 1202 2217 1238 ται·
2249 1187 2305 1239 ὲν
2341 1179 2386 1253 ᾧ
2415 1187 2538 1240 τίνα
2569 1186 2769 1256 τρόπον
2796 1187 2830 1257 ἡ
2872 1184 2990 1238 θεία
3034 1185 3194 1258 χάρις
3238 1185 3400 1238 αὑτὸν
3443 1184 3540 1237 ἐπὶ
3581 1184 3681 1236 τὸν

2091 1280 2190 1346 τῆς
2251 1278 2488 1341 πίστεως
2541 1278 2882 1350 παρώρμησε
2935 1277 3094 1347 λόγον
3136 1276 3323 1348 δηλοῖ,
3367 1275 3561 1330 ὁποίαν
3613 1292 3680 1329 τε

2089 1371 2354 1442 πρότερον
2381 1371 2510 1442 περὶ
2549 1371 2618 1424 τὰ
2646 1371 2910 1441 φιλόσοφα
2971 1371 3267 1443 μαθήματα
3297 1369 3537 1441 σπουδὴν
3563 1370 3684 1422 εισ-

2091 1461 2398 1526 ενήνεκται,
2430 1462 2524 1515 καὶ
2549 1462 2680 1531 ὅσην
2705 1462 2997 1534 ἐποιήσατο
3029 1461 3130 1531 τῆς
3157 1460 3416 1530 ἀληθείας
3440 1459 3684 1530 ἐκθυμο-

2093 1553 2266 1624 τάτην
2299 1553 2548 1626 ζήτησιν.
2594 1555 2820 1624 Ἱστορεῖ
2847 1553 2891 1606 δ’
2916 1555 2974 1607 ἐν
3003 1551 3186 1623 ταύτῷ
3208 1552 3337 1624 περὶ
3378 1550 3679 1615 Ἰουδαίων,

2085 1649 2162 1714 ὡς
2208 1647 2351 1701 κατὰ
2403 1648 2502 1718 τῆς
2549 1645 2642 1700 τοῦ
2703 1644 2941 1718 Χριστοῦ
2989 1643 3333 1708 διδασκαλίας
3382 1642 3682 1703 ἐπιϐουλὴν

2089 1739 2618 1809 συσκευασαμένων,
2669 1736 2810 1790 αύτά
2860 1736 3030 1791 ταῦτα
3073 1735 3211 1808 πρὸς
3261 1735 3354 1788 τὸν
3396 1733 3684 1805 Τρύφωνα

2087 1832 2538 1901 ἀποτεινόμενος
2592 1848 2610 1881 t
2646 1830 2719 1882 Οὐ
2769 1829 2926 1901 μόνον
2965 1830 3022 1883 δὲ
3069 1832 3130 1884 οὐ
3179 1833 3547 1902 μετενοήσατε
3587 1831 3683 1900 ἐφ’

2083 1919 2165 1987 οἷς
2194 1923 2467 1996 ἐπράξατε
2485 1921 2672 1987 κακῶς
2701 1922 2798 1993 (9),
2825 1922 2960 1976 ἀλλά
2980 1923 3179 1994 ἄνδρας
3197 1924 3491 1988 ἐκλεκτοὺς
3518 1923 3683 1978 ἐκλεο

2089 2017 2310 2088 ξάμενοι
2349 2016 2472 2068 τότε
2509 2015 2617 2068 ἀπὸ
2653 2015 3035 2086 Ἰερουσαλὴμ,
3077 2015 3422 2086 ἐξεπέμψατε
3455 2018 3538 2080 είς
3568 2017 3684 2069 πᾶ-

2085 2124 2185 2161 σαν
2215 2106 2314 2180 τὴν
2339 2107 2443 2178 γῆν
2462 2105 2711 2173 λέγοντες
2728 2145 2742 2170 ,
2778 2106 2986 2177 αἰρεσιν
3014 2104 3170 2159 ἄθεον
3195 2106 3540 2178 Χριστιανῶν
3585 2123 3690 2160 πε·

2085 2198 2316 2269 φάνθαι,
2369 2196 2765 2265 καταλέγοντες
2800 2213 2861 2249 τε
2907 2196 3078 2250 ταῦτα
3101 2237 3116 2262 ,
3149 2196 3292 2268 άπερ
3330 2197 3456 2251 καθ’
3513 2197 3683 2268 ήμῶν

2086 2293 2134 2345 οί
2169 2291 2487 2360 ἀγνοοῦντες
2513 2291 2662 2361 ἡμᾶς
2684 2288 2926 2352 ἅπαντες
2948 2288 3219 2358 λέγουσιν,
3249 2288 3391 2341 ὥστε
3416 2290 3478 2342 οὐ
3510 2289 3681 2360 μόνον

2080 2387 2295 2448 ἑαυτοῖς
2322 2384 2534 2447 ἀδικίας
2560 2382 2722 2436 αίτιοι
2745 2381 3038 2454 ὑπάρχετε,
3073 2381 3208 2435 ἀλλὰ
3233 2383 3325 2436 καὶ
3347 2385 3462 2445 τοῖς
3487 2383 3684 2446 ἄλλοις

2079 2477 2284 2532 ἅπασιν
2331 2476 2516 2540 ἁπλῶς
2559 2474 2885 2547 ἀνθρώποις.
2930 2493 2948 2526 ι
2988 2474 3194 2549 Γράφει
3232 2475 3290 2528 δὲ
3330 2477 3426 2528 καὶ
3477 2475 3557 2540 ὡς
3589 2475 3687 2531 ὅτι

2080 2569 2190 2641 (10)
2217 2569 2378 2640 μέχρι
2411 2568 2507 2622 καὶ
2545 2566 2710 2621 αὑτοῦ
2741 2567 3051 2638 χαρίσματα
3088 2567 3402 2640 προφητικά
3446 2567 3686 2639 διέλαμ-

2079 2680 2179 2715 πεν
2211 2663 2304 2715 ἐπὶ
2326 2663 2424 2732 τῆς
2458 2660 2802 2732 Ἐκκλησίας.
2840 2660 3130 2731 Μέμνηται
3158 2660 3213 2713 δὲ
3240 2661 3458 2732 καὶτῆς
3489 2662 3690 2716 Ἰωάνα

2077 2770 2170 2808 νου
2201 2753 2638 2822 Ἀποκαλύψεως,
2674 2753 2862 2823 σαφῶς
2884 2752 2976 2806 τοῦ
2998 2753 3295 2807 ἀποστόλου
3323 2754 3500 2825 αὐτὴν
3530 2749 3685 2808 εἶναι

2076 2845 2270 2915 λέγων.
2305 2846 2415 2898 Καὶ
2437 2844 2616 2916 ῥητῶν
2642 2845 2699 2898 δέ
2728 2861 2888 2897 τινων
2915 2843 3266 2915 προφητικῶν
3305 2844 3680 2915 μνημονεύει,

2076 2937 2366 3008 διελέγχων
2391 2936 2482 2989 τὸν
2508 2933 2804 3006 Τρύφωνα,
2842 2933 2918 2998 ὡς
2958 2933 3024 2987 ἂν
3064 2932 3484 3004 περικοψάντων
3528 2934 3685 2988 αὐτὰ

2086 3029 2357 3083 Ἰουδαίων
2408 3027 2518 3080 ἀπὸ
2569 3027 2671 3098 τῆς
2719 3026 2961 3098 Γραφῆς.
3012 3025 3244 3078 Πλεῖστα
3287 3024 3343 3078 δὲ
3377 3024 3475 3077 καὶ
3508 3026 3686 3093 ἕτερα

2074 3122 2225 3192 παρά
2261 3120 2476 3183 πολλοῖς
2520 3117 2744 3190 φέρεται
2788 3117 3037 3187 ἀδελφοῖς
3073 3116 3182 3170 τῶν
3241 3115 3409 3170 αὑτοῦ
3467 3117 3680 3172 πόνων.

390 3205 677 3275 phetarum
706 3211 1011 3266 testimonia
1035 3213 1267 3283 profert,
1299 3229 1421 3283 qua:
1443 3215 1705 3271 adversus
1721 3215 1966 3289 Trypho-

2088 3212 2296 3268 Οὐτωσὶ
2326 3212 2384 3266 δὲ
2413 3210 2652 3280 σπουδῆς
2677 3206 2816 3264 εἶναι
2841 3208 2981 3276 ἄξιοι
3010 3210 3105 3262 καὶ
3130 3210 3241 3272 τοῖς
3269 3209 3526 3273 παλαιοῖς
3557 3210 3686 3263 ἐδά-

392 3312 514 3352 nem
540 3299 850 3370 disputans,
886 3320 914 3357 a
946 3302 1147 3360 Judzeis
1175 3321 1206 3361 e
1234 3307 1408 3361 sacris
1466 3307 1622 3362 tihris
1661 3310 1833 3365 recisa
1882 3321 1968 3366 ειν

392 3405 498 3458 que
526 3405 798 3464 expuncta
849 3411 971 3452 esse
1006 3397 1306 3454 convincit.
1354 3399 1584 3454 Exstant
1605 3410 1658 3455 et
1687 3403 1795 3456 alia
1823 3418 1971 3458 com-

393 3483 549 3549 plura
587 3484 828 3554 ejusdem
861 3490 1128 3557 0puscula
1174 3505 1344 3558 penes
1395 3492 1594 3548 multos
1620 3493 1740 3547 ﬁdei
1774 3503 1974 3549 nostra:

393 3574 652 3631 cultores.
691 3577 852 3632 Tanti
909 3579 1066 3652 ιήι
1103 3596 1266 3650 porro
1313 3583 1568 3638 aestimati
1605 3594 1730 3639 sunt
1753 3585 1971 3639 etiama

396 3668 670 3723 veteribus
724 3669 867 3724 illius
925 3671 1070 3735 libri,
1109 3683 1168 3725 ut
1229 3672 1467 3726 tremens
1493 3673 1608 3743 ejus
1640 3675 1974 3730 testimoniis

395 3758 666 3814 interdum
709 3770 914 3815 utatur.
967 3761 1100 3818 Nam
1171 3773 1225 3819 et
1280 3764 1333 3818 in
1382 3763 1522 3820 libro
1561 3778 1755 3835 quarto
1779 3766 1976 3824 Contra

395 3849 616 3905 lucrare:
661 3851 779 3906 hac
832 3852 1039 3909 habet:
1081 3871 1100 3904 ι
1142 3853 1430 3921 Praeclare,
1478 3857 1673 3927 inquit,
1707 3875 1735 3912 a
1764 3858 1976 3916 .lustino

394 3941 598 3996 dictum
624 3943 710 4016 δι
743 3945 796 3998 in
831 3943 970 4012 libro
1000 3945 1260 4002 Adversus
1291 3947 1612 4003 Marcionem
1640 3966 1660 4004 :
1699 3967 1719 4002 ‹
1763 3949 1842 4006 Ne
1872 3951 1974 4021 ipsi

401 4051 421 4085 ι
459 4034 675 4105 quidem
727 4037 977 4106 Domino,
1023 4039 1119 4106 ait,
1147 4041 1452 4096 crediturus
1477 4042 1749 4112 essem,-si
1803 4043 1972 4098 alium

399 4144 418 4177 ι
459 4125 626 4182 Deum
661 4131 978 4198 praedicaret
1005 4147 1166 4201 quam
1193 4133 1375 4187 mundi
1408 4133 1812 4191 Conditorem.)
1837 4135 1972 4190 Etin

394 4218 585 4286 quinto
618 4220 861 4291 ejusdem
885 4224 1066 4292 operis
1119 4223 1295 4280 libro:
1331 4244 1349 4276 ι
1411 4203 1600 4290 Recte.
1650 4228 1846 4298 inquit,
1875 4227 1972 4283 Ju-

395 4309 576 4365 stinus
597 4310 756 4376 dixit,
783 4311 1044 4368 Satanam
1097 4324 1226 4369 ante
1256 4315 1551 4372 adventum
1588 4318 1800 4373 Domini
1827 4335 1972 4373 nun-

393 4418 556 4470 quam
603 4419 793 4460 ausum
833 4405 1002 4463 fuisse
1054 4409 1218 4478 impie
1260 4407 1410 4478 loqui
1456 4412 1722 4466 adversus
1771 4411 1964 4476 Deum,

2081 3322 2213 3359 κουν
2243 3305 2294 3357 oi
2325 3303 2550 3375 τάνδρὸς
2574 3301 2756 3371 λόγοι,
2792 3301 2867 3364 ὡς
2891 3300 2981 3354 τὸν
3011 3301 3298 3372 Εἰρηναῖον
3343 3301 3685 3371 ἀπομνημο-

2079 3395 2255 3450 νεύειν
2281 3393 2444 3448 αύτοῦ
2479 3393 2682 3462 φωνὰς.
2710 3392 2867 3446 τοῦτο
2907 3392 3004 3462 μὲν
3036 3393 3092 3444 ὲν
3120 3390 3198 3462 τῷ
3229 3391 3479 3462 τετάρτῳ
3511 3392 3684 3460 Πρὸς

2075 3486 2190 3553 τὰς
2208 3485 2491 3553 αἱρέσεις.
2527 3482 2664 3538 αὐτά
2691 3481 2753 3550 δὴ
2783 3481 2954 3536 ταῦτα
2973 3481 3290 3550 ἐπιλέγοντα
3311 3499 3324 3512 ·
3360 3502 3379 3532 ‹
3425 3483 3538 3536 Καὶ
3571 3501 3684 3536 ica-

2081 3575 2190 3639 λῶς
2226 3577 2508 3638 Ἰουστῖνος
2551 3575 2608 3627 ὲν
2653 3572 2730 3644 τῷ
2763 3573 2917 3640 Πρὸς
2955 3573 3278 3640 Μαρκίωνα
3325 3573 3683 3644 συντάγματι

2086 3686 2283 3740 φησιν,
2308 3667 2579 3739 ὅτιοΑύτῷ
2598 3666 2676 3737 τῷ
2705 3667 2894 3738 Κυρίῳ
2934 3666 3040 3720 οὐδ’
3083 3665 3149 3720 ἂν
3180 3665 3444 3738 ἐπείσθην
3465 3707 3480 3730 ,
3512 3666 3683 3720 ἄλλον

2083 3761 2215 3815 Θεὸν
2253 3761 2674 3830 καταγγέλλοντι
2720 3748 2873 3830 παρὰ
2901 3755 2990 3811 τὸν
3026 3758 3398 3831 Δημιουργόνο
3454 3777 3474 3810 ι
3510 3758 3682 3812 τοῦτο

2082 3855 2139 3908 δὲ
2169 3857 2226 3908 ὲν
2247 3853 2324 3925 τῷ
2355 3854 2591 3924 πέμπτῳ
2619 3852 2720 3922 τῆς
2756 3850 2926 3921 αὐτῆς
2956 3850 3264 3914 ὑποθέσεως
3295 3849 3385 3903 διά
3425 3849 3640 3904 τούτων
3661 3870 3674 3881 ·

2088 3964 2106 3996 ι
2149 3945 2259 3998 Καὶ
2295 3943 2474 4006 καλῶς
2505 3945 2532 3996 ὁ
2573 3943 2853 4005 Ἰουστῖνος
2884 3941 2986 4012 ἔφη
3007 3981 3020 4002 ,
3047 3943 3129 3994 ὅτι
3167 3941 3274 4014 πρὸ
3313 3941 3418 4012 μὲν
3443 3942 3544 4012 τῆς
3571 3941 3677 3995 τοῦ

2080 4035 2288 4108 Κυρίου
2338 4035 2641 4106 παρουσίας
2688 4034 2945 4088 οὐδέποτε
2995 4033 3296 4105 ἐτόλμησεν
3333 4036 3362 4087 ὁ
3418 4035 3677 4099 Σατανᾶς

2083 4128 2474 4200 βλασφημῆσαι
2503 4127 2593 4180 τὸν
2619 4127 2772 4191 Θεὸν,
2801 4127 2896 4180 ἅτε
2931 4125 3154 4198 μηδέπω
3181 4127 3338 4190 εἰδὼς
3367 4126 3540 4180 αὑτοῦ
3567 4127 3679 4198 τὴν

2079 4221 2428 4292 κατάκρισιν.
2490 4239 2508 4271 ι
2562 4220 2675 4274 Καὶ
2717 4218 2892 4273 ταῦτα
2933 4219 2988 4272 δὲ
3027 4220 3342 4290 ἀναγκαίως
3397 4219 3678 4291 εἰρήσθω,

2078 4321 2158 4381 είς
2185 4315 2496 4388 προτροπὴν
2519 4315 2612 4368 τοῦ
2647 4314 2783 4385 μετά
2813 4315 3046 4385 σπουδῆς
3074 4316 3200 4379 τοὺς
3226 4315 3549 4387 φιλομαθεῖς
3573 4316 3681 4369 καὶ

2076 4406 2203 4468 τοὺς
2230 4405 2419 4457 τούτου
2447 4402 2728 4475 περιέπειν
2755 4402 2967 4474 λόγους.
2989 4404 3098 4457 Καὶ
3129 4405 3199 4459 τά
3227 4405 3325 4477 μὲν
3349 4403 3495 4459 κατά
3516 4405 3679 4459 τόνδε

392 4493 593 4564 quippe
636 4493 729 4564 qui
790 4495 1204 4554 damnationem
1258 4513 1410 4552 suam
1480 4500 1716 4555 nondum
1771 4501 1974 4570 liquido

2088 4495 2304 4550 τοιαῦτα
2329 4491 2418 4567 ἦν.

394 4635 774 4689 obscuriorum
799 4632 1165 4702 quaestionum
1201 4636 1267 4688 de
1293 4634 1696 4695 lucarnationc.
1728 4632 1973 4703 Qitmslio

393 4705 540 4759 enim
580 4704 699 4776 ipsa
735 4704 888 4776 tituli
927 4703 1042 4758 loco
1073 4705 1441 4776 praamittitur,
1470 4708 1670 4763 deinde
1699 4707 1979 4776 subjungi-

395 4785 484 4848 tur
517 4774 806 4848 expositio.
841 4773 1283 4848 .Sententiaitem
1327 4791 1423 4848 seu
1467 4779 1663 4848 dogma
1706 4773 1977 4848 interdum

279 4896 289 4908 ,
396 4843 514 4897 vice
546 4843 690 4898 tituli
719 4859 814 4898 seu
850 4843 1051 4898 iudicis
1082 4845 1382 4913 prwligitur
1412 4847 1516 4902 hoc
1542 4843 1710 4904 inodo
1734 4847 1838 4911 ὅτι,
1871 4858 1976 4900 etc.

336 4944 344 4962 .
398 4913 599 4968 Deinde
623 4914 929 4984 apponitur
951 4914 1391 4979 demonstratio,
1442 4925 1500 4969 ut
1549 4917 1736 4971 videre
1800 4924 1884 4970 est
1928 4919 1978 4969 in

397 4983 1376 5064 supradictoqxrilli“Alexandrini
1432 4987 1594 5064 libro.
1655 4987 1976 5064 Hujusrnodi

395 5050 499 5107 fuit
544 5050 740 5109 Justini
788 5050 928 5109 liber
974 5053 1052 5108 De
1089 5055 1272 5107 anima
1325 5070 1344 5108 :
1395 5050 1981 5124 quasstiones'scilicet

391 5138 458 5178 ac
483 5127 772 5180 sententiae
796 5125 1045 5193 qumdam
1077 5125 1143 5178 de
1173 5134 1366 5196 natura
1400 5138 1452 5178 et
1510 5129 1721 5196 origine
1769 5127 1980 5180 anima-

394 5209 520 5266 rum
560 5196 811 5264 :quibus
835 5195 1120 5262 subiuncta
1144 5204 1267 5266 erat
1321 5195 1522 5250 Justiui
1581 5198 1853 5266 expositio
1913 5211 1981 5250 ac

394 5263 816 5336 demonstratio.
868 5266 1111 5336 Exstant
1144 5263 1308 5319 hodie
1356 5263 1666 5320 Alexandri
1709 5265 1982 5336 Aphrodi-

393 5334 593 5406 siensis
616 5336 738 5390 libri
778 5338 885 5391 duo
917 5333 997 5388 De
1027 5335 1228 5406 animo,
1255 5350 1392 5402 quos
1419 5333 1982 5406 axdktajure’vocare

382 5405 594 5476 .possis.
623 5407 762 5460 Sunt
789 5407 936 5461 enim
979 5406 1032 5476 in
1055 5405 1397 5476 scholiorunt
1423 5405 1641 5461 medum
1706 5421 1770 5460 ea
1817 5423 1978 5476 quam

395 5475 509 5545 dixi
536 5476 742 5530 ratione
779 5475 1087 5545 compositi.
1114 5473 1431 5545 liujusmodi
1461 5478 1624 5530 etiam
1647 5478 1798 5530 fuere
1823 5473 1983 5530 schn-

399 5543 600 5616 liorum
633 5547 755 5600 libri
782 5543 1004 5601 centum
1038 5544 1346 5616 ah_Amelio
1371 5546 1721 5616 philosopho
1755 5561 1980 5616 compo-

397 5613 514 5685 siti,
550 5630 779 5681 quorum
819 5616 1068 5685 meminit
1113 5613 1452 5685 Porphyrius
1503 5618 1554 5668 in
1593 5613 1794 5685 Plotini
1839 5613 1979 5669 Vita.

397 5683 658 5749 Eiusdem
692 5686 996 5752 argumenti
1033 5684 1201 5737 fuisse
1236 5683 1488 5738 videntur
1519 5685 1638 5742 libri
1683 5684 1983 5740 ἐπιλέκτων

399 5751 613 5825 σχολῶν
648 5769 677 5805 a
705 5751 941 5825 Diogene
975 5753 1234 5825 ’ξύνεσιιεί
1270 5756 1577 5825 contipositi,
1612 5772 1843 5825 quorum
1878 5774 1984 5811 Ine-

399 5821 564 5878 tninit
597 5823 848 5878 Laertius
881 5823 934 5877 in
967 5821 1228 5893 Epicuro.
1272 5821 1515 5892 Denique
1558 5821 1804 5881 ScholiOn
1851 5845 1958 5881 nou

401 5910 679 5969 nunquam
707 5893 905 5950 dicitur
939 5896 1089 5950 lucus
1118 5909 1186 5951 ex
1215 5896 1397 5964 aliquo
1449 5898 1721 5967 scriptore
1767 5914 1958 5965 excer-

2084 4644 2224 4703 ptus.
2243 4631 2334 4686 Sic
2353 4632 2493 4701 apud
2519 4633 2876 4702 Epiphanium
2897 4634 2950 4688 in
2973 4635 3162 4688 hzeresi
3189 4633 3678 4701 Marcionitarnm,

2084 4720 2208 4772 pag.
2233 4703 2338 4776 522
2364 4720 2378 4756 :
2407 4703 2553 4776 ᾼύτὴ
2591 4705 2688 4776 μέν
2709 4707 2808 4775 τῆς
2847 4706 3252 4776 προειρημένης
3281 4704 3438 4774 ὑμῶν
3469 4706 3681 4759 ὑποθέ-

2085 4789 2225 4848 σεως
2250 4773 2786 4848 ἡ-σχολιοποιηθεῖσα
2823 4773 3562 4848 σύντομοςί-ύπομνηματικὴ
3583 4847 3589 4848 γ
3612 4778 3680 4841 ἐξ

2085 4793 2225 4836 σεως
2250 4793 2284 4843 η
2319 4793 2590 4843 σχοΑιοποι
2632 4793 2786 4826 υεισα
2823 4793 3085 4844 σύντομος
3122 4793 3562 4848 υπομνηματικη
3612 4793 3677 4841 ες

2083 4844 2434 4916 ἀντιγράφων
2454 4843 2547 4896 τοῦ
2572 4793 2896 4915 Ιᾶαρκίωνος
2921 4844 3171 4916 σύνταξις
3198 4844 3333 4916 πρὸς
3359 4844 3514 4909 ἔπος.
3565 4847 3677 4899 Se-

2083 4914 2273 4988 quitur
2301 4914 2729 4988 posteaqéhtw
2761 4916 2869 4968 ἀπὸ
2895 4915 3000 4988 τοῦ
3026 4914 3345 4988 εὐαγγελίου
3377 4916 3485 4988 *τοῦ
3512 4917 3679 4988 παρὰ

2083 4984 2393 5056 Μαρκίωνι.
2451 4983 2774 5050 υὺΓι-ἰιιεε,
2831 4986 3075 5041 scholion
3136 4985 3284 5056 nihil
3339 4985 3492 5040 aliud
3545 4983 3680 5042 esse

2085 5053 2250 5118 quam
2276 5054 2450 5108 locum
2475 5067 2792 5125 excerptum
2826 5071 2893 5110 ex
2927 5055 3205 5124 evangelio
3237 5053 3560 5117 Marcionis,
3581 5061 3676 5111 cui

2087 5125 2422 5193 Epiphanius
2485 5126 2866 5180 refutationem
2923 5126 3218 5194 subjungit.
3289 5126 3365 5179 Ita
3426 5127 3678 5181 δειλοιὸοη

2091 5195 2341 5246 ίςιιηοηιίἰ
2368 5195 2570 5249 dicitur
2600 5199 2650 5248 in
2685 5194 3058 5263 Disputatione
3078 5196 3362 5249 orthodoxi
3396 5214 3519 5249 cum
3553 5196 3678 5250 Eu-

2085 5263 2259 5338 nomia
2286 5278 2446 5331 quam
2504 5266 2675 5318 edidit
2714 5265 2967 5338 Gauisius
3015 5275 3162 5320 tonio
3194 5263 3256 5320 ν.
3313 5267 3486 5338 Recte
3536 5281 3677 5338 ergo

2089 5333 2454 5408 llierouymns
2477 5343 2722 5408 excerpta
2766 5336 3176 5402 interpretatur,
3219 5350 3356 5404 quas
3394 5333 3677 5408 OrigeuES

2087 5403 2414 5472 σημειώσεις
2438 5419 2530 5473 seu
2558 5405 2742 5472 σχόλια
2775 5407 3158 5473 appellaverat.

2161 5468 2237 5543 (9)
2286 5474 2406 5542 Ἐφ’
2430 5468 2520 5538 οἷς
2547 5468 2858 5542 ἐέἑράξατέ
2873 5474 3088 5540 κακῶς.
3122 5475 3179 5528 In
3219 5474 3356 5534 Fuk.
3412 5488 3469 5532 et
3535 5477 3670 5532 Sav.

2087 5544 2348 5611 scripturn
2380 5553 2463 5598 est
2503 5546 2714 5608 κακοῖς,
2745 5560 2850 5596 non
2879 5547 3040 5598 male.

2157 5613 2270 5682 (l0)
2303 5612 2526 5682 Γράφει
2553 5613 2622 5665 δὲ
2649 5615 2747 5666 καὶ
2776 5615 2857 5678 ὠς
2879 5614 2987 5669 ὅτι.
3019 5614 3375 5670 Pleonasmus
3403 5628 3513 5680 est,
3541 5633 3670 5670 cum

2087 5685 2472 5756 alterutrajox
2513 5682 2904 5756 sulliciatLNisi
2927 5685 3066 5741 forte
3082 5687 3203 5756 quis
3234 5687 3386 5740 malit
3416 5690 3672 5742 scribere

2087 5754 2162 5814 ὡς
2185 5752 2275 5826 {tt
2290 5753 2452 5826 μέχρι
2493 5753 2588 5806 καὶ
2621 5753 2808 5826 αὐτοῦ,
2832 5768 2938 5808 etc.
2975 5756 3081 5811 Sed
3099 5752 3253 5810 niihil
3277 5773 3414 5826 opus
3446 5771 3534 5812 est
3563 5761 3670 5814 hac

2088 5825 2486 5893 emendatione,
2512 5841 2634 5877 eum
2689 5825 3036 5893 pleonasmus
3099 5829 3186 5881 hic
3245 5825 3536 5882 lamiliaris
3590 5831 3669 5884 sit

2087 5892 2337 5947 Eusebio.
2363 5892 2440 5947 lla
2470 5895 2612 5949 enim
2637 5892 2875 5965 loquitur
2901 5897 2953 5953 in
2982 5913 3099 5969 cap.
3126 5897 3197 5952 ‘22
3244 5898 3405 5966 hujus
3439 5899 3584 5955 libri.
