3878 6490
524 372 632 431 425

1208 369 1504 425 'EUSEBll
1542 367 2024 426 CESARIENSIS
2059 367 2212 425 OPP.
2251 367 2433 424 PARS
2470 365 2511 425 l.
2551 396 2620 441 τ-
2656 362 3056 425 HISTORICA.
3690 372 3771 427 421

522 494 884 543 cernerentur
912 500 942 540 a
972 485 1205 540 cmtcris.
1236 485 1447 555 Quippe
1496 485 1574 541 illi
1628 485 1848 556 quidem
1905 485 2096 541 hilares

2210 456 2429 558 διῄεσαν
2463 487 2521 540 ἐν
2540 485 2618 557 τῷ
2655 485 3019 559 ἀμφιθεάτρῳ
3044 484 3132 539 διά
3175 483 3356 555 πάοης
3390 484 3682 551 κολάσεως,
3713 489 3774 552 ὡς

523 581 882 641 accedebant,
930 577 1272 647 maiestatem
1303 579 1592 648 quamdam
1623 579 1900 634 venustati
1941 579 2102 634 inter-

524 672 742 727 tnistam
776 668 1017 724 vultibus
1051 668 1440 738 praeferentes;
1475 668 1613 723 adeo
1638 678 1696 722 ut
1727 668 1938 723 vincula
1965 684 2104 739 pra-

520 765 740 833 cipuum
789 762 920 832 ipsis
947 773 1203 815 ornatum
1242 760 1899 826 addidisse'viderentur,
1933 762 2107 817 instar

523 870 738 923 spouszc
793 853 1022 906 ﬁmbriis
1066 853 1249 906 aureis
1271 852 1567 921 Variegatis
1614 865 1822 907 ornata:
1850 869 1864 906 :
1894 854 1960 907 ad
1991 854 2106 908 haec

522 961 744 999 suavem
797 944 999 998 Christi
1052 944 1280 998 odorem
1322 944 1617 1013 spirantes,
1648 945 1724 999 ita
1752 954 1813 998 ut
1864 944 2101 999 nonnulli

525 1047 742 1091 terreno
790 1051 884 1091 eos
929 1046 1207 1102 unguento
1259 1035 1533 1091 delibutus
1572 1045 1848 1107 putarent.
1882 1035 1943 1090 lli
1976 1051 2105 1092 vero

521 1125 764 1183 demisso
784 1126 957 1191 vultu,
994 1124 1191 1193 abiecti
1224 1135 1280 1180 et
1312 1127 1542 1196 squalidi
1586 1142 1650 1181 ac
1678 1126 1904 1189 sordidi,
1930 1128 2111 1181 omni-

519 1235 627 1290 que
676 1219 1041 1274 deformitatis
1090 1232 1292 1288 genere
1354 1219 1644 1286 cooperti:
1677 1219 1745 1273 ab
1804 1219 1936 1289 ipsis
1973 1217 2103 1287 quin

518 1311 684 1366 etiam
715 1309 1011 1379 gentilibus
1062 1308 1265 1379 probro
1299 1307 1477 1363 aﬁ‘ecti
1505 1317 1692 1378 utpote
1722 1308 1902 1378 ignavi
1942 1311 2106 1378 atque

520 1402 787 1468 imbelles,
810 1402 902 1471 qui
934 1400 1329 1455 homicidarum
1360 1401 1578 1470 quidem
1608 1402 1712 1457 sibi
1746 1401 1873 1470 ipsis
1895 1402 2103 1457 crimen

518 1495 930 1563 imposuissent,
963 1491 1404 1547 Christianorum
1434 1502 1616 1546 autem
1652 1491 2019 1547 venerandum
2050 1500 2104 1544 ct

519 1586 813 1656 gloriosum
856 1601 920 1639 ac
948 1584 1190 1639 salutare
1222 1598 1419 1637 nomen
1452 1582 1782 1639 amisissent.
1820 1583 1951 1651 Quae
1979 1598 2102 1638 cum

518 1680 705 1733 (ταξιοτέ
747 1677 1034 1740 viderent,
1101 1692 1431 1747 magnopere
1486 1675 1978 1731 conﬁrmabantur.
2039 1675 2106 1730 Et

518 1774 562 1828 si
602 1786 765 1843 quem
804 1783 988 1838 postea
1031 1770 1422 1838 comprehendi
1479 1770 1809 1839 contigerat,
1847 1770 1892 1825 is
1918 1770 2102 1825 statim

520 1864 732 1932 absque
763 1862 868 1915 ulla
892 1864 1247 1917 cunctatione
1266 1862 1656 1930 conﬁtebatur,
1683 1879 1750 1919 ne
1773 1862 2103 1930 cogitatione
2134 1841 2175 1895 Β

518 1955 737 2024 qnident
797 1959 956 2007 tenus
1006 1952 1293 2008 consilium
1361 1943 1638 2025 lcl'ae
1698 1955 2099 2024 suggestionem

519 2046 786 2101 dzrmouis
849 2046 1167 2100 admittens.
1206 2062 1227 2097 ι
1272 2045 1467 2101 Paucis
1514 2047 1714 2102 deinde
1772 2046 2098 2116 interiectis,

520 2135 717 2191 iterum
763 2136 881 2191 hsce
935 2136 1270 2206 subjiciunt:
1302 2155 1321 2189 ι
1359 2138 1455 2193 llis
1485 2139 1554 2192 ita
1592 2142 1779 2208 gestis,
1824 2140 2097 2212 inquiunt,

516 2226 779 2296 deinceps
810 2227 1046 2295 ipsorum
1086 2230 1346 2299 martyria
1382 2230 1434 2283 in
1466 2230 1643 2286 varias
1679 2232 1868 2287 mortis
1891 2236 2102 2304 species

519 2316 693 2371 divisa
735 2327 886 2371 sunt.
925 2317 999 2372 Ex
1034 2321 1182 2374 omni
1214 2321 1417 2391 quippe
1460 2320 1653 2375 [lorum
1696 2338 1898 2392 genere
1923 2326 2103 2380 divero

519 2413 706 2482 sisque
736 2412 1019 2468 coloribus
1077 2415 1292 2467 unicam
1328 2425 1575 2470 texentes
1605 2432 1862 2472 coronam
1896 2420 2101 2476 beatis-

519 2506 643 2560 simi
673 2515 962 2577 martyres,
993 2506 1105 2561 Deo
1130 2504 1277 2561 Patri
1312 2507 1653 2563 obtulerunt.
1686 2507 1926 2579 Equum
1970 2527 2102 2567 sane

517 2606 724 2651 eratut
756 2596 1043 2653 fortissimi
1084 2598 1324 2663 athletae,
1360 2598 1454 2669 qui
1498 2601 1779 2671 multiplex
1822 2613 2100 2659 certamen

520 2689 833 2757 subierant,
885 2700 1050 2759 atque
1113 2690 1383 2761 insignem
1434 2693 1723 2749 victoriam
1776 2696 2098 2760 retulerant,

521 2782 791 2851 insignem
830 2783 1261 2839 iuuuortalitatis
1296 2800 1558 2840 coronam
1606 2787 1942 2857 acciperent.
1988 2787 2103 2843 Ma-

518 2884 675 2931 turus
722 2877 885 2946 igitur
930 2888 987 2933 et
1032 2877 1268 2935 Sanctus
1325 2895 1447 2935 cum
1501 2878 1765 2934 Blandina
1817 2889 1873 2936 et
1918 2883 2101 2937 Attalo

515 2968 663 3023 ducti
703 2979 829 3023 sunt
860 2971 927 3026 ad
969 2971 1171 3027 bestias
1201 2971 1253 3025 in
1302 2971 1794 3039 amphitheatrum,
1830 2973 1897 3027 ad
1925 2971 2101 3043 publi-

511 3076 640 3118 cum
668 3060 1039 3130 spectaculum
1075 3061 1497 3117 iubumanitatis
1520 3062 1804 3133 gentilium
1834 3065 2099 3135 :prmbito

2208 579 2377 649 μηδὲν
2404 578 2541 643 ὅλως
2577 578 3038 649 προπεπονθότες,
3076 577 3276 648 μᾶλλον
3296 576 3355 631 δὲ
3389 576 3469 642 ὡς
3494 576 3585 632 διὰ
3617 578 3777 634 πλειό.

2205 688 2311 725 νων
2326 671 2425 744 ήδη
2453 672 2671 744 κλήρων
2699 672 2812 744 (12)
2835 671 3225 736 ἐκϐεϐιακότες
3246 671 3337 727 τὸν
3367 672 3679 738 ἀντίπαλον,
3700 678 3777 730 καὶ

2205 763 2458 834 περὶτοῦ
2490 765 2755 834 στεφάνου
2809 764 2974 818 αυτοῦ
3020 764 3114 818 τὸν
3149 764 3338 833 ἀγῶνα
3395 764 3634 835 ἔχοντες,
3688 768 3777 821 ὑπ-

2205 857 2401 929 έφερον
2428 856 2588 910 πάλιν
2627 857 2730 920 τὰς
2762 856 3029 921 διεξόδους
3075 856 3183 912 τῶν
3220 857 3500 929 μαστίγων
3536 857 3649 930 (15)
3695 862 3777 921 τὰς

2204 946 2385 1000 ἐκεῖσε
2430 945 2766 1016 εἰθισμένας,
2807 947 2902 1000 καὶ
2948 947 3077 1011 τοὺς
3117 948 3230 1001 ἀπὸ
3259 946 3368 1001 τῶν
3404 945 3612 1018 θηρίων
3646 949 3780 1023 ἐλκησ

2205 1038 2397 1109 θμοὺς,
2419 1038 2513 1091 καὶ
2544 1037 2702 1091 πάνθ’
2725 1039 2825 1092 ὅσα
2857 1038 3180 1110 μαινόμενος
3205 1040 3235 1093 ὁ
3260 1040 3432 1112 δῆμος
3462 1042 3612 1096 ἄλλοι
3633 1042 3780 1097 ἀλλαο

2204 1129 2361 1201 κόθεν
2414 1130 2654 1184 ἐπεϐόων
2680 1131 2775 1184 καὶ
2821 1131 3230 1197 ἐπεκελεύοντο,
3268 1133 3364 1188 καὶ
3393 1132 3488 1188 ἐπὶ⁸
3523 1131 3662 1189 πᾶσι
3694 1135 3781 1207 τὴν

2206 1222 2431 1294 σιδηρᾶν
2483 1222 2772 1295 καθέδραν,
2835 1226 2920 1294 ἐφ’
2967 1220 3036 1297 ἦς
3090 1226 3498 1297 τηγανιζόμενα
3555 1227 3625 1281 τὰ
3688 1227 3780 1281 σώ-

2208 1335 2374 1389 ματα,
2433 1317 2662 1388 κνίσσης
2702 1318 2900 1381 αὐτοὺς
2941 1317 3208 1390 ἐνεφόρει.
3255 1319 3318 1373 υἱ
3369 1318 3415 1371 δ’
3462 1319 3573 1372 οὐδ’
3629 1318 3778 1380 οὕτως

2205 1411 2419 1481 ἔληγον,
2473 1409 2588 1463 ἀλλ’
2652 1408 2733 1463 ἔτι
2779 1410 2876 1463 καὶ
2947 1409 3148 1481 μᾶλλον
3197 1409 3567 1482 ἐξεμαίνοντο,
3617 1411 3773 1481 βουλό-

2208 1520 2361 1575 μενοι
2408 1502 2632 1574 νικῆσαι
2662 1501 2761 1575 τὴν
2791 1503 3016 1558 ἐκείνων
3060 1504 3358 1575 ὑπομονήν.
3411 1503 3523 1555 Καὶ
3568 1501 3674 1555 οὐδ’
3715 1502 3775 1564 ὡς

2206 1593 2359 1667 παρά
2416 1595 2661 1664 Σάγκτου
2700 1595 2887 1667 ἕτερόν
2939 1612 2992 1650 τι
3040 1596 3301 1667 ἤκουσαν,
3346 1597 3479 1666 παρ’
3513 1594 3582 1664 ἢν
3619 1595 3767 1663 ἀπαρ

2204 1687 2308 1759 χῆς
2368 1685 2574 1742 εἴθιστο
2631 1687 2811 1755 λέγειν
2862 1687 2964 1757 τῆς
3017 1686 3307 1759 ὁμολογίας
3368 1686 3577 1758 φωνήν,
3637 1680 3775 1740 Οὗτοι

2209 1779 2308 1850 μὲν
2371 1776 2466 1832 οὖν
2526 1779 2592 1832 δι’
2648 1778 2860 1848 ἀγῶνος
2928 1778 3167 1850 μεγάλου
3241 1778 3474 1833 ἐπιπολὺ
3542 1793 3771 1851 παραμε-

2203 1872 2401 1945 νούσης
2429 1872 2609 1926 αύτῶν
2647 1872 2748 1943 τῆς
2783 1871 2997 1943 ψυχῆς,
3041 1870 3335 1943 τοῦσχατον
3372 1870 3674 1943 ἐτύθησαν,
3703 1869 3777 1924 διὸ

2201 1967 2302 2038 τῆς
2329 1967 2542 2039 ἡμέρας
2585 1966 2833 2037 ἐκείνης,
2869 1966 2991 2019 ἀντὶ
3028 1966 3209 2037 πάσης
3246 1964 3347 2035 τῆς
3385 1966 3447 2018 ἐν
3488 1966 3602 2028 τοῖς
3642 1980 3775 2035 μονοι

2205 2059 2418 2131 μαχίοις
2468 2058 2579 2129 (14)
2631 2056 2938 2120 ποικιλίας,
2991 2056 3145 2110 αύτοὶ
3186 2054 3365 2126 θέαμα
3394 2054 3675 2125 γενόμενοι
3711 2051 3780 2124 τῷ

2202 2151 2411 2221 κόσμῳ.
2453 2149 2517 2203 Ἦ
2545 2148 2601 2201 δὲ
2626 2147 2885 2201 Βλανδίνα
2910 2147 3002 2201 ἐπὶ
3026 2147 3183 2212 ξύλου
3206 2146 3606 2218 κρεμασθεῖσα,
3628 2145 3783 2217 προῦο

2201 2255 2351 2293 κειτο
2397 2238 2532 2311 βορά
2577 2236 2689 2292 τῶν
2721 2236 3154 2309 είσϐαλλομένων
3195 2236 3440 2308 θηρίων·
3486 2235 3523 2307 ἡ
3571 2236 3664 2290 καὶ
3703 2235 3780 2288 διὰ

2199 2329 2294 2384 τοῦ
2331 2328 2622 2401 βλέπεσθαι
2653 2328 2888 2401 σταυροῦ
2924 2331 3162 2398 σχήματι
3195 2325 3546 2399 κρεμαμένη,
3579 2325 3668 2379 διά
3694 2325 3779 2394 τῆς

2200 2421 2418 2475 εὐτόνου
2451 2420 2794 2493 προσευχῆς,
2833 2418 3033 2491 πολλὴν
3066 2418 3377 2491 προθυμίαν
3419 2416 3656 2471 ἐνεποίει
3682 2418 3782 2477 τοῖς

2199 2512 2659 2584 ἀγωνιζομένοις,
2697 2511 3001 2582 βλεπόντων
3043 2511 3225 2565 αὐτῶν
3253 2513 3311 2563 ἐν
3340 2509 3420 2581 τῷ
3455 2509 3665 2579 ἀγῶνι,
3700 2509 3783 2561 καὶ

2200 2610 2313 2669 τοῖς
2350 2605 2552 2672 ἔξωθεν
2605 2603 2906 2675 ὀφθαλμοῖς
2946 2602 3035 2657 διὰ
3079 2603 3180 2673 τῆς
3214 2601 3481 2673 ἀδελφῆς,
3515 2601 3607 2654 τὸν
3655 2600 3784 2671 ὑπὲρ

2199 2697 2380 2751 αὐτῶν
2413 2696 2847 2768 ἐσταυρωμένον,
2878 2696 2964 2749 ἵνα
2995 2695 3156 2767 πείσῃ
3179 2696 3306 2759 τοὺς
3335 2693 3690 2757 πιστεύοντας
3712 2692 3783 2755 είς

2200 2784 2397 2852 αὐτὸν,
2435 2785 2519 2839 ὅτι
2554 2786 2661 2847 πᾶς
2710 2785 2741 2838 ό
2792 2784 2937 2856 ὑπὲρ
2967 2783 3066 2854 τῆς
3094 2782 3333 2855 Χριστοῦ
3377 2782 3540 2854 δόξης
3586 2779 3781 2843 παθὼν.

2198 2878 2297 2949 τὴν
2330 2875 2618 2931 κοινωνίαν
2656 2876 2744 2929 ἀεὶ
2788 2875 2902 2947 ἔχει
2946 2875 3086 2947 μετά
3114 2875 3209 2929 τοῦ
3250 2873 3456 2941 ζῶντος
3488 2873 3646 2929 Θεοῦ.
3684 2869 3785 2927 Καὶ

2204 2969 2431 3042 μηδενὸς
2462 2969 2743 3040 ἁψαμένου
2778 2969 2899 3022 τότε
2931 2968 3041 3022 τῶν
3072 2968 3277 3039 θηρίων
3310 2970 3502 3041 αὐτῆς,
3534 2967 3786 3042 καθαιρεο

2201 3061 2357 3117 θεῖσα
2400 3060 2508 3116 ἀπὸ
2540 3061 2636 3115 τοῦ
2668 3060 2857 3126 ξύλου,
2901 3060 3178 3132 ἀνελήφθη
3211 3061 3375 3116 πάλιν
3416 3062 3500 3125 εἰς
3544 3062 3645 3133 τὴν
3683 3061 3785 3131 alp-

515 3154 585 3210 de
624 3156 890 3209 industria
923 3170 1210 3210 munermu
1241 3154 1328 3209 die
1357 3164 1583 3225 propter
1622 3164 1864 3212 nostros.
1891 3158 1958 3213 Et
1994 3158 2096 3213 Ma-

2206 3156 2360 3229 κτὴν,
2388 3158 2469 3219 εὶς
2495 3154 2654 3209 ἀλλον
2680 3154 2867 3223 ἀγῶνα
2898 3153 3211 3225 τηρουμένη
3234 3193 3248 3217 ,
3284 3154 3372 3207 ἴνα
3408 3151 3501 3206 διά
3533 3151 3785 3205 πλειόνων

517 3254 674 3299 turus
703 3244 923 3315 quidem
953 3258 1017 3298 ae
1048 3244 1288 3299 Sanctus
1352 3259 1546 3300 rursus
1574 3246 1757 3301 omnia
1796 3255 2098 3303 tormento-

515 3352 639 3392 rum
670 3351 874 3407 genera
907 3338 960 3391 in
987 3335 1394 3406 amphitheatro
1438 3337 1744 3406 subierunt,
1773 3340 1927 3408 quasi
1962 3339 2098 3394 nihil

515 3438 677 3485 antea
729 3431 972 3501 perpessi
1028 3441 1235 3488 essent.
1287 3434 1396 3487 Aut
1441 3432 1621 3503 potius
1667 3432 1825 3502 quasi
1879 3432 2097 3489 athletae

514 3523 607 3593 qui
634 3524 822 3578 multis
852 3523 965 3590 jam
996 3523 1208 3579 vicibus
1241 3523 1613 3580 adversarium
1643 3533 2015 3593 superassent,
2042 3536 2098 3580 et

515 3616 582 3668 de
608 3629 812 3670 corona
856 3614 973 3683 ipsa
1012 3612 1124 3682 jam
1184 3613 1555 3679 decertarent,
1599 3629 1791 3669 rursus
1835 3626 2095 3670 consueta

516 3706 630 3760 illic
675 3707 974 3773 ﬂagrorum
1029 3705 1259 3760 verbera
1295 3704 1662 3774 pertulerunt,
1697 3714 1752 3760 et
1795 3705 2096 3763 bestiarum

514 3797 664 3868 ipsos
694 3795 1026 3851 trahentium
1086 3810 1325 3865 morsus,
1359 3805 1416 3852 et
1450 3812 1796 3869 quaecunque
1830 3798 1937 3855 alia
1975 3801 2095 3856 vul-

515 4002 777 4067 Tarachi,
829 4000 988 4057 Probi
1022 4010 1078 4057 et
1103 4002 1430 4059 Andronici.
1464 4003 1599 4059 Nam
1643 4019 1767 4060 cum
1805 4002 2096 4069 Maximus,

514 4072 806 4147 proconjul
838 4073 1061 4147 Ciliciae,
1105 4088 1199 4128 eos
1236 4076 1301 4128 ad
1331 4076 1533 4147 bestias
1564 4075 1898 4147 damnasset,
1930 4076 2102 4147 advoj

514 4140 648 4201 cans
692 4140 1081 4199 Terentianum
1136 4144 1533 4200 sacerdotalem
1579 4146 1812 4208 Ciliciae,
1855 4143 2018 4211 jussit
2045 4143 2098 4199 ei

514 4214 765 4286 sequenti
810 4215 902 4269 die
934 4229 1154 4268 munera
1194 4216 1401 4269 edenda
1449 4230 1666 4280 curare,
1716 4225 1773 4269 ut
1819 4214 2015 4286 legitur
2043 4214 2099 4269 in

513 4284 635 4355 cap.
662 4284 729 4338 10
751 4286 1068 4338 eorumdem
1105 4286 1389 4339 Actorum.

585 4353 695 4439 (12)
724 4356 829 4409 Διὰ
863 4355 1162 4439 πλειόνων
1190 4355 1307 4439 ἤδη
1335 4354 1597 4439 κλήρων.
1630 4353 1750 4409 Jam
1784 4368 2105 4439 supremo-

517 4425 735 4482 nuimus
767 4426 969 4479 multas
998 4428 1086 4479 hic
1116 4427 1507 4478 translationes
1536 4440 1658 4479 esse
1685 4440 1712 4476 a
1742 4438 1800 4478 re
1822 4425 2099 4479 athletica.

511 4496 658 4552 inter
692 4497 791 4551 has
822 4498 1157 4567 numeranda
1188 4506 1271 4549 est
1295 4510 1394 4548 vox
1422 4496 1631 4567 κλῆροι.
1667 4495 1927 4567 Solebant
1953 4495 2099 4567 enim

513 4567 734 4623 athleta:
775 4568 865 4636 qui
897 4566 950 4620 in
983 4566 1123 4619 ludis
1154 4567 1417 4619 certaturi
1454 4565 1634 4631 erant,
1678 4565 1876 4636 sortito
1909 4566 2091 4636 ed_t_lci.

512 4639 666 4705 Quod
707 4633 980 4708 quomodo
1025 4636 1198 4699 lict-et,
1224 4636 1383 4690 docet
1415 4652 1512 4691 nos
1560 4635 1834 4708 Lucianus
1859 4635 1912 4689 in
1943 4633 2092 4708 ΔΗειη

511 4705 748 4762 ηιοιὶηιοζ
786 4707 1009 4762 Cistella
1061 4715 1182 4760 erat
1230 4716 1512 4774 argentea,
1575 4706 1677 4759 deo
1727 4705 2090 4760 certaminum

511 4779 724 4848 praesidi
779 4793 955 4842 sacra,
992 4777 1054 4848 in
1101 4791 1263 4848 quam
1299 4777 1733 4848 «:onjiriehantur
1775 4785 1956 4848 sortes
1993 4789 2092 4848 seu

515 4844 736 4903 iessera:
782 4847 994 4902 breves.
1041 4846 1097 4900 In
1120 4844 1344 4901 duabus
1371 4844 1628 4915 inscripta
1652 4855 1773 4915 erat
1811 4845 1987 4899 littera
2021 4844 2086 4905 Α,

513 4919 567 4973 in
597 4917 718 4972 aliis
771 4918 983 4971 duabus
1007 4918 1073 4981 Β,
1106 4916 1161 4971 in
1215 4916 1336 4969 aliis
1381 4916 1508 4970 item
1546 4914 1763 4970 duabus
1809 4915 1872 4978 Γ,
1921 4926 1973 4968 et
2010 4916 2091 4969 sic

511 4989 785 5057 deinceps.
841 4986 978 5041 Tum
1031 4987 1253 5040 athletae
1302 4997 1479 5039 sortes
1526 5001 1558 5040 e
1596 4986 1732 5039 cista
1761 4985 2087 5057 educebant.

511 5055 723 5124 Quibus
771 5057 818 5110 Δ
866 5058 1198 5124 obvenisset,
1253 5056 1287 5109 ii
1346 5057 1491 5109 inter
1518 5070 1580 5109 se
1602 5055 2092 5124 committebantur

511 5123 689 5197 primo
715 5127 837 5182 loco
866 5123 1189 5195 pugnaturi.
1220 5125 1573 5197 Eratquelnc
1600 5123 1818 5196 πρῶτος
1863 5123 2086 5196 κλῆρος.

510 5195 778 5253 Similiter
817 5197 910 5267 qui
957 5198 1197 5250 litteram
1226 5195 1268 5249 Β
1318 5196 1653 5260 eduxissent,
1689 5197 1931 5250 secundo
1967 5195 2089 5267 loco

510 5269 656 5323 inter
704 5280 765 5322 se
810 5266 1121 5322 certabant.
1150 5267 1227 5320 Ita
1261 5281 1381 5320 sors
1407 5275 1461 5317 et
1508 5281 1642 5318 urna
1696 5280 1854 5321 suum
1893 5266 2089 5333 cuique

509 5339 882 5394 adversarium
927 5336 1265 5407 assignabat.
1310 5334 1359 5407 Is
1387 5336 1479 5403 qui
1505 5336 1882 5407 ad_vi-rsarium_
1913 5349 2086 5407 suum

507 5410 736 5474 vicerat,
773 5424 877 5463 non
908 5403 1092 5462 statim
1121 5405 1507 5460 coronabatur.
1553 5403 1660 5460 Sed
1684 5420 1805 5459 eum
1834 5404 1958 5458 aliis
1991 5403 2084 5472 qui

509 5479 848 5533 adversarios
877 5479 1006 5532 item
1054 5491 1181 5532 suos
1205 5478 1471 5540 vicerant,
1519 5476 1713 5529 iterum
1752 5483 2088 5543 pugnaturus

508 5549 958 5618 componebatur.
1011 5547 1364 5618 donec‘unus
1406 5547 1650 5599 omnium
1695 5546 1869 5599 victor
1892 5557 2088 5618 super-

507 5613 673 5673 esset.
709 5617 882 5684 Quam
930 5618 983 5671 in
1017 5633 1129 5671 rem
1165 5615 1413 5685 pluribus
1461 5630 1598 5684 opus
1630 5613 2088 5685 erat_sortitioui-

507 5690 627 5743 bus.
684 5683 825 5755 Hinc
876 5697 963 5741 est
1006 5683 1257 5755 quod'iu
1308 5683 2083 5755 inscriptioneAFarnesiana,

508 5773 667 5826 quam
684 5754 867 5813 'rel'ert
889 5752 1153 5826 Gruterus
1176 5768 1297 5823 pag.
1330 5755 1462 5826 5M,
1494 5752 1841 5826 Asclepiades
1861 5752 2084 5826 quidam

505 5823 891 5902 pancratiasta,
940 5826 995 5882 in
1023 5824 1210 5880 multis
1238 5823 1635 5880 certaminibus
1682 5823 1971 5879 victoriam
1998 5838 2085 5881 re-

2204 3247 2612 3320 γυμνασμάτων
2639 3247 2928 3319 νικήσασα,
2955 3244 3033 3317 τῷ
3063 3246 3160 3318 μέν
3181 3245 3380 3317 σκολιῷ
3400 3245 3524 3316 ὄφει
3554 3243 3784 3316 ἀπαραί-

2202 3357 2366 3411 τητον
2396 3342 2598 3413 ποιήσῃ
2628 3339 2727 3411 τὴν
2771 3338 3103 3410 καταδίκην,
3148 3335 3527 3411 προτρέψηται
3568 3337 3628 3391 δὲ
3670 3336 3787 3397 τοὺς

2206 3432 2466 3502 ἀδελφοὺς
2494 3433 2528 3503 ή
2570 3431 2744 3503 μικρά
2774 3434 2869 3486 καὶ
2899 3432 3134 3502 ἀσθενὴς
3165 3434 3260 3486 καὶ⁸
3292 3430 3785 3502 εὐκαταφρόνητος.

2209 3525 2383 3596 μέγαν
2420 3524 2516 3577 καὶ
2551 3524 2992 3593 ἀκαταγώνιστον
3030 3522 3271 3595 ἀθλητὴν
3303 3521 3542 3594 Χριστὸν
3581 3519 3788 3575 ἐνδεδυη

2210 3618 2367 3690 μένη,
2397 3616 2487 3671 διὰ
2518 3616 2729 3670 πολλῶν
2760 3616 2978 3688 κλήρων
3015 3615 3355 3671 ἐκϐιϐάσασα
3386 3614 3499 3685 (15)
3538 3612 3631 3666 τὸν
3648 3611 3789 3664 ἀντιο
3854 3642 3855 3647 η

2205 3709 2458 3781 κείμενον
2477 3747 2493 3774 ,
2529 3709 2622 3763 καὶ
2654 3708 2722 3762 δι’
2744 3707 2956 3777 ἀγῶνος
2988 3707 3079 3761 τὸν
3118 3708 3218 3778 τῆς
3256 3706 3568 3777 ἀφθαρσίας
3592 3702 3787 3773 στεψαα

2208 3804 2344 3875 μένη
2380 3802 2665 3873 στέφανον.
2710 3801 2769 3855 '0
2800 3801 2858 3855 δὲ
2888 3800 3151 3864 ’Ἄτταλος
3196 3800 3289 3853 καὶ
3332 3800 3496 3864 αὐτὸς
3542 3796 3788 3870 μεγάλως

2209 4001 2397 4075 tulisse
2435 4001 2655 4075 dicitur,
2687 4003 2748 4057 τὸ
2777 4001 3027 4074 δεύτερον
3061 4001 3156 4075 και
3186 4001 3369 4075 τρίτον
3404 4001 3544 4073 μετά
3573 3998 3789 4075 πρῶτον

2206 4073 2524 4146 ῆδεύτερον
2563 4072 2764 4147 κλῆρον
2817 4070 3022 4143 στήσας
3081 4070 3683 4147 τοὺς’ἀνταγωνιστᾷς.
3735 4070 3787 4125 ld
3854 4132 3855 4147 γ

2206 4143 2310 4208 est,
2359 4143 2476 4211 post
2534 4143 2760 4211 primum
2812 4153 2901 4195 aut
2947 4152 3061 4211 post
3112 4143 3399 4195 secundum
3436 4144 3786 4204 sortitionem,

2210 4215 2436 4268 secundo
2463 4215 2539 4267 vel
2563 4214 2717 4267 tertio
2744 4213 3005 4281 superatis
3037 4212 3373 4266 adversariis.
3422 4212 3477 4265 Id
3519 4213 3667 4267 enim
3693 4227 3787 4264 usu

2213 4284 2497 4345 veniebat,
2547 4284 2776 4337 obeam
2832 4285 3099 4335 rationem
3157 4296 3320 4349 quant
3384 4283 3523 4345 dixi,
3579 4283 3790 4351 quoties

2211 4355 2364 4423 plura
2395 4364 2554 4406 erant
2579 4354 2726 4420 paria
2755 4352 3110 4407 athletarum.
3150 4352 3360 4421 Quippe
3384 4353 3622 4423 victores
3649 4353 3792 4405 inter

2210 4422 2270 4479 Se
2298 4424 2785 4492 componebantur,
2814 4431 2869 4476 et
2894 4423 3131 4478 secunda
3170 4426 3313 4476 inter
3359 4436 3456 4477 eos
3484 4422 3647 4476 [iebat
3673 4436 3792 4476 sor-

2213 4494 2352 4556 titio,
2383 4509 2447 4547 ac
2478 4508 2666 4548 rursus
2703 4495 2884 4557 tertia,
2936 4493 3108 4546 donec
3154 4492 3379 4546 victoria
3408 4493 3476 4546 ad
3508 4508 3677 4544 nmim
3707 4504 3790 4544 re-

2133 4548 2177 4602 θ
2200 4548 2412 4618 diisset.
2452 4562 2521 4617 Et
2550 4565 2651 4618 hoc
2695 4575 2778 4617 est
2807 4548 2950 4632 quod
2984 4564 3034 4617 in
3063 4564 3165 4617 hac
3193 4562 3423 4631 epistola
3469 4562 3677 4615 dicitur
3703 4560 3791 4614 διὰ
3854 4618 3855 4631 χ

2197 4634 2458 4707 πλειόνων
2490 4633 2730 4707 κλήρων.
2769 4633 3028 4707 Adhanc
3064 4632 3399 4707 athletarum
3448 4641 3659 4707 sortem
3716 4645 3794 4707 re-
3854 4638 3855 4701 ξ

2197 4706 2419 4759 ferenda
2441 4700 2667 4759 suum
2702 4719 2824 4772 qua:
2858 4704 3027 4757 habes
3064 4703 3115 4756 in
3160 4703 3439 4771 principio
3488 4700 3655 4772 hujus
3676 4701 3794 4772 epi-

2195 4775 2351 4829 stolae
2376 4776 2445 4845 de
2477 4770 2779 4845 Epagath‘o,
2807 4772 3083 4845 ἀνελήφθη
3108 4770 3202 4826 καὶ
3229 4771 3394 4836 αὐτὸς
3423 4773 3507 4836 εἰς
3539 4771 3635 4825 τὸν
3662 4770 3794 4842 κλῆ·
3854 4778 3855 4783 ‘

2197 4861 2291 4916 ρον
2326 4843 2445 4917 rei):
2462 4843 2656 4917 Δμειιρτιξ
2665 4860 2792 4917 999v-

2267 4913 2378 4986 (13)
2402 4911 2518 4980 Τὰς
2542 4911 2852 4986 διεξόδους
2872 4912 2992 4967 τῶν
3009 4912 3339 4986 μαστίγων.
3371 4911 3649 4968 Musculus
3664 4927 3795 4986 γεῖτ-
3854 4974 3855 4977 η

2196 4986 2259 5038 tit
2305 4983 2574 5039 verberum
2629 4985 2931 5047 illationea;
2993 4984 3549 5052 Christophorsonus,
3619 4983 3793 5052 traje-
3854 4990 3855 4999 ‘

2194 5059 2417 5109 ctiones.
2471 5054 2681 5108 Dictqu
2735 5055 2951 5108 videtur
3009 5068 3105 5121 pro
3140 5052 3240 5117 τὰς
3270 5055 3328 5106 ἐν
3371 5056 3495 5117 ταῖς
3528 5051 3797 5119 διεξόδοις

2197 5125 2491 5196 μάστιγας,
2533 5124 2582 5178 id
2604 5134 2705 5189 est,
2737 5125 2946 5178 verbera
2969 5124 3119 5177 illata
3143 5126 3268 5177 dum
3303 5128 3721 5178 traducerentur
3743 5123 3795 5174 iu

2227 5212 2404 5249 omna.

2190 5213 2503 5337 ἶὝῖἌῗῈν
2529 5264 2654 5332 τοῖς
2672 5264 3084 5337 μονομαχίοις.
3129 5263 3308 5319 Codex
3341 5262 3512 5328 Mam,
3546 5263 3693 5319 Med.
3744 5272 3799 5315 et
3854 5268 3855 5277 ‘

2192 5334 2574 5407 Fuk.__'habeut
2606 5334 3021 5407 μονομαχίμοις.

2263 5404 2376 5474 (15)
2408 5404 2513 5459 Διὰ
2544 5400 2793 5459 πολλῶν
2815 5400 3055 5474 ὶῑήρων
3096 5400 3495 5460 ἐκϐιϐάσασα.
3527 5402 3799 5461 Scriben—

2191 5477 2316 5529 dum
2345 5486 2428 5530 est
2474 5475 2805 5536 ἐκϐιάσασα.
2841 5485 2897 5528 ιιι
2935 5490 3121 5543 supra.
3153 5476 3331 5543 Atque
3369 5474 3444 5528 ita
3479 5474 3797 5544 legitur_in

2190 5546 2378 5600 codice
2429 5546 2682 5601 Medicam
2729 5559 2789 5615 et
2839 5542 3619 5615 apud’Niceph’orumavnle
3692 5542 3801 5599 Pe-

2192 5624 2336 5685 trum
2376 5614 2612 5670 Fabrum
2654 5617 2708 5670 in
2758 5612 2923 5685 libro
2949 5616 3125 5684 primo
3166 5612 3481 5683 Agonistici,
3538 5628 3671 5685 cap.
3700 5615 3797 5669 21.
3854 5618 3855 5629 ³

2188 5684 2363 5759 Porro
2410 5687 2734 5759 n_0tandum_
2764 5693 2850 5738 est
2907 5683 3250 5759 Blaudiuam,
3303 5692 3503 5759 utpote
3538 5683 3800 5748 servam,
3853 5748 3855 5759 γ

2188 5756 2337 5809 cruci
2394 5754 2610 5810 afﬁxam
2662 5755 2853 5821 fuim,
2908 5755 3051 5825 quod
3111 5762 3230 5810 erat
3279 5754 3611 5824 supplicium
3676 5770 3775 5812 ser

2190 5839 2409 5881 verum.
