3878 6482
189 386 266 473 iwl
675 442 686 451 .
1237 397 1588 455 msrnnna
1629 397 2183 459 ECCLESIASTICE
2223 402 2350 458 us.
2391 402 2458 459 v.
3316 404 3423 461 ‘53

203 516 491 588 ϐαλλόμενοι
522 516 773 586 λέγουσι.
810 535 829 569 ο
870 517 1075 588 Γράφει
1109 518 1165 570 δὲ
1198 518 1225 571 ὀ
1256 518 1417 583 αὐτὸς
1447 519 1523 583 ὡς
1556 518 1651 574 καὶ
1683 522 1730 573 εί

1890 523 1970 577 ius
1996 532 2293 577 sectatores
2324 531 2649 586 memorant,
2676 522 2933 591 princeps
2959 529 3014 576 et
3035 519 3421 591 antesignanus

178 609 353 679 ’λόγους
398 608 659 679 ὲληλύθοι
693 609 772 681 τῷ
810 609 1060 680 Ἀπελλῇ,
1106 612 1326 679 φάσκων
1353 610 1558 675 οὕτως·
1615 632 1633 663 ι
1694 613 1707 630 '

1894 617 1961 668 uit
1988 614 2251 685 Syneros-
2299 631 2318 664 ι
2360 612 2502 667 Idem
2544 612 2770 667 Rhodon
2812 627 2871 666 se
2900 626 3019 666 cum
3051 611 3235 681 Apelle
3259 611 3425 667 cello-

199 702 275 775 γὰρ
303 700 486 773 γέρων
532 701 807 772 Ἀπελλῆς
838 701 1111 772 συμμίξας
1144 703 1293 773 ἡμῖν,
1324 702 1493 757 πολλὰ
1520 704 1615 774 μὲν
1656 720 1730 756 κα·

1893 717 2040 760 utum
2103 720 2225 761 esse
2282 706 2475 761 scribit
2524 706 2609 760 his
2661 705 2843 759 verbis
2898 722 2911 759 :
2971 721 2991 755 ι
3055 704 3230 759 Senex
3276 702 3421 759 enim

198 794 281 859 κῶς
308 792 487 863 λέγων
519 793 768 866 ἠλέγχθη
788 811 802 825 ·
831 794 950 848 ὅθεν
990 795 1083 848 καὶ⁵
1120 795 1323 864 ἔφασκε
1364 796 1438 869 μὴ
1483 796 1593 850 δεῖν
1617 796 1729 849 ὂλωι

1890 799 2102 867 ιρεΙΙεε,
2152 798 2360 867 inquit,
2405 796 2539 851 inito
2586 795 2863 851 nobiscum
2914 794 3213 864 colloquio,
3256 794 3421 848 multa

200 887 442 954 ἐξετάζειν
477 887 574 941 τὸν
608 887 787 957 λόγον,
822 886 936 940 ἀλλ’
976 888 1236 952 ἕκαστον,
1275 888 1352 952 ὼς
1398 891 1725 944 πεπίστευκε

1895 888 2070 944 uidem
2095 902 2372 957 perperam
2399 888 2576 942 dicere
2599 886 2877 941 convictus
2919 895 3021 938 est.
3058 882 3422 951 Quamobrem

199 977 457 1049 διαμένειν.
500 978 857 1051 Σωθησεσθαι
902 978 1011 1050 γὰρ
1042 981 1168 1043 τοὺς
1206 982 1299 1034 ἐπὶ
1342 980 1436 1035 τὸν
1476 982 1730 1055 ὲσταυρω

1893 982 2018 1035 tiam
2051 980 2327 1034 asserebat
2366 992 2471 1032 non
2508 992 2629 1032 esse
2666 976 2887 1030 omnino
2916 974 3330 1029 examinandam
3364 974 3424 1026 li-

203 1071 333 1139 μένον
378 1069 689 1141 ἠλπικότας
732 1072 1080 1140 ἀπεφαίνετο,
1130 1071 1289 1142 μόνον
1319 1072 1414 1126 ἐὰν
1465 1074 1524 1126 ὲν
1568 1073 1734 1145 ἔργοις

1893 1087 1998 1140 em,
2030 1072 2127 1127 sed
2154 1084 2597 1140 unumquemque.
2636 1069 2688 1123 in
2718 1084 2781 1123 eo
2815 1064 2969 1138 quod'
2990 1068 3155 1124 semel
3179 1067 3424 1121 imbibis-

199 1163 389 1233 ἀγαθοῖς
414 1162 803 1235 εὑρίσκωνται.
828 1165 902 1217 re
924 1163 979 1216 δὲ
1000 1165 1215 1217 πάντων
1242 1163 1613 1235 ἀσαφέστατον
1636 1165 1730 1236 (821

1891 1176 1968 1230 et,
2011 1175 2255 1234 perstare
2280 1172 2554 1232 oportere.
2589 1160 2798 1231 Quippe
2828 1176 2920 1215 eos
2945 1160 3037 1230 qui
3072 1159 3125 1213 in
3148 1158 3422 1214 Cruciﬁxo

199 1256 555 1328 ὲδογματίζετο
600 1255 750 1326 αὑτῷ
796 1256 1045 1327 πρᾶγμα,
1094 1254 1274 1320 καθὼς
1315 1258 1723 1328 προειρήκαμεν

1888 1276 2003 1332 pem
2040 1275 2191 1315 suam
2222 1258 2598 1323 collocassent,
2632 1256 2930 1310 servandos
2953 1270 3073 1309 esse
3095 1252 3419 1317 afﬁrmabat,

199 1349 245 1401 τὸ
272 1348 393 1419 περὶ
431 1348 527 1402 τοῦ
576 1348 734 1401 Θεοῦ.
772 1348 960 1418 Ἔλεγε
999 1350 1106 1421 γάρ
1157 1349 1284 1420 μίαν
1332 1350 1527 1420 ἀρχὴν,
1566 1347 1730 1410 καθὼς

1894 1350 2145 1404 ummodo
2204 1349 2256 1402 in
2324 1348 2481 1402 bonis
2539 1342 2795 1414 operibus
2856 1341 3418 1412 deprehenderentur.

198 1441 273 1493 καὶ
305 1442 333 1493 δ
364 1441 635 1513 ἡμέτερος
664 1441 843 1509 λόγος.
898 1461 917 1495 ι
952 1438 1082 1494 Εἶτα
1114 1442 1335 1513 προθεὶς
1370 1441 1534 1495 αὑτοῦ
1566 1442 1729 1494 πᾶσαη

1887 1446 1986 1493 lem
2021 1452 2151 1493 vero
2184 1436 2425 1492 omnium
2466 1432 2907 1490 obscurissimam
2951 1446 3071 1485 esse
3114 1430 3418 1491 statuebat.

196 1532 474 1604 τηνδόξαν,
529 1533 783 1606 ἐπιφέρει
840 1533 1091 1603 φάσκων’
1146 1553 1164 1585 ι
1218 1535 1482 1601 Λέγοντος
1528 1533 1586 1587 δέ
1645 1549 1727 1604 μοι

1895 1532 2211 1595 tdiximus,
2257 1529 2613 1598 quaestionem
2656 1526 2721 1580 de
2761 1523 2890 1578 Deo.
2938 1522 3114 1577 Unum
3152 1522 3418 1592 siquidem

195 1623 306 1693 πρὸς
332 1622 517 1687 αὐτὸν,
551 1622 729 1676 Πόθεν
764 1622 1087 1695 ήάπόδειξις
1129 1623 1267 1695 αὕτη
1304 1642 1406 1689 σοι,
1433 1624 1467 1697 ἢ
1499 1624 1615 1688 πῶς
1656 1623 1726 1677 δύ

1891 1625 2181 1694 rineipium
2216 1636 2336 1677 esse
2363 1620 2578 1675 dicebat
2628 1618 2770 1673 sicut
2793 1628 2846 1670 et
2880 1627 3065 1669 nostra
3108 1614 3297 1684 religio
3323 1613 3419 1667 do-

194 1731 328 1767 νασαι
369 1713 550 1781 λέγειν
598 1714 727 1784 μίαν
776 1714 968 1786 ἀρχὴν,
1022 1716 1228 1787 φράσον
1277 1718 1437 1788 ἡμῖν·
1485 1717 1610 1787 ἔφη,
1647 1716 1725 1779 τὰς

1887 1726 1989 1769 et.»
2024 1714 2287 1770 Universa
2319 1710 2513 1765 deinde
2538 1709 2654 1777 ejus
2681 1706 2926 1760 doctrina
2959 1705 3011 1758 in
3039 1703 3272 1758 medium
3293 1714 3418 1772 pro-

196 1803 275 1871 μὲν
308 1803 643 1874 προφητείας
675 1804 875 1868 ἑαυτὰς
902 1804 1168 1876 ἐλέγχειν,
1212 1806 1301 1860 διὰ
1330 1807 1390 1860 τὸ
1422 1807 1585 1879 μηδὲν
1609 1806 1727 1869 ὅλως

1883 1814 1980 1871 ita,
2013 1806 2128 1859 haec
2173 1802 2451 1871 snbjungit
2491 1816 2507 1853 :
2558 1816 2576 1851 ι
2632 1798 2763 1853 Cum
2808 1812 2937 1851 vero
2981 1795 3085 1865 ipsi
3133 1795 3414 1849 dicerem:

193 1891 368 1963 ἀληθὲς
408 1894 711 1965 εἰρηκέναι.
774 1895 1114 1965 Ἀσυμφωνοι
1155 1898 1262 1969 γὰρ
1313 1899 1615 1969 ὑπάρχουσι
1653 1902 1724 1954 κα

1888 1899 2001 1953 inde
2035 1897 2148 1952 haec
2177 1896 2271 1949 tibi
2306 1893 2698 1973 demonstratio
2726 1935 2739 1957 ,
2777 1901 2871 1944 aut
2902 1904 3009 1959 qua
3045 1888 3254 1942 ratione
3277 1884 3419 1940 δωτ-

191 1983 401 2052 ςαευδεῖς,
438 1986 531 2039 καὶ
576 1988 797 2052 ἑαυταῖς
840 1989 1230 2059 ἀντικείμεναι.
1266 1992 1338 2043 Τὸ
1379 1991 1434 2043 δὲ
1469 1991 1585 2054 πῶς
1627 1995 1718 2045 ὲστ

1887 2005 1996 2043 lare
2036 1998 2189 2058 potes
2238 2002 2398 2039 unum
2438 1985 2601 2054 178
2641 1999 2759 2037 eSse
2800 1979 3157 2052 principium?
3190 1979 3286 2035 Dic
3321 1993 3418 2033 no-

192 2075 275 2145 μία
304 2076 464 2147 ἀρχὴ,
506 2076 579 2149 μὴ
614 2077 906 2146 γινώσκειν
948 2081 1153 2151 ἔλεγεν,
1201 2082 1342 2136 οὕτω
1378 2083 1434 2136 δὲ
1478 2083 1719 2137 κινεῖσθα

1885 2081 1928 2135 is
1970 2078 2016 2134 si
2068 2080 2264 2149 placet.
2313 2078 2449 2132 Tum
2504 2079 2594 2130 ille
2645 2072 3311 2146 responditzProphetias
3351 2084 3416 2123 eo

190 2166 349 2235 μόνον.
371 2164 484 2221 Εῐτ’
506 2170 921 2241 ὲπομοσαμένου
951 2190 1051 2243 μου
1072 2174 1300 2245 τάληθὲς
1316 2175 1508 2239 εἰπεῖν,
1530 2174 1721 2246 ῶμνυει

1884 2175 1987 2229 uod
2031 2173 2162 2227 nihil
2210 2171 2433 2225 omnino
2477 2170 2589 2223 veri
2626 2170 2845 2235 dicant,
2889 2166 3099 2237 seipsas
3142 2164 3412 2219 refellere.

186 2255 441 2327 ἀληθεύων
476 2258 674 2327 λέγειν,
708 2262 784 2331 μὴ
822 2262 1144 2317 ἐπίστασθαι
1174 2263 1283 2334 (85)
1318 2262 1435 2327 πῶς
1470 2260 1551 2328 εἷς
1590 2266 1717 2319 ἐστιε

1886 2280 1978 2323 unt
2013 2269 2182 2332 enim,
2206 2267 2405 2330 aiebat,
2443 2266 2785 2320 dissonantes
2819 2272 2873 2318 et
2904 2262 3050 2317 falsa:
3078 2276 3141 2315 ac
3172 2260 3416 2314 sibimet-

187 2349 457 2421 ἁγέννητος
491 2351 641 2417 Θεὸς,
676 2352 838 2406 τοῦτο
867 2353 922 2406 δὲ
964 2356 1259 2410 πιστεύειν.
1306 2354 1445 2424 Ἐγὼ
1487 2356 1544 2409 δὲ
1576 2357 1718 2425 γελά-

1885 2362 1974 2416 »δῖε
2023 2360 2328 2415 οοηιτειτίεε.
2375 2356 2543 2411 Porro
2589 2371 2694 2427 qua
2741 2356 2951 2409 ratione
3016 2352 3236 2407 unicum
3270 2359 3416 2406 esset

186 2455 289 2504 σας,
322 2441 597 2510 κατέγνων
633 2442 822 2509 αὐτοῦ,
861 2444 993 2498 διότι
1026 2446 1341 2511 διδάσκαλος
1374 2444 1510 2502 εἶναι
1544 2449 1715 2518 λέγων

1885 2452 2199 2521 rincipinm,
2246 2466 2304 2504 se
2346 2451 2564 2517 quidem
2616 2447 2828 2501 nescire
2876 2444 3271 2515 proﬁtebatur;
3320 2440 3416 2495 sed

183 2532 270 2585 οὐκ
298 2534 407 2604 ᾔδει
430 2536 492 2588 τὸ
515 2536 897 2608 διδασκόμενον
930 2541 1020 2592 ὑπ’
1050 2540 1213 2593 αὑτοῦ
1242 2541 1546 2613 κρατύνειν.
1588 2562 1606 2594 ι
1651 2544 1714 2596 Ἐε

1887 2558 2023 2598 lmen
2070 2542 2274 2596 moveri
2318 2551 2481 2610 atque
2521 2538 2722 2609 impelli
2775 2548 2834 2589 ut
2878 2537 2951 2590 ita
2999 2535 3249 2590 sentiret.
3290 2530 3418 2586 Post

182 2622 249 2692 τῷ
278 2626 417 2697 αὐτῷ
448 2627 507 2680 δὲ
542 2629 938 2700 συγγράμματι
982 2630 1338 2683 Καλλιστίωνι
1381 2632 1713 2702 προσφωνῶν

1884 2649 1956 2689 rec
1982 2648 2103 2688 cum
2133 2647 2255 2686 eum
2284 2630 2639 2701 jurejurando
2668 2628 2993 2695 adegissent,
3034 2634 3093 2678 ut
3136 2640 3198 2679 ex
3244 2622 3415 2677 animi

182 2718 206 2767 ό
232 2717 378 2781 αὐτὸς
410 2720 859 2791 μεμαθητεῦσθαι
886 2723 975 2774 ἐπὶ
1018 2720 1236 2793 Ῥώμης
1270 2723 1518 2794 Τατιανῷ
1550 2724 1713 2776 έαυτδε

1882 2727 1922 2780 ti
1960 2724 2231 2781 sententia
2259 2725 2595 2794 loqueretur,
2636 2720 2845 2790 juravit
2884 2734 2942 2776 se
2978 2733 3164 2774 verum
3204 2716 3413 2782 dicere,

180 2809 427 2881 ὁμολογεῖ.
449 2812 601 2882 ’Φησὶ
622 2812 680 2866 δὲ
704 2813 802 2867 καὶ
828 2812 1190 2866 ἐσπουδάσθαι
1222 2812 1299 2883 τῷ
1330 2812 1577 2884 Τατιανῴ
1605 2829 1711 2884 προ

1885 2831 1938 2871 ec
1972 2832 2031 2871 se
2055 2816 2280 2871 omnino
2316 2817 2455 2870 scire
2486 2830 2594 2885 qna
2630 2814 2838 2867 ratione
2871 2826 3009 2865 unus
3034 2819 3178 2866 esset
3207 2806 3416 2878 ingeni-

179 2900 447 2973 ϐλημάτων
483 2903 687 2973 βιϐλίον
707 2922 721 2935 ο
749 2906 815 2959 δι’
846 2900 919 2961 ὧν
952 2908 1011 2959 τὸ
1037 2907 1242 2977 ἀσαφὲς
1274 2907 1368 2961 καὶ⁹
1401 2910 1710 2980 έπικεκρυμ

1880 2924 1924 2964 IS
1953 2908 2116 2974 Deus,
2146 2924 2206 2963 se
2230 2917 2409 2963 tamen
2443 2908 2514 2961 ita
2546 2906 2789 2960 credere.
2825 2904 2919 2959 llis
2948 2903 3151 2959 auditis
3178 2916 3278 2971 ego
3308 2900 3411 2955 ho-

178 2991 320 3059 μένον
349 2993 454 3046 τῶν
489 2994 651 3049 Θείων
685 2996 725 3048 Γ
730 2997 917 3068 ραφῶν
954 3000 1325 3071 παραστήσειν
1359 3001 1709 3072 ὑποσχομένοι

1878 3003 2036 3057 tinem
2069 3002 2321 3056 deridens
2358 2999 2722 3070 reprehendi,
2754 2998 2849 3067 qui
2883 3013 3006 3050 cum
3040 3011 3099 3051 se
3131 2996 3409 3071 doctorem

173 3082 255 3134 τοῦ
287 3085 569 3150 Τατιανοῦ,
601 3088 767 3152 αὐτὸς
803 3090 831 3141 ὁ
874 3088 1068 3142 Ῥόδων
1096 3092 1151 3142 ὲν
1190 3090 1302 3163 ίδίῳ
1342 3092 1704 3163 συγγράμματ

1879 3096 2208 3158 roﬁteretur,
2244 3093 2544 3147 doctrinam
2577 3107 2729 3144 suam
2759 3090 3056 3144 rationibus
3085 3087 3410 3143 conﬁrmare

169 3176 259 3237 τὰς
287 3176 388 3228 τῶν
425 3178 640 3231 ἐκείνου
672 3179 1072 3252 προϐλημάτων
1103 3182 1376 3245 ὲπιλύσεις
1405 3182 1700 3254 ὲκθήσεσοα

1876 3200 1946 3241 on
1981 3195 2179 3255 posset.
2222 3204 2239 3236 ι
2272 3186 2534 3239 Caeterum
2578 3182 2633 3236 in
2675 3185 2862 3236 eodem
2911 3182 3047 3235 libro
3085 3193 3242 3249 quem
3282 3175 3407 3232 Cal-

168 3264 567 3334 ὲπαγγέλλεται.
615 3268 845 3342 Φέρεται
902 3270 958 3325 δὲ
1006 3270 1100 3323 τοῦ
1150 3272 1313 3325 αὐτοῦ
1363 3272 1455 3326 καὶ
1501 3253 1588 3335 εἷς
1619 3271 1699 3340 τὴ

1877 3253 2036 3332 stioni
2080 3277 2431 3345 nuncupavit,
2460 3274 2642 3329 Rutula:
2691 3291 2721 3327 a
2764 3272 2994 3328 Taliane
3030 3286 3089 3327 se
3131 3269 3407 3325 eruditum

176 3353 532 3428 Ἦξωὶμερον
549 3361 869 3432 ὑπόμνημα.
901 3364 959 3416 'U
974 3363 1118 3431 γέτοι
1148 3363 1407 3435 Ἀπελλῆς
1433 3356 1607 3428 οὗτος,
1631 3381 1707 3434 μυί

1876 3385 1955 3424 sse
1982 3378 2232 3423 testatur.
2277 3366 2467 3420 Refert
2505 3365 2673 3420 etiam
2710 3380 2737 3417 a
2778 3363 3009 3417 Tatiano
3031 3362 3407 3415 elueubratum

171 3448 253 3519 ρία
284 3453 416 3505 κατὰ
442 3454 539 3507 τοῦ
565 3455 847 3518 Μωῦσέως
881 3456 1116 3527 ἠσέϐησε
1140 3450 1326 3529 νόμου,
1356 3456 1445 3511 διὰ
1478 3456 1702 3510 πλειόνω

1877 3477 1955 3517 sse
1987 3460 2346 3526 Quaestionum
2380 3457 2598 3521 librum,
2630 3458 2680 3510 in
2712 3472 2819 3525 quo
2864 3471 2986 3509 cum
3019 3452 3280 3507 Tatianus
3311 3451 3408 3506 0b-

170 3549 601 3617 συγγραμμὰτων
628 3548 757 3611 τοὺς
788 3548 963 3614 Θείους
993 3550 1371 3623 βλασφημίσας
1403 3551 1616 3619 λόγους,
1654 3551 1701 3601 εἶ

1878 3568 2024 3607 :uros
2076 3561 2241 3622 atque
2298 3552 2570 3604 involutos
2612 3564 2781 3603 sacrae
2820 3547 3117 3615 Scriptura:
3165 3543 3314 3597 locos
3349 3556 3409 3596 se

166 3633 370 3706 ἔλεγχόν
402 3656 483 3704 τε,
526 3639 605 3704 ῶς
637 3657 703 3708 γε
743 3639 807 3711 δὴ
850 3641 1046 3706 ἐδόκει,
1090 3644 1183 3695 καὶ
1214 3642 1524 3714 ἀνατροπὴν
1553 3641 1697 3695 αὐτῶ

1878 3645 2207 3713 rpositurnm
2234 3656 2355 3697 esse
2384 3641 2745 3711 pmmisisset,
2773 3640 2886 3708 ipse
2912 3638 3139 3692 Rhodon
3183 3635 3409 3691 solutio-

164 3728 222 3779 οὐ
247 3733 439 3801 μικρὰν
465 3734 835 3803 πεποιημένος
857 3735 1109 3807 σπουδήν.
1136 3735 1320 3789 Ταῦτα
1345 3735 1443 3806 μὲν
1478 3730 1571 3789 οὖν
1602 3752 1695 3807 περ

1874 3753 1930 3789 es
1971 3735 2333 3803 qua:stionnm
2373 3732 2585 3788 Tatiani
2632 3732 2893 3803 peculiari
2942 3746 3107 3799 opere
3134 3730 3405 3784 editurum

166 3819 378 3879 πότων.
1832 3844 1892 3882 se
1911 3841 2032 3882 esse
2056 3827 2361 3897 proﬁtetur.
2392 3827 2621 3881 Exstant
2650 3827 2815 3879 etiam
2846 3822 3089 3891 ejusdem
3120 3823 3171 3875 in
3200 3820 3408 3875 Hexae-

163 3930 331 3968 meran
356 3914 761 3972 Commentarii.
792 3914 897 3972 Isle
949 3932 1112 3987 porro
1164 3933 1323 3987 quem
1374 3918 1611 3973 diximus
1662 3916 1919 3986 Apelles,
1964 3918 2197 3989 plurima
2264 3919 2526 3973 adversus
2569 3916 2740 3987 legerit
2780 3914 3073 3968 Mosaieam
3128 3914 3288 3982 impie
3324 3928 3406 3972 est
3481 3916 3492 3927 '

168 4004 399 4071 lucutus;
431 4007 735 4076 multisque
766 4008 922 4062 libris
972 4008 1507 4063 maledicentissimis
1536 4011 1754 4063 oracula
1788 4009 1969 4064 divina
2006 4011 2305 4065 insectatus
2333 4021 2440 4075 est,
2466 4010 2591 4065 dum
2629 4022 2692 4061 ea
2733 4006 3040 4070 confutare,
3092 4014 3146 4059 et
3198 4012 3255 4059 ut
3286 4008 3406 4075 qni-
3428 4036 3457 4067 ι

172 4104 287 4155 dem
326 4102 424 4158 sibi
459 4102 785 4165 videbatur,
819 4103 1035 4170 penitus
1059 4112 1328 4168 evertere,
1369 4103 1573 4173 ingenti
1614 4104 1795 4160 studio
1847 4105 2093 4161 molitur.
2126 4105 2325 4161 Verum
2360 4106 2427 4159 de
2458 4104 2546 4159 his
2580 4104 2863 4157 hactenus.

682 4196 1074 4249 ΚΕΦΑΛΑῐυΝ
1103 4198 1200 4249 1Δ’.

2415 4202 2643 4258 CAPUT
2684 4200 2822 4255 XIV.

294 4290 428 4358 Περὶ
458 4290 579 4344 τῶν
610 4289 762 4345 κατὰ
806 4291 1038 4359 Φρύγας
1069 4288 1583 4359 ψευδοπροφητῶν

678 4358 819 4430 (Nic.
854 4360 997 4417 ILE.
1030 4360 1235 4430 :v,20).

2071 4295 2150 4350 De
2179 4294 2333 4364 falsis
2371 4295 2634 4365 prophetis
2668 4293 3152 4361 Catapltrygarum.

226 4452 527 4516 Μισόκαλός
561 4470 626 4521 γε
658 4454 765 4523 μὴν
793 4454 872 4516 είς
893 4453 959 4506 τὰ
993 4453 1222 4524 μάλιστα
1249 4454 1343 4506 καὶ
1366 4454 1724 4525 φιλοπόνηρος

1905 4451 2173 4506 Caeterum
2205 4451 2377 4505 hostis
2415 4449 2671 4504 Ecclesia:
2709 4448 2823 4514 Dei,
2848 4450 2940 4518 qui
2968 4462 3180 4518 semper
3213 4444 3399 4503 virtuti

160 4541 228 4595 ὢν
248 4547 276 4596 ό
304 4546 399 4617 τῆς
424 4532 774 4617 ἺἙκκλησίας
803 4544 896 4598 τοῦ
928 4544 1061 4597 Θεοῦ
1109 4546 1383 4617 πολέμιος,
1434 4545 1637 4619 μηδένα
1665 4564 1691 4599 τ

1868 4545 2065 4600 ἰΐοειυε
2090 4555 2173 4599 est
2198 4555 2251 4600 et
2284 4546 2441 4598 malis
2465 4545 2793 4607 delectatur,
2829 4556 2927 4596 nec
2963 4541 3127 4594 ullam
3157 4556 3399 4611 unquam

163 4636 412 4707 μηδαμῶς
434 4638 537 4707 τῆς
569 4637 712 4690 κατὰ
748 4635 852 4690 τῶν
885 4636 1182 4709 ἀνθρώπων
1209 4636 1498 4708 ἐπιϐουλῆς
1532 4639 1694 4691 ἀπολι

1875 4638 2124 4693 isidiandi
2176 4638 2488 4692 hominibus
2545 4637 2777 4705 speciem
2830 4645 2993 4703 atque
3058 4633 3399 4687 occasionem

162 4724 272 4780 πὼν
313 4730 527 4799 τρόπον,
571 4729 813 4800 αἱρέσεις
850 4729 1003 4793 ξένας
1044 4725 1196 4793 αὖθις
1230 4729 1551 4797 ὲπιφύεσθαι
1586 4748 1693 4784 κατ.

1872 4730 2218 4793 τωῑεηηίιιίι,
2243 4725 2557 4799 peregrinas
2580 4731 2840 4799 quasdam
2874 4730 3106 4780 haereses
3131 4725 3399 4780 adversus

160 4815 253 4886 τῆς
288 4820 602 4892 Ἐκκλησίας
632 4823 879 4893 ἐνήργειο
912 4814 986 4875 ὧν
1009 4823 1059 4874 oi
1090 4824 1184 4892 μὲν
1215 4823 1431 4876 ἱοὸόλων
1449 4822 1603 4895 δίκην
1636 4824 1691 4894 έρ

1869 4822 2133 4877 ἰοοιεείιιηι
2166 4822 2432 4891 pullulare
2482 4823 2676 4875 iterum
2720 4820 2865 4875 fecit.
2892 4819 3129 4885 Quarum
3167 4827 3400 4872 sectato-

164 4911 325 4966 πετῶν
359 4915 449 4967 ἐπὶ
488 4914 593 4984 τῆς
636 4914 821 4973 Ἀσίας
853 4918 945 4969 καὶ
974 4916 1210 4986 Φρυγίας
1251 4912 1461 4986 εἷρπον,
1503 4916 1593 4969 τὸν
1629 4917 1694 4987 μὲ

1867 4928 1923 4969 es
1960 4914 2051 4968 alii
2085 4915 2300 4983 quidem
2351 4927 2741 4967 venenatorum
2783 4914 3037 4981 anguium
3088 4911 3263 4966 instar
3300 4924 3398 4980 per

223 5080 325 5157 (δε)
367 5084 436 5139 Τὸ
464 5084 534 5138 δὲ
563 5084 809 5138 πάντων
850 5085 1287 5156 ἁσαφέστατον.
1329 5088 1553 5141 Rufinus
1597 5086 1725 5155 legit

1862 5096 1993 5150 este,
2045 5096 2207 5157 atque
2248 5096 2307 5139 ut
2352 5102 2442 5140 res
2470 5095 2552 5157 est
2584 5085 2984 5157 pronuntiasse,
3038 5084 3393 5154 quemadmo-

162 5152 498 5227 ςαφέστατον,
536 5166 595 5227 ut
626 5171 693 5209 ex
752 5152 1003 5211 versione
1049 5158 1167 5227 ejus
1199 5168 1416 5227 constat
1466 5174 1586 5227 qua:
1628 5152 1710 5212 sic
1829 5158 1955 5212 dum
1988 5152 2137 5227 infraf
2160 5158 2319 5210 docet
2350 5152 2597 5210 Rhodon:

161 5218 650 5293 liabetzﬂanifesle
702 5236 878 5278 tamen
921 5218 1226 5294 decernebat
1273 5230 1337 5281 de
1387 5218 1515 5287 Deo,
1573 5229 1706 5280 sicut
1890 5228 2003 5295 (85)
2059 5226 2157 5295 Μὴ
2222 5227 2602 5280 ἐπίστασθαι.
2656 5224 2710 5278 In
2751 5240 2816 5278 eo
2880 5225 3113 5295 quidem;
3141 5238 3244 5295 non
3281 5222 3394 5275 val-

159 5295 500 5359 prctdiximus,
528 5311 697 5347 unum
723 5310 835 5366 esse
857 5296 1385 5363 principium.Quam
1413 5296 1704 5350 lectionem
1817 5293 1904 5350 de
1937 5293 2415 5366 reprehendendus
2488 5304 2607 5349 erat
2676 5296 2886 5364 Apelles
2903 5293 2931 5358 ⁷,
2976 5293 3152 5366 qnod_
3188 5293 3386 5346 diceret

158 5369 357 5435 secutus
396 5376 481 5418 est
524 5368 695 5435 etiam
746 5361 1291 5433 Christophorsonus.
1346 5366 1543 5420 Verum
1591 5368 1707 5421 hac
1816 5361 2028 5421 nescire
2068 5382 2125 5420 se.
2158 5368 2429 5435 quomodo
2467 5381 2606 5435 unus
2636 5361 2781 5419 esset
2814 5366 3088 5435 ingenitus
3124 5361 3294 5425 Deus,
3330 5376 3391 5435 se

159 5432 509 5502 interpretatio
546 5434 679 5486 ferri
716 5449 823 5487 non
856 5432 1053 5502 potest.
1099 5436 1339 5491 Primum
1390 5437 1535 5489 enim
1579 5451 1703 5489 vcr-
1819 5447 1995 5490 tamen
2047 5438 2117 5489 ita
2157 5432 2404 5489 credere.
2456 5434 2655 5489 Verum
2688 5437 2832 5489 ineo
2866 5432 3197 5502 adiurabat,
3242 5433 3387 5499 quod

154 5495 269 5579 {tum
289 5495 698 5579 :éboypatECere
739 5495 1007 5579 passivam
1045 5506 1217 5579 habet
1235 5506 1703 5579 significationem.
1814 5507 2134 5574 prnphetias
2156 5507 2350 5575 quibus
2371 5520 2435 5559 ea
2452 5508 2642 5579 denuo
2667 5514 2721 5558 et
2744 5495 3387 5579 ingenitoDeu‘dnet'rina

152 5564 360 5644 Peinde,
395 5564 608 5628 tantum
639 5564 798 5628 abe'st
826 5584 887 5627 ut
927 5575 1140 5643 Apelles
1169 5564 1596 5644 disputationem
1638 5575 1707 5630 de
1816 5564 2068 5639 traditur,
2110 5564 2334 5643 prorsus
2362 5574 2718 5644 repudiabat;
2757 5564 2830 5628 et“
2854 5574 2996 5641 quod
3034 5570 3389 5644 philosophiae

147 5636 269 5713 Deo,
314 5636 665 5698 manifestam
723 5652 886 5711 atque
935 5636 1269 5713 eitpeditam'
1292 5660 1412 5699 esse
1462 5645 1704 5711 diceret,
1813 5636 2256 5712 imperitissimus
2282 5686 2300 5707 ,
2334 5636 2564 5699 aliorum
2602 5660 2671 5698 se.
2702 5636 2977 5713 doctorem
3006 5636 3383 5713 profitebatur.

145 5710 266 5786 quin
292 5714 470 5781 patius
512 5709 830 5786 asserebat,
853 5729 984 5786 rem
1000 5709 1123 5786 esse
1152 5716 1394 5786 omnium
1433 5709 1707 5769 obscuris?-
1812 5709 2012 5786 Ila-cile.
2041 5732 2201 5769 eausa
2234 5715 2428 5768 merito
2450 5712 3119 5786 a‘Rhodonesttggillalttr.
3148 5709 3386 5786 [ὃμοια.

142 5779 343 5855 simam,
373 5783 881 5857 prorsusque_nihil
910 5783 1040 5857 sciri
1067 5799 1223 5851 posse
1260 5786 1327 5857 de
1355 5784 1489 5857 Deo,
1531 5799 1596 5838 ac
1636 5799 1706 5857 ne
1817 5784 2125 5855 ἀληθεύειν,
2162 5786 2336 5854 λέγων
2365 5802 2427 5840 ex
2467 5783 2730 5856 Stephan.
2773 5779 2892 5857 Νἱᾷ.
2930 5779 3170 5852 scripsit:
3201 5779 3309 5855 11.]

140 5854 277 5918 ipsos
309 5857 532 5925 quidem
577 5854 879 5924 prophetas
917 5854 1211 5925 quidquam
1255 5856 1319 5910 de
1363 5855 1472 5909 Deo
1518 5854 1695 5909 mani-
