3878 6482
180 372 266 429 tos
1164 372 1512 431 HISTORIA:
1554 374 2118 434 ECCLESIASTICE
2157 372 2285 431 LIB.
2327 371 2393 428 ν.
2488 332 2493 345 ’

3284 372 3391 428 468

180 506 283 561 μην,
297 486 387 543 οὐκ
404 486 609 559 ἀπορίᾳ
626 488 723 545 τοῦ
746 488 1004 544 δύνασθαι
1028 491 1271 563 ἐλέγχειν
1296 493 1394 562 μὲν
1421 492 1482 545 τὸ
1501 491 1709 562 ψεῦδος.

1824 492 1944 549 hius
1984 492 2246 548 hactenus
2281 488 2495 545 substiti
2529 504 2544 543 :
2579 503 2682 543 non
2728 489 2873 559 quod
2912 497 3008 543 aut-
3044 486 3388 545 mendacium

177 581 434 652 μαρτυρεῖν
446 579 502 633 δὲ
514 581 583 651 τῇ
601 580 847 653 ἀληθείᾳ·
868 580 1055 646 δεδιὼς
1070 582 1126 636 δὲ
1139 583 1232 636 καὶ
1243 581 1527 650 ἐξευλαὸού
1536 599 1713 653 μενος,

175 674 235 744 μή
254 689 320 740 πη
336 670 466 735 δόξω
483 673 627 726 τισὶν
653 674 1085 746 ὲπισυγγρὰφειν
1101 674 1134 745 ἢ
1153 674 1625 729 ἐπιδιατάσσεσθαι
1641 675 1719 747 τῷ

169 765 255 834 τῆς
273 762 358 817 τοῦ
383 763 715 833 Εὐαγγελίου
748 767 955 839 Καινῆς
987 767 1264 839 Διαθήκης
1294 768 1459 840 λόγῳ,
1496 762 1541 836 ᾧ
1579 770 1716 841 μήτε

170 857 448 930 προσθεῖναι
481 857 607 930 μήτ’
630 858 849 927 ἀφελεῖν
871 859 1114 924 δυνατὸν,
1134 859 1214 931 τῷ
1231 860 1371 914 κατὰ
1391 861 1452 914 τὸ
1467 860 1716 931 Εὐαγγέ-

168 950 261 1004 λιον
292 951 414 1006 αὐτὸ
450 942 827 1006 πολιτεύεσθαι
867 953 1255 1025 προῃρημένῳ.
1293 954 1628 1027 Πῳσφάτως
1658 955 1716 1009 δὲ

167 1045 425 1116 γενόμενος
451 1045 509 1098 ἐν
549 1043 799 1117 Ἀγκύρα
827 1045 925 1117 τῆς
956 1047 1248 1111 Γαλατίας,
1276 1047 1368 1102 καὶ
1393 1047 1716 1103 καταλαϐὼν

166 1137 247 1209 τὴν
268 1136 399 1191 κατὰ
420 1137 585 1191 τόπον
607 1136 934 1210 Ἐκκλησίαν
955 1138 1066 1210 (89)
1090 1139 1196 1192 ὑπὸ
1218 1140 1316 1211 τῆς
1340 1140 1466 1204 νέας
1490 1140 1714 1213 ταύτης,

167 1230 265 1300 0'31,
291 1228 363 1293 ὡς
391 1228 545 1284 αὐτοί
571 1246 728 1300 φασι,
758 1230 1109 1303 προφητείας,
1139 1231 1274 1285 πολὺ
1302 1232 1359 1286 δὲ
1391 1232 1610 1305 μᾶλλον,
1638 1233 1717 1299 ὡς

168 1320 490 1392 δειχθήσεται,
515 1321 1016 1395 ψευδοπροφητείας
1031 1322 1385 1397 ’διατεθρυλλη
1394 1323 1559 1397 μένην
1580 1325 1712 1398 (90),

171 1413 366 1468 καθόσον
376 1414 617 1478 δυνατὸν,
642 1416 736 1470 τοῦ
754 1417 959 1488 Κυρίου
983 1418 1358 1490 παρασχόντος
1382 1421 1510 1492 περὶ
1536 1419 1716 1473 αὐτῶν

170 1506 410 1562 τετούτων
425 1508 644 1563 καὶτῶν
668 1511 1099 1582 προτεινομένων
1117 1512 1211 1566 ὑπ’
1228 1512 1403 1567 αὐτῶν
1422 1514 1629 1568 ἕκαστά
1653 1532 1715 1567 τε

171 1599 263 1667 (9i)
278 1598 619 1673 διελέχθημεν
647 1602 887 1674 ἡμέραις
903 1602 1142 1658 πλείοσιν
1157 1604 1292 1677 ἐντῇ
1314 1606 1579 1680 ἐκκλησίᾳ
1597 1624 1610 1636 ’
1639 1606 1714 1672 ὼς

168 1691 248 1761 τὴν
267 1690 356 1761 μὲν
385 1690 711 1763 Ἐκκλησίαν
731 1693 1174 1765 ἀγαλλιασθῆναι,
1192 1697 1286 1750 καὶ
1308 1696 1445 1769 πρὸς
1465 1696 1564 1770 τὴν
1590 1697 1719 1769 ἀλή-

170 1781 293 1836 θειαν
306 1784 723 1857 ἐπιρρωσθῆναι,
743 1787 870 1851 τοὺς
894 1787 950 1840 δὲ
970 1787 1280 1853 ἐξεναντίας
1298 1789 1435 1861 πρὸς
1460 1789 1521 1844 τὸ
1538 1790 1714 1863 παρὸν

1821 585 2088 650 refellere,
2119 593 2210 640 aut
2233 583 2449 638 veritati
2484 578 2811 653 patrocinari
2846 581 3067 638 minime
3094 581 3332 646 valerem
3371 600 3387 638 :

1818 676 1914 734 sed
1939 678 2085 745 quod
2111 677 2345 732 verebar
2382 690 2447 730 ac
2494 673 2940 739 reformidaham,
2978 690 3046 731 ne
3098 673 3236 732 forte
3269 676 3390 746 qui-

1818 769 2041 824 busdam
2072 767 2283 823 viderer
2306 764 2632 834 evangelicae
2653 763 2787 820 Novi
2812 764 3148 829 Testamenti
3178 766 3385 821 doctri-

1819 876 1901 915 nae
1934 859 2229 931 quidquam
2262 857 2553 914 scribendo
2594 857 2815 923 addere.
2840 868 2896 914 et
2921 859 3103 913 denuo
3147 868 3391 915 statuere

1815 952 2092 1009 voluisse:
2130 951 2217 1007 cui
2247 961 2425 1006 tamen
2455 965 2631 1021 neque
2658 950 2818 1022 adjici
2871 951 3166 1020 quidquam
3212 964 3388 1021 neque

1818 1046 1983 1102 adimi
2025 1046 2108 1101 fas
2140 1054 2247 1113 est,
2278 1044 2345 1101 ab
2390 1058 2457 1100 eo
2505 1044 2805 1114 praesertim
2860 1045 2951 1113 qui
2996 1058 3062 1099 ex
3106 1044 3388 1115 Evangelii

1817 1138 2098 1209 praeceptis
2132 1140 2295 1193 vitam
2318 1150 2482 1208 agere
2503 1137 2817 1191 instituerit.
2852 1137 3032 1207 Nuper
3076 1152 3206 1193 vero
3261 1152 3385 1193 cum

1815 1244 1992 1287 essem
2023 1229 2250 1303 Ancyrae
2284 1229 2337 1283 in
2382 1227 2616 1295 Galatia,
2647 1236 2703 1283 et
2747 1227 3044 1285 Ecclesiam
3097 1228 3241 1285 illius
3285 1229 3387 1286 loci

1816 1339 1953 1379 nova
1985 1322 2070 1377 illa
2106 1338 2212 1377 non
2247 1330 2308 1376 ut
2339 1321 2441 1391 ipsi
2475 1321 2661 1376 dicunt
2690 1321 2996 1391 prophetia,
3037 1322 3153 1386 sed,
3195 1331 3253 1376 ut
3292 1336 3388 1391 po-

1815 1425 1932 1471 stea
2009 1413 2492 1476 demonstrabitur,
2560 1412 3050 1484 pseudoprophetia
3118 1415 3386 1469 turbatam

1814 1507 2624 1576 deprehendissem;quantum
2687 1505 2867 1560 facere
2915 1506 3089 1574 potui,
3140 1506 3248 1561 Deo
3295 1505 3389 1574 ju-

1816 1608 1995 1665 vante,
2029 1609 2140 1652 tum
2168 1598 2235 1654 de
2284 1597 2370 1652 bis
2414 1597 2572 1668 ipsis,
2606 1608 2715 1651 tum
2763 1599 2830 1651 de
2863 1597 3087 1666 reliquis
3136 1598 3388 1654 omnibus

1814 1706 1935 1763 quae
1961 1692 2027 1747 ah
2057 1690 2162 1747 illis
2194 1690 2654 1761 proponebantur,
2698 1688 3010 1759 singillatim
3048 1690 3100 1744 in
3152 1691 3387 1747 ecclesia

1816 1783 2046 1839 disserui
2094 1781 2342 1853 pluribus
2374 1780 2566 1837 diebus
2597 1798 2612 1835 :
2647 1779 2780 1835 adeo
2811 1789 2871 1834 ut
2901 1779 3141 1837 Ecclesia
3167 1782 3387 1853 quidem

168 1877 595 1950 ἀποκρουσθῆναι,
627 1880 724 1933 καὶ
754 1881 880 1945 τοὺς
904 1880 1215 1947 ἀντιθέτους
1385 1857 1709 1955 λυπηθῆναι.

1817 1874 2120 1931 incredibili
2150 1873 2347 1945 gaudio
2380 1871 2592 1939 an‘ecta,
2636 1880 2693 1928 et
2733 1872 2782 1927 in
2825 1870 3057 1927 veritate
3108 1872 3229 1929 fidei
3273 1889 3391 1928 ma-

180 1970 466 2035 Ἀξιούντων
503 1968 597 2027 οὖν
625 1973 735 2027 τῶν
764 1974 905 2029 κατά
927 1975 1093 2030 τόπον
1123 1976 1530 2050 πρεσϐυτέρων,
1565 1979 1712 2044 ὅπως

166 2062 257 2116 τῶν
289 2064 578 2135 λεχθέντων
635 2066 777 2121 κατά
819 2068 924 2122 τῶν
963 2068 1469 2141 ἀντιδιατιθεμένων
1506 2068 1584 2140 τῷ
1612 2070 1714 2141 τῆς

166 2154 391 2223 ἀληθείας
423 2157 568 2230 λόγῳ
596 2158 898 2231 ὑπόμνημά
919 2176 972 2212 τι
1007 2159 1415 2231 καταλίπωμεν,
1452 2161 1715 2232 παρόντος

165 2250 245 2300 καὶ
281 2248 367 2302 τοῦ
394 2249 876 2323 συμπρεσόυτέρου
913 2253 947 2323 ἡ
957 2250 1072 2322 μῶν
1117 2252 1356 2306 Ζωτικοῦ
1391 2250 1486 2306 τοῦ
1520 2252 1712 2325 Ὀτρη-

164 2336 380 2409 νοῦ(93),
412 2337 572 2393 τοῦτο
606 2340 706 2411 μὲν
746 2341 845 2395 οὐκ
893 2341 1231 2413 ἐπράξαμεν,
1269 2341 1713 2415 ἐπηγγειλάμεθα

162 2428 211 2482 δέ
230 2430 400 2485 ἐνθάδε
425 2431 739 2502 γράψαντες
769 2432 861 2486 τοῦ
890 2434 1096 2506 Κυρίου
1130 2434 1384 2499 διδόντος,
1427 2434 1516 2490 διὰ
1544 2453 1712 2489 σπου-

162 2520 241 2591 δῆς
260 2523 482 2594 πέμπειν
508 2524 715 2588 αὐτοῖς.
755 2544 774 2577 ι
814 2524 1000 2581 Ταῦτα
1036 2527 1131 2580 καὶ
1163 2525 1288 2598 ἑξῆς
1309 2527 1518 2592 τούτοις
1549 2527 1713 2600 ἔτερα

162 2614 409 2687 καταρχὰς
434 2614 604 2670 είπὼν
649 2616 744 2670 τοῦ
772 2617 952 2686 λόγου,
979 2617 1072 2672 τὸν
1106 2619 1277 2673 αἴτιον
1318 2623 1419 2692 τῆς
1449 2619 1714 2692 δηλουμέ-

162 2724 242 2777 νης
280 2708 532 2780 αἱρέσεως
582 2709 791 2782 προπυν
825 2709 1011 2763 τοῦτον
1052 2711 1325 2782 ἀνιστορεῖ
1354 2711 1447 2766 τὸν
1487 2711 1710 2784 τρόπον·

166 2817 183 2850 ι
214 2799 269 2853 Ἦ
282 2800 448 2855 τοίνυν
472 2801 729 2866 ἔνστασις
754 2802 930 2857 αὐτῶν
954 2804 1050 2856 καὶ
1074 2806 1106 2874 ἡ
1131 2804 1440 2875 πρόσφατος
1459 2805 1554 2860 τοῦ
1579 2807 1715 2859 ἀπο-

163 2892 424 2964 σχίσματυς
460 2895 676 2968 αἵρεσις
712 2895 849 2968 πρὸς
877 2896 975 2969 τὴν
1013 2896 1359 2969 Ἐκκλησίαν,
1401 2896 1499 2969 τὴν
1533 2898 1713 2953 αίτίαν

162 2981 266 3052 ἔσχε
313 2982 579 3056 τοιαύτην.
622 2984 802 3057 Κώμη
848 3001 931 3049 τις
962 2982 1101 3041 εἶναι
1125 2987 1346 3057 λέγεται
1390 2991 1449 3042 ἐν
1479 2992 1544 3061 τῇ
1571 2988 1713 3043 κατά

159 3072 240 3144 τὴν
267 3075 494 3145 Φρυγίαν
514 3077 703 3149 Μυσίᾳ
726 3077 860 3148 (94),
889 3078 1199 3152 καλουμένη
1227 3081 1494 3155 Ἀρδαϐᾶν
1523 3081 1710 3136 τοῠνο-

1815 1981 2054 2039 gnopere
2067 1966 2385 2023 confirmata
2412 1966 2514 2037 sit;
2541 1965 2841 2021 adversarii
2866 1981 2995 2024 vero
3020 1976 3147 2022 tunc
3174 1965 3389 2037 quidem

1816 2059 1982 2130 fugati
2013 2070 2070 2114 et
2101 2058 2192 2113 Dei
2220 2059 2406 2113 hostes
2453 2073 2564 2113 non
2605 2057 2868 2114 mediocri
2922 2059 3106 2114 dolore
3157 2056 3390 2129 perculsi

1818 2151 2040 2210 fuerint.
2116 2152 2249 2207 Cum
2290 2166 2418 2206 vero
2459 2144 2578 2220 ejus
2635 2152 2736 2208 loci
2798 2152 3097 2225 presbyteri
3149 2152 3394 2223 postula-

1818 2255 1937 2299 rent
1991 2255 2268 2301 ut'eurutn
2328 2260 2450 2314 qua:
2502 2254 2697 2301 contra
2754 2245 3003 2300 veritatis
3047 2244 3390 2301 adversarios

1815 2340 1960 2392 dicta
1983 2337 2217 2397 fuerant.
2243 2338 2701 2394 commentarium
2737 2338 2868 2408 ipsis
2898 2338 3160 2409 scriptum
3223 2337 3391 2393 relin-

1814 2446 2039 2502 querem
2070 2450 2085 2486 :
2122 2439 2337 2487 astante
2381 2431 2543 2486 etiam
2588 2429 3028 2501 compresbytero
3053 2440 3242 2486 nostro
3282 2428 3389 2487 Zo-

1817 2527 1926 2580 tico
1956 2526 2181 2593 ()treno,
2206 2526 2258 2580 id
2283 2526 2506 2595 quidem
2532 2525 2758 2580 minime
2798 2525 3024 2595 praestiti
3051 2543 3066 2592 ;
3102 2526 3264 2598 180
3294 2526 3389 2582 sed

1815 2617 1975 2673 simul
2015 2626 2178 2687 atque
2205 2617 2312 2673 huc
2340 2617 2653 2683 rediissem,
2683 2618 3017 2686 scripturum
3067 2634 3153 2673 me
3182 2619 3388 2683 omnia,

1813 2721 1870 2767 et
1924 2712 1990 2764 ad
2038 2711 2182 2780 ipsos
2219 2711 2623 2781 quamprimum
2682 2712 2972 2767 missurum
3027 2710 3135 2767 Deo
3177 2710 3393 2767 favente

1815 2803 2061 2874 promisi.
2099 2823 2117 2856 ι
2158 2803 2281 2859 Haec
2309 2813 2364 2858 et
2393 2803 2496 2859 alia
2532 2805 2585 2858 in
2619 2804 2847 2859 exordio
2891 2804 3069 2874 operis
3099 2812 3390 2875 postquam

1814 2878 1974 2958 dixit.
2011 2897 2270 2966 paulatim
2299 2897 2524 2951 ulterius
2552 2910 2898 2966 progressus,
2929 2896 3253 2966 supradictae
3281 2896 3393 2951 lue-

1814 2993 1950 3047 resis
1977 3001 2252 3047 auutorem
2275 2992 2542 3046 describit
2569 2991 2654 3046 his
2700 2989 2880 3045 verbis
2911 3004 2927 3044 :
2974 3009 2994 3043 ι
3027 2989 3194 3058 Igitur
3218 2990 3390 3046 obsti.

1816 3094 1940 3139 nata
1990 3083 2203 3140 illorum
2258 3083 2425 3139 coitio
2477 3084 2739 3140 adversus
2789 3081 3106 3148 Ecclesiam,
3138 3092 3195 3137 et
3248 3097 3390 3139 nova

161 3183 251 3235 μα·
280 3167 395 3222 ἔνθα
424 3169 556 3240 φασί
588 3187 710 3224 τινα
743 3169 853 3223 τῶν
885 3173 1183 3226 νεοπίστων
1210 3172 1464 3244 πρώτως,
1497 3175 1709 3229 Μοντω¹

1817 3176 2102 3247 perniciosi
2127 3176 2435 3233 schismatis
2460 3176 2700 3240 hmresis,
2728 3177 2867 3231 hanc
2889 3175 3078 3231 habuit
3100 3175 3390 3248 originem.

156 3256 229 3311 νὺν
254 3259 498 3333 τοῦνομα,
523 3263 669 3317 κατά
700 3264 907 3336 Γράτον
933 3265 1115 3329 Ἀσίας
1136 3266 1464 3332 ἀνθύπατον,
1499 3269 1558 3322 ἐν
1585 3269 1708 3322 ἐπι-

157 3351 302 3426 θυμίᾳ
324 3355 492 3428 ψυχῆς
514 3357 745 3431 ἀμέτρῳ
765 3358 1161 3431 φιλοπρωτείας
1186 3361 1345 3414 δόντα
1368 3360 1600 3431 πάροδον
1628 3361 1711 3425 είς

156 3442 321 3499 ἑαυτὸν
357 3447 434 3518 τῷ
463 3449 850 3520 ἀντικειμένῳ,
887 3448 1470 3522 πνευματοφορηθῆναί
1505 3468 1566 3504 τε
1612 3451 1709 3505 καὶ

157 3538 401 3606 αἰφνιδίως
427 3542 484 3593 ἐν
505 3544 712 3612 κατοχῇ
740 3560 843 3595 τινι
873 3543 966 3596 καὶ
993 3544 1365 3614 παρεκστάσει
1393 3542 1705 3613 γενόμενον,

158 3629 428 3704 ἐνθουσιᾷν,
462 3633 736 3705 ἄρξασθαί
769 3652 829 3688 τε
860 3633 1041 3689 λαλεῖν
1071 3635 1165 3690 κα).
1187 3622 1526 3707 ξενοιρῶνείν,
1556 3636 1708 3709 παρά

154 3720 205 3773 τὸ
248 3724 380 3779 κατά
411 3726 713 3798 παράδοσιν
758 3726 854 3781 καὶ
902 3728 1045 3781 κατά
1090 3727 1338 3800 διαδοχὴν
1374 3727 1579 3783 ἀνωθεν
1607 3730 1707 3800 τῆς

210 3923 311 3987 (89)
353 3926 473 3998 Τὴν
490 3928 645 3983 κατὰ
665 3930 856 3983 τόπον
886 3929 1274 3998 Ἐκκλησίαν.
1294 3928 1511 3986 Editum
1531 3928 1711 3986 fuerat

155 3995 234 4067 τὴν
260 3997 625 4071 κατάλΠᾴντον
663 3998 1011 4070 Ἐκκλησίαν·
1050 3995 1147 4055 sed
1182 4002 1345 4071 longe
1373 4000 1708 4069 pracferenda

155 4079 222 4141 εει
247 4067 443 4141 codicis
477 4069 634 4141 Regii,
686 4067 982 4140 scriptura,
1044 4085 1205 4141 quam
1271 4067 1580 4141 recepimus
1638 4087 1709 4126 ex

155 4133 430 4207 Nicephoro
498 4133 700 4194 in'lih.
753 4133 840 4204 η’,
906 4133 1026 4206 cap.
1062 4133 1189 4204 '25;
1257 4141 1307 4193 id
1353 4133 1458 4204 est,
1516 4139 1705 4194 Eccle-

155 4207 265 4283 sicut
291 4209 431 4283 illius
459 4210 583 4273 ioci,
612 4210 849 4283 Ancyrae
878 4212 1106 4283 scilicet.
1142 4209 1316 4283 Sicjn
1348 4211 1707 4283 inscriptione

156 4277 369 4351 epistolae
400 4277 820 4351 Smyrnensium
869 4283 933 4334 ad
967 4280 1206 4351 reliquas
1244 4277 1553 4336 Ecclesias':
1591 4281 1704 4336 Καὶ

155 4348 330 4424 rideat;
355 4354 477 4424 ταῖς
500 4348 647 4405 κατά
678 4350 1057 4424 πάντα-τόπον
1088 4348 1188 4424 τῆς
1219 4351 1380 4421 ἁγίας
1410 4351 1707 4424 καθολικῆς

165 4417 463 4491 Ἐκκλησίας
483 4420 829 4493 παροικίαις.
856 4421 918 4493 Et
945 4423 1086 4477 infra
1114 4417 1165 4477 ἰὴ
1193 4417 1293 4478 hac
1322 4424 1538 4493 pagina.
1571 4417 1711 4478 Tei-

157 4490 393 4562 tus_vulg.
427 4490 614 4557 antea,
647 4490 789 4544 κατά
816 4492 1038 4562 Πόντον.

211 4559 310 4633 (90)
341 4559 964 4633 Διατεθρυλλημένην.
1034 4564 1093 4617 id
1148 4572 1281 4629 est,
1336 4573 1704 4632 personanlem

155 4643 205 4684 ac
252 4643 677 4702 perstrepentem.
718 4632 852 4685 Tota
908 4634 1051 4687 enim
1105 4633 1348 4690 Ecclesia
1402 4633 1549 4689 illius
1598 4635 1701 4689 loci

154 4715 346 4758 rumore
385 4720 539 4759 novae
580 4703 882 4772 prophetiae
906 4705 1255 4773 personabat,
1284 4720 1406 4759 cum
1435 4705 1505 4759 ob
1538 4713 1703 4759 tantas

154 4773 214 4824 rei
243 4774 529 4829 novitatem
562 4774 751 4828 cuncti
795 4774 860 4827 de
889 4789 949 4828 ea
987 4790 1043 4828 re
1080 4774 1452 4843 loquerentur.
1486 4775 1566 4830 Ex
1593 4791 1702 4843 ιιιιο

154 4853 388 4914 apparet,
419 4848 622 4900 donum
656 4843 955 4913 prophetiae
997 4843 1108 4910 jam
1140 4856 1251 4898 tum
1285 4844 1386 4899 illis
1440 4845 1704 4914 tempori-

152 4910 237 4965 bus
285 4915 335 4968 in
379 4916 621 4970 Beclesia
659 4910 863 4968 rarum
919 4924 1083 4983 atque
1140 4915 1454 4970 inusitatum
1489 4910 1700 4980 TniSse;

152 4985 327 5055 quippe
349 5002 474 5039 cum
504 4994 696 5039 exorta
739 4983 973 5055 Montani
1028 4986 1329 5055 prophetia,
1385 4994 1565 5041 tantos
1615 4998 1702 5040 tu-

153 5053 331 5110 tnultus
368 5066 495 5110 tunc
521 5056 787 5122 temporis
819 5056 871 5109 in
906 5053 1144 5109 Ecclesia
1177 5056 1517 5111 excitaverit.
1548 5055 1702 5124 Quod

152 5136 275 5180 certe
310 5142 419 5182 non
448 5127 792 5197 contigisset,
817 5127 862 5179 si
899 5126 1143 5179 solemne
1169 5136 1294 5180 tunc
1321 5142 1384 5180 ac
1414 5128 1706 5197 pervulga-

153 5201 246 5266 tum
288 5197 342 5266 in
405 5196 649 5251 Ecclesia
695 5194 886 5250 fuisset
939 5197 1234 5266 prophetiae
1272 5194 1492 5250 donum.
1529 5194 1705 5253 Porro

149 5259 654 5339 διατεθρυλλημένην
686 5266 911 5339 Langus
932 5259 1094 5321 vertit
1124 5267 1482 5339 decantatam.

209 5333 320 5409 (91)
338 5333 718 5409 Ἑκὰὶγτάξτε.
736 5333 1073 5409 _Amplector
1102 5337 1529 5409 emendationem
1547 5335 1703 5409 Chri-

149 5406 497 5472 stophnrsoni,
524 5406 633 5479 qui
651 5406 919 5479 exis-tore
942 5406 1202 5479 correxit,
1224 5406 1299 5479 Aid
1326 5416 1439 5479 gest,
1468 5407 1700 5472 assidue,

148 5480 374 5543 quotidie,
403 5488 460 5532 et
485 5477 564 5535 sic
600 5477 841 5532 Savilius
858 5477 922 5529 ad
940 5492 1091 5531 oram
1115 5477 1338 5532 lihrisui
1373 5479 1700 5532 emendavit.

207 5547 308 5617 (92)
333 5550 442 5604 Καὶ
486 5549 629 5615 τοὺς
675 5546 1040 5614 ἀντιθέτους.
1088 5546 1269 5617 Malim
1313 5545 1609 5617 ἀντιθέους.
1645 5555 1704 5601 ut

148 5612 326 5690 legitur
381 5620 450 5676 ad
515 5612 823 5690 marginem
862 5612 1702 5690 editionisGenevensisapum

148 5689 271 5758 enim
298 5691 406 5758 jam
461 5686 667 5746 dixerit
720 5688 845 5752 τοὺς
902 5686 1209 5758 ἐξεναντίας
1237 5686 1701 5758 ἀποκριτυσθῆναι,

149 5705 271 5741 enim
298 5706 406 5758 iam
461 5705 667 5746 atxertt
720 5705 845 5752 τους
902 5705 1209 5754 εςεναντιας
1237 5705 1384 5742 αποκ
1451 5705 1701 5758 υσοηναι,

149 5754 462 5826 ineptissima
510 5768 678 5829 esset;
710 5757 986 5829 repetitio,
1000 5757 1059 5829 si
1098 5758 1225 5822 τοὺς
1258 5705 1572 5823 ἀντιεὲτους
1600 5760 1703 5815 ite-

152 5841 253 5881 rum
274 5830 601 5889 nominaret.
638 5827 836 5884 Verum
867 5827 1168 5893 ἀντιθέους,
1203 5830 1346 5899 quod
1379 5830 1537 5900 longe
1574 5845 1701 5899 gra-

1818 3266 1983 3323 Vicus
2011 3266 2230 3337 quidam
2281 3282 2404 3324 esse
2461 3267 2661 3323 dicitur
2711 3267 2764 3322 in
2820 3267 2989 3338 Mysia
3047 3270 3389 3325 contermina

1814 3361 2066 3433 Phrygiae
2112 3363 2328 3419 nomine
2353 3361 2592 3416 Ardaha.
2647 3359 2703 3415 In
2737 3376 2843 3430 quo
2872 3360 3024 3418 aiunt
3075 3362 3390 3418 Montanum

1814 3455 2106 3525 quemdam
2138 3469 2207 3509 ex
2240 3453 2308 3510 iis
2343 3453 2433 3525 qui
2464 3453 2699 3510 ﬁdelium
2734 3470 2963 3510 numero
3000 3470 3195 3511 recens
3221 3457 3392 3512 ascri-

1816 3544 1891 3615 pti
1916 3530 2153 3612 fuerant,
2178 3543 2469 3600 immodica
2493 3544 2655 3615 primi
2692 3543 2795 3600 loci
2831 3544 3128 3616 cupiditate
3149 3555 3388 3617 captum,

1814 3634 2051 3705 primum
2077 3633 2179 3689 sub
2203 3631 2373 3689 Grato
2398 3632 2538 3688 Asiae
2559 3631 2881 3704 proconsule
2906 3632 3108 3687 aditum
3140 3632 3193 3686 in
3218 3647 3275 3687 se
3295 3633 3394 3687 ad-

1815 3726 2069 3782 versario
2086 3724 2305 3797 spiritui
2336 3724 2679 3796 praebuisse:
2726 3735 2783 3781 et
2824 3725 3070 3781 daamone
3118 3725 3389 3796 repletum

1817 3929 1940 3986 vius
1959 3939 2064 3993 est.
2107 3930 2346 3999 appellat
2396 3930 2773 3991 Mautanistas.
2800 3932 2854 3987 id
2880 3939 2999 4000 est,
3021 3929 3117 3986 Dei
3143 3931 3393 3986 adversa-

1816 4003 1947 4072 rios,
1987 4016 2052 4056 eo
2072 4003 2212 4069 quod
2241 4017 2436 4072 novum
2464 4001 2804 4058 Paracletum
2842 4003 3185 4057 inducerent.
3212 4003 3392 4072 Atque

1816 4071 1887 4126 ita
1937 4074 1988 4126 in
2043 4073 2230 4126 codice
2258 4071 2394 4126 Fuk.
2429 4082 2484 4126 et
2513 4072 2684 4129 Savil.
2725 4074 2986 4141 scriptum
3028 4074 3276 4127 habetur.
3307 4071 3391 4126 ’Si

1813 4143 1936 4210 quis
1967 4157 2098 4196 vero
2130 4141 2440 4207 ἀντιθέτους
2473 4144 2708 4198 retinere
2771 4144 3042 4203 maluerit,
3080 4158 3186 4196 non
3228 4158 3393 4211 repu-

1815 4213 2015 4283 gnabo.
2049 4213 2190 4283 infra
2223 4214 2367 4265 enim
2404 4214 2660 4269 dicuntur
2700 4211 3205 4283 ἀντιδιατιθέμενοι,
3238 4223 3296 4265 ιιι
3336 4219 3393 4266 et

1816 4283 1953 4353 apud
1977 4281 2140 4353 Grcg.
2176 4282 2492 4353 Nyssmnum
2539 4284 2630 4338 lib.
2667 4299 2683 4337 ι
2716 4285 2916 4337 Contra
2962 4281 3304 4343 Eunomium,
3335 4292 3394 4337 et

1814 4350 2039 4407 Paulum
2070 4350 2121 4405 in
2149 4353 2187 4406 ll
2226 4354 2294 4405 ad
2324 4351 2553 4406 Timollt.

1888 4422 2001 4492 (93)
2042 4421 2156 4477 Τοῦ
2198 4422 2502 4490 Ὀτρηνοῦ.
2534 4421 2667 4476 Male
2697 4421 2843 4491 apud
2862 4419 3222 4489 Nicephorum
3256 4421 3387 4492 legi-

1732 4515 1783 4574 D
1810 4490 2236 4574 ιιιιίῸστρηνοῦ.
2268 4492 2688 4574 Distinguendum
2713 4490 2893 4574 autem
2927 4493 3139 4574 videtur
3168 4492 3257 4546 hic
3284 4490 3392 4574 ζο-

1815 4564 1956 4619 ticus
1995 4562 2232 4618 Otrenus
2260 4579 2288 4616 a
2323 4562 2529 4627 Zotico,
2567 4563 2891 4617 Comanensi
2928 4562 3209 4631 episcopo.
3234 4562 3390 4631 cuius

1813 4632 1954 4717 infra
1982 4634 2231 4757 mireminit
2261 4635 2348 4689 hic
2374 4646 2586 4690 auctor.
2619 4632 2754 4689 Nam
2774 4632 3130 4689 Comanensis
3166 4631 3256 4687 ille
3288 4649 3388 4686 an-

1814 4714 2013 4757 ttautor
2063 4715 2161 4757 ult.
2844 4739 2850 4743 ‹

1814 4705 2013 4774 tiquior
2038 4704 2161 4759 fuit.
2232 4773 2235 4774 ν
2844 4739 2850 4743 <

1888 4772 2000 4848 (94)
2041 4775 2136 4848 Ἐκ
2162 4773 2251 4845 τῇ
2278 4774 2436 4848 ,κατὰ
2459 4774 2574 4843 τὴν
2592 4774 2875 4848 Δτιξουοχοίαν
2898 4774 3121 4848 Μυσίᾳ.
3146 4773 3391 4848 Rufinus

1812 4844 2001 4910 vertit,
2030 4846 2173 4900 uictu
2197 4847 2412 4913 quidam
2438 4862 2547 4899 esse
2566 4844 2764 4899 dicitur
2786 4847 2929 4913 apud
2953 4844 3245 4915 Phrygiam
3270 4844 3391 4915 My-

1812 4916 1907 4968 sia:
1938 4916 2220 4981 civitatem,
2260 4915 2619 4985 ineptissime.
2659 4915 2770 4969 Nec
2798 4916 2991 4971 melius
3030 4913 3308 4971 Musonius
3332 4913 3388 4970 et

1812 4986 2342 5056 ()hristophorsonus
2428 4988 2860 5056 interpretantur
2940 4985 3083 5056 apud
3143 4985 3388 5056 Mysiam

1815 5054 2091 5126 Phrygas.
2116 5056 2255 5123 Quid
2290 5057 2459 5122 enim,
2488 5056 2702 5119 amabo,
2732 5055 2837 5110 sibi
2862 5054 2983 5126 vult
3015 5055 3188 5126 Mysia
3209 5054 3387 5124 Phry-

1812 5125 2170 5208 gize'iDuplex
2197 5126 2325 5208 olim
2352 5126 2456 5182 fuit
2479 5126 2671 5208 Mysia,
2695 5126 2838 5206 sicut
2861 5136 2917 5182 et
2948 5125 3207 5208 Phrygia,
3251 5135 3389 5179 teste

1814 5194 2084 5251 Strabone
2122 5197 2177 5251 in
2205 5196 2300 5253 lib.
2332 5212 2411 5253 xu
2436 5214 2451 5253 :
2478 5194 2586 5249 alia
2616 5194 2805 5263 major,
2833 5211 2994 5264 quam
3027 5194 3383 5265 Olympenem

1811 5276 1971 5329 vocat
2001 5266 2231 5333 Strabo;
2269 5268 2372 5321 alia
2403 5267 2602 5330 minor,
2630 5281 2795 5336 quam
2838 5265 3260 5336 Hellespontiam
3292 5279 3390 5336 vo-

1813 5347 1904 5409 cat
1934 5337 2277 5409 Ptolemaeus.
2307 5336 2738 5409 Utraqueporro
2766 5334 3387 5409 Phrygiae‘contermina

1814 5354 1904 5392 cat
1934 5354 2277 5393 rtmemaeus.
2309 5354 2547 5408 Utraque
2576 5354 2738 5405 porro
2768 5354 2911 5409 rnry
2953 5354 3018 5390 ne
3047 5354 3387 5390 contermina

1814 5407 1930 5461 fuit.
1966 5406 2120 5464 Unde
2150 5417 2333 5477 natum
2361 5405 2702 5477 proverbium
2733 5354 3138 5477 apudjiraecos
3144 5404 3388 5477 _:_me1;

1810 5477 1879 5531 τὰ
1904 5478 2127 5537 Μυσῶν.
2152 5476 2279 5533 Fuit
2307 5474 2377 5532 et'
2390 5477 2556 5548 altera
2585 5474 2843 5548 Mysia'in
2878 5474 3115 5548 Europa.
3140 5474 3388 5531 Thracia:

1811 5550 2144 5616 mntributa,
2189 5562 2352 5617 quam
2403 5546 2586 5602 Latini
2637 5546 2854 5617 quidem
2889 5546 3138 5602 Mat-siam
3164 5554 3384 5611 vocant,

1811 5618 1986 5674 Graeci
2022 5633 2151 5674 vero
2196 5633 2413 5685 semper
2436 5617 2679 5689 Μυσίαν.
2726 5618 2811 5689 Ad
2838 5617 3002 5689 hujus,
3024 5632 3156 5689 ergo
3189 5617 3387 5689 distin-

1811 5690 2048 5761 ctionem
2075 5693 2108 5761 ἡ
2140 5691 2284 5745 κατὰ
2313 5688 2552 5759 Φρυγίαν
2584 5688 2783 5761 Μυσία
2824 5686 2936 5761 hic;
2954 5687 3159 5761 dicitur
3213 5686 3385 5761 Mysia

1809 5757 2061 5830 Phrygiae
2096 5757 2454 5830 contermina,
2479 5774 2572 5830 seu
2616 5759 2875 5830 Asiatica.
2906 5757 3078 5817 Porro
3102 5758 3253 5815 vicus
3268 5757 3383 5815 iste

1813 5831 1866 5884 in
1897 5828 2084 5887 codice
2107 5829 2240 5886 Maz.
2275 5831 2470 5886 dicitur
2510 5828 2795 5898 'Ap5166i6.
