  <div class='ocr_page' id='page_1' title='image "/cluster/home/n/w/nwhite01/storage/ocr_20150623/20/hvd.32044012984548/241.png"; bbox 0 0 3878 6502; ppageno 0'>
   <div class='ocr_carea' id='block_1_1' title="bbox 427 353 529 412">
    <p class='ocr_par' dir='ltr' id='par_1_1' title="bbox 427 353 529 412">
     <span class='ocr_line' id='line_1_1' title="bbox 427 353 529 412; baseline 0.01 -2"><span class='ocrx_word' id='word_1_1' title='bbox 427 353 529 412; x_wconf 64' lang='grc' dir='ltr'><strong>ἄῖι</strong></span> 
     </span>
    </p>
   </div>
   <div class='ocr_carea' id='block_1_2' title="bbox 1149 359 1938 417">
    <p class='ocr_par' dir='ltr' id='par_1_2' title="bbox 1149 359 1938 417">
     <span class='ocr_line' id='line_1_2' title="bbox 1149 359 1938 417; baseline 0.004 -3"><span class='ocrx_word' id='word_1_2' title='bbox 1149 359 1419 415; x_wconf 80' lang='lat' dir='ltr'><strong>EUSEBII</strong></span> <span class='ocrx_word' id='word_1_3' title='bbox 1456 360 1656 415; x_wconf 67' lang='lat' dir='ltr'><strong>CESA</strong></span> <span class='ocrx_word' id='word_1_4' title='bbox 1667 361 1938 417; x_wconf 74' lang='lat' dir='ltr'><strong>RIENSIS</strong></span> 
     </span>
    </p>
   </div>
   <div class='ocr_carea' id='block_1_3' title="bbox 2010 359 3002 420">
    <p class='ocr_par' dir='ltr' id='par_1_3' title="bbox 2010 359 3002 420">
     <span class='ocr_line' id='line_1_3' title="bbox 2010 359 3002 420; baseline 0 -3"><span class='ocrx_word' id='word_1_5' title='bbox 2010 361 2160 420; x_wconf 81' lang='lat' dir='ltr'><strong>OPP.</strong></span> <span class='ocrx_word' id='word_1_6' title='bbox 2203 360 2384 416; x_wconf 79' lang='lat' dir='ltr'><strong>PARS</strong></span> <span class='ocrx_word' id='word_1_7' title='bbox 2422 359 2462 416; x_wconf 88' lang='grc'><strong>1.</strong></span> <span class='ocrx_word' id='word_1_8' title='bbox 2505 390 2574 404; x_wconf 86' lang='lat'><strong>-</strong></span> <span class='ocrx_word' id='word_1_9' title='bbox 2612 359 3002 417; x_wconf 39' lang='lat' dir='ltr'><strong>l‘llSTORlCA.</strong></span> 
     </span>
    </p>
   </div>
   <div class='ocr_carea' id='block_1_4' title="bbox 3590 359 3691 414">
    <p class='ocr_par' dir='ltr' id='par_1_4' title="bbox 3590 359 3691 414">
     <span class='ocr_line' id='line_1_4' title="bbox 3590 359 3691 414; baseline 0.02 -2"><span class='ocrx_word' id='word_1_10' title='bbox 3590 359 3691 414; x_wconf 62' lang='lat'><strong>£72</strong></span> 
     </span>
    </p>
   </div>
   <div class='ocr_carea' id='block_1_5' title="bbox 433 477 2010 556">
    <p class='ocr_par' dir='ltr' id='par_1_5' title="bbox 433 483 2002 551">
     <span class='ocr_line' id='line_1_5' title="bbox 433 483 2002 551; baseline 0.006 -21"><span class='ocrx_word' id='word_1_11' title='bbox 433 496 595 547; x_wconf 83' lang='lat' dir='ltr'><strong>quam</strong></span> <span class='ocrx_word' id='word_1_12' title='bbox 622 495 808 535; x_wconf 89' lang='lat' dir='ltr'><strong>eorum</strong></span> <span class='ocrx_word' id='word_1_13' title='bbox 836 493 986 537; x_wconf 91' lang='lat' dir='ltr'><strong>certo</strong></span> <span class='ocrx_word' id='word_1_14' title='bbox 1013 497 1367 551; x_wconf 80' lang='lat' dir='ltr'><strong>cognoscere.</strong></span> <span class='ocrx_word' id='word_1_15' title='bbox 1392 483 1524 537; x_wconf 77' lang='lat' dir='ltr'><strong>Nam</strong></span> <span class='ocrx_word' id='word_1_16' title='bbox 1551 485 1692 540; x_wconf 92' lang='lat' dir='ltr'><strong>forte</strong></span> <span class='ocrx_word' id='word_1_17' title='bbox 1710 486 1830 549; x_wconf 93' lang='lat' dir='ltr'><strong>hoc,</strong></span> <span class='ocrx_word' id='word_1_18' title='bbox 1865 487 2002 540; x_wconf 88' lang='lat' dir='ltr'><strong>forte</strong></span> 
     </span>
    </p>
   </div>
   <div class='ocr_carea' id='block_1_6' title="bbox 2116 477 3693 556">
    <p class='ocr_par' dir='ltr' id='par_1_6' title="bbox 2116 477 3693 556">
     <span class='ocr_line' id='line_1_6' title="bbox 2116 477 3693 556; baseline -0.002 -18"><span class='ocrx_word' id='word_1_19' title='bbox 2116 485 2295 556; x_wconf 82' lang='grc' dir='ltr'><strong>μαιὼς</strong></span> <span class='ocrx_word' id='word_1_20' title='bbox 2319 485 2479 548; x_wconf 81' lang='grc' dir='ltr'><strong>λύκος</strong></span> <span class='ocrx_word' id='word_1_21' title='bbox 2509 487 2570 537; x_wconf 84' lang='grc' dir='ltr'><strong>ὲκ</strong></span> <span class='ocrx_word' id='word_1_22' title='bbox 2602 483 3017 555; x_wconf 74' lang='grc' dir='ltr'><strong>προϐάτωνοούκ</strong></span> <span class='ocrx_word' id='word_1_23' title='bbox 3041 481 3156 552; x_wconf 73' lang='grc' dir='ltr'><strong>εἰμὶ</strong></span> <span class='ocrx_word' id='word_1_24' title='bbox 3171 480 3362 545; x_wconf 84' lang='grc' dir='ltr'><strong>λύκος⁹</strong></span> <span class='ocrx_word' id='word_1_25' title='bbox 3384 477 3552 554; x_wconf 75' lang='grc' dir='ltr'><strong>ῥῆμά</strong></span> <span class='ocrx_word' id='word_1_26' title='bbox 3583 480 3693 550; x_wconf 73' lang='grc' dir='ltr'><strong>ειμι</strong></span> 
     </span>
    </p>
   </div>
   <div class='ocr_carea' id='block_1_7' title="bbox 433 572 2004 643">
    <p class='ocr_par' dir='ltr' id='par_1_7' title="bbox 433 572 2004 643">
     <span class='ocr_line' id='line_1_7' title="bbox 433 572 2004 643; baseline 0.005 -18"><span class='ocrx_word' id='word_1_27' title='bbox 433 573 599 626; x_wconf 89' lang='lat' dir='ltr'><strong>etiam</strong></span> <span class='ocrx_word' id='word_1_28' title='bbox 634 572 744 627; x_wconf 87' lang='lat' dir='ltr'><strong>alio</strong></span> <span class='ocrx_word' id='word_1_29' title='bbox 773 573 966 629; x_wconf 89' lang='lat' dir='ltr'><strong>mortis</strong></span> <span class='ocrx_word' id='word_1_30' title='bbox 1008 588 1210 643; x_wconf 80' lang='lat' dir='ltr'><strong>genere</strong></span> <span class='ocrx_word' id='word_1_31' title='bbox 1251 573 1534 630; x_wconf 82' lang='lat' dir='ltr'><strong>Montanus</strong></span> <span class='ocrx_word' id='word_1_32' title='bbox 1578 592 1641 632; x_wconf 86' lang='lat' dir='ltr'><strong>ac</strong></span> <span class='ocrx_word' id='word_1_33' title='bbox 1694 576 2004 633; x_wconf 80' lang='lat' dir='ltr'><strong>Theodotus</strong></span> 
     </span>
    </p>
   </div>
   <div class='ocr_carea' id='block_1_8' title="bbox 432 662 2000 735">
    <p class='ocr_par' dir='ltr' id='par_1_8' title="bbox 432 662 2000 735">
     <span class='ocr_line' id='line_1_8' title="bbox 432 662 2000 735; baseline 0.005 -21"><span class='ocrx_word' id='word_1_34' title='bbox 432 675 487 715; x_wconf 83' lang='lat' dir='ltr'><strong>et</strong></span> <span class='ocrx_word' id='word_1_35' title='bbox 519 662 712 718; x_wconf 85' lang='lat' dir='ltr'><strong>mulier</strong></span> <span class='ocrx_word' id='word_1_36' title='bbox 738 663 826 718; x_wconf 90' lang='lat' dir='ltr'><strong>illa</strong></span> <span class='ocrx_word' id='word_1_37' title='bbox 863 665 976 735; x_wconf 85' lang='lat' dir='ltr'><strong>jam</strong></span> <span class='ocrx_word' id='word_1_38' title='bbox 1007 682 1036 719; x_wconf 89' lang='lat' dir='ltr'><strong>a</strong></span> <span class='ocrx_word' id='word_1_39' title='bbox 1063 666 1218 722; x_wconf 88' lang='lat' dir='ltr'><strong>nobis</strong></span> <span class='ocrx_word' id='word_1_40' title='bbox 1247 669 1521 723; x_wconf 89' lang='lat' dir='ltr'><strong>nominata</strong></span> <span class='ocrx_word' id='word_1_41' title='bbox 1553 669 1945 724; x_wconf 89' lang='lat' dir='ltr'><strong>occubuerunt.</strong></span> <span class='ocrx_word' id='word_1_42' title='bbox 1981 689 2000 722; x_wconf 75' lang='grc' dir='ltr'><strong>ι</strong></span> 
     </span>
    </p>
   </div>
   <div class='ocr_carea' id='block_1_9' title="bbox 435 752 2005 829">
    <p class='ocr_par' dir='ltr' id='par_1_9' title="bbox 435 752 2005 829">
     <span class='ocr_line' id='line_1_9' title="bbox 435 752 2005 829; baseline 0.007 -24"><span class='ocrx_word' id='word_1_43' title='bbox 435 752 622 808; x_wconf 82' lang='lat' dir='ltr'><strong>llefert</strong></span> <span class='ocrx_word' id='word_1_44' title='bbox 647 766 910 824; x_wconf 70' lang='lat' dir='ltr'><strong>pmterea</strong></span> <span class='ocrx_word' id='word_1_45' title='bbox 950 756 1001 810; x_wconf 94' lang='lat' dir='ltr'><strong>in</strong></span> <span class='ocrx_word' id='word_1_46' title='bbox 1027 757 1215 811; x_wconf 87' lang='lat' dir='ltr'><strong>eodem</strong></span> <span class='ocrx_word' id='word_1_47' title='bbox 1258 757 1398 813; x_wconf 91' lang='lat' dir='ltr'><strong>libro</strong></span> <span class='ocrx_word' id='word_1_48' title='bbox 1429 759 1587 829; x_wconf 80' lang='lat'><strong>182</strong></span> <span class='ocrx_word' id='word_1_49' title='bbox 1636 761 2005 816; x_wconf 74' lang='lat' dir='ltr'><strong>sanctissimos</strong></span> 
     </span>
    </p>
   </div>
   <div class='ocr_carea' id='block_1_10' title="bbox 433 847 2007 920">
    <p class='ocr_par' dir='ltr' id='par_1_10' title="bbox 433 847 2007 920">
     <span class='ocr_line' id='line_1_10' title="bbox 433 847 2007 920; baseline 0.004 -21"><span class='ocrx_word' id='word_1_50' title='bbox 433 847 719 918; x_wconf 75' lang='lat' dir='ltr'><strong>episcopos</strong></span> <span class='ocrx_word' id='word_1_51' title='bbox 758 848 1012 918; x_wconf 77' lang='lat' dir='ltr'><strong>spiritum</strong></span> <span class='ocrx_word' id='word_1_52' title='bbox 1061 850 1211 904; x_wconf 90' lang='lat' dir='ltr'><strong>illum</strong></span> <span class='ocrx_word' id='word_1_53' title='bbox 1244 851 1334 920; x_wconf 89' lang='lat' dir='ltr'><strong>qui</strong></span> <span class='ocrx_word' id='word_1_54' title='bbox 1375 852 1428 905; x_wconf 92' lang='lat' dir='ltr'><strong>in</strong></span> <span class='ocrx_word' id='word_1_55' title='bbox 1461 851 1752 906; x_wconf 81' lang='lat' dir='ltr'><strong>Maximilla</strong></span> <span class='ocrx_word' id='word_1_56' title='bbox 1801 853 2007 907; x_wconf 86' lang='lat' dir='ltr'><strong>reside-</strong></span> 
     </span>
    </p>
   </div>
   <div class='ocr_carea' id='block_1_11' title="bbox 436 938 2007 1012">
    <p class='ocr_par' dir='ltr' id='par_1_11' title="bbox 436 938 2007 1012">
     <span class='ocr_line' id='line_1_11' title="bbox 436 938 2007 1012; baseline 0.006 -22"><span class='ocrx_word' id='word_1_57' title='bbox 436 938 549 1004; x_wconf 86' lang='lat' dir='ltr'><strong>hat,</strong></span> <span class='ocrx_word' id='word_1_58' title='bbox 586 941 869 996; x_wconf 82' lang='lat' dir='ltr'><strong>confutare</strong></span> <span class='ocrx_word' id='word_1_59' title='bbox 916 951 1146 998; x_wconf 88' lang='lat' dir='ltr'><strong>conatos</strong></span> <span class='ocrx_word' id='word_1_60' title='bbox 1170 944 1387 1012; x_wconf 87' lang='lat' dir='ltr'><strong>quidem</strong></span> <span class='ocrx_word' id='word_1_61' title='bbox 1417 943 1617 1010; x_wconf 89' lang='lat' dir='ltr'><strong>fuisse;</strong></span> <span class='ocrx_word' id='word_1_62' title='bbox 1659 945 1752 1000; x_wconf 92' lang='lat' dir='ltr'><strong>sed</strong></span> <span class='ocrx_word' id='word_1_63' title='bbox 1797 946 1863 998; x_wconf 91' lang='lat' dir='ltr'><strong>ab</strong></span> <span class='ocrx_word' id='word_1_64' title='bbox 1887 945 2007 1000; x_wconf 89' lang='lat' dir='ltr'><strong>aliis</strong></span> 
     </span>
    </p>
   </div>
   <div class='ocr_carea' id='block_1_12' title="bbox 433 1033 2008 1107">
    <p class='ocr_par' dir='ltr' id='par_1_12' title="bbox 433 1033 2008 1107">
     <span class='ocr_line' id='line_1_12' title="bbox 433 1033 2008 1107; baseline 0.006 -24"><span class='ocrx_word' id='word_1_65' title='bbox 433 1033 524 1100; x_wconf 88' lang='lat' dir='ltr'><strong>qui</strong></span> <span class='ocrx_word' id='word_1_66' title='bbox 561 1033 774 1103; x_wconf 78' lang='lat' dir='ltr'><strong>spiritui</strong></span> <span class='ocrx_word' id='word_1_67' title='bbox 809 1037 1085 1100; x_wconf 80' lang='lat' dir='ltr'><strong>favebant,</strong></span> <span class='ocrx_word' id='word_1_68' title='bbox 1121 1036 1450 1107; x_wconf 78' lang='lat' dir='ltr'><strong>prohibitos.</strong></span> <span class='ocrx_word' id='word_1_69' title='bbox 1525 1035 1700 1092; x_wconf 82' lang='lat' dir='ltr'><strong>Verba</strong></span> <span class='ocrx_word' id='word_1_70' title='bbox 1741 1036 1857 1106; x_wconf 87' lang='lat' dir='ltr'><strong>ejus</strong></span> <span class='ocrx_word' id='word_1_71' title='bbox 1892 1039 2008 1093; x_wconf 70' lang='lat' dir='ltr'><strong>btec</strong></span> 
     </span>
    </p>
   </div>
   <div class='ocr_carea' id='block_1_13' title="bbox 437 1124 2004 1199">
    <p class='ocr_par' dir='ltr' id='par_1_13' title="bbox 437 1124 2004 1199">
     <span class='ocr_line' id='line_1_13' title="bbox 437 1124 2004 1199; baseline 0.004 -24"><span class='ocrx_word' id='word_1_72' title='bbox 437 1133 561 1177; x_wconf 91' lang='lat' dir='ltr'><strong>sunt</strong></span> <span class='ocrx_word' id='word_1_73' title='bbox 593 1143 608 1178; x_wconf 87' lang='lat'><strong>:</strong></span> <span class='ocrx_word' id='word_1_74' title='bbox 655 1143 674 1176; x_wconf 73' lang='grc' dir='ltr'><strong>ι</strong></span> <span class='ocrx_word' id='word_1_75' title='bbox 710 1124 819 1181; x_wconf 86' lang='lat' dir='ltr'><strong>Nec</strong></span> <span class='ocrx_word' id='word_1_76' title='bbox 850 1128 980 1182; x_wconf 90' lang='lat' dir='ltr'><strong>mihi</strong></span> <span class='ocrx_word' id='word_1_77' title='bbox 1001 1126 1114 1196; x_wconf 81' lang='lat' dir='ltr'><strong>jam</strong></span> <span class='ocrx_word' id='word_1_78' title='bbox 1139 1128 1396 1184; x_wconf 88' lang='lat' dir='ltr'><strong>dicatille</strong></span> <span class='ocrx_word' id='word_1_79' title='bbox 1426 1128 1732 1183; x_wconf 74' lang='lat' dir='ltr'><strong>Maximilla:</strong></span> <span class='ocrx_word' id='word_1_80' title='bbox 1764 1130 2004 1199; x_wconf 89' lang='lat' dir='ltr'><strong>spiritus,</strong></span> 
     </span>
    </p>
   </div>
   <div class='ocr_carea' id='block_1_14' title="bbox 436 1217 2006 1281">
    <p class='ocr_par' dir='ltr' id='par_1_14' title="bbox 436 1217 2006 1281">
     <span class='ocr_line' id='line_1_14' title="bbox 436 1217 2006 1281; baseline 0.005 -15"><span class='ocrx_word' id='word_1_81' title='bbox 436 1226 596 1281; x_wconf 82' lang='lat' dir='ltr'><strong>prout</strong></span> <span class='ocrx_word' id='word_1_82' title='bbox 626 1217 678 1272; x_wconf 90' lang='lat' dir='ltr'><strong>in</strong></span> <span class='ocrx_word' id='word_1_83' title='bbox 709 1220 901 1273; x_wconf 91' lang='lat' dir='ltr'><strong>eodem</strong></span> <span class='ocrx_word' id='word_1_84' title='bbox 931 1220 1130 1274; x_wconf 82' lang='lat' dir='ltr'><strong>Asterii</strong></span> <span class='ocrx_word' id='word_1_85' title='bbox 1177 1220 1382 1275; x_wconf 86' lang='lat' dir='ltr'><strong>Urbani</strong></span> <span class='ocrx_word' id='word_1_86' title='bbox 1419 1221 1562 1274; x_wconf 84' lang='lat' dir='ltr'><strong>libro</strong></span> <span class='ocrx_word' id='word_1_87' title='bbox 1592 1221 1818 1276; x_wconf 88' lang='lat' dir='ltr'><strong>relatum</strong></span> <span class='ocrx_word' id='word_1_88' title='bbox 1865 1228 1948 1274; x_wconf 88' lang='lat' dir='ltr'><strong>est</strong></span> <span class='ocrx_word' id='word_1_89' title='bbox 1989 1237 2006 1275; x_wconf 88' lang='lat'><strong>:</strong></span> 
     </span>
    </p>
   </div>
   <div class='ocr_carea' id='block_1_15' title="bbox 433 1307 2005 1381">
    <p class='ocr_par' dir='ltr' id='par_1_15' title="bbox 433 1307 2005 1381">
     <span class='ocr_line' id='line_1_15' title="bbox 433 1307 2005 1381; baseline 0.005 -23"><span class='ocrx_word' id='word_1_90' title='bbox 433 1307 642 1363; x_wconf 80' lang='lat' dir='ltr'><strong>Arceor</strong></span> <span class='ocrx_word' id='word_1_91' title='bbox 677 1319 932 1378; x_wconf 89' lang='lat' dir='ltr'><strong>tauquam</strong></span> <span class='ocrx_word' id='word_1_92' title='bbox 968 1311 1124 1380; x_wconf 90' lang='lat' dir='ltr'><strong>lupus</strong></span> <span class='ocrx_word' id='word_1_93' title='bbox 1146 1311 1213 1365; x_wconf 89' lang='lat' dir='ltr'><strong>ab</strong></span> <span class='ocrx_word' id='word_1_94' title='bbox 1238 1311 1450 1366; x_wconf 85' lang='lat' dir='ltr'><strong>ovibus.</strong></span> <span class='ocrx_word' id='word_1_95' title='bbox 1525 1310 1641 1366; x_wconf 85' lang='lat' dir='ltr'><strong>Non</strong></span> <span class='ocrx_word' id='word_1_96' title='bbox 1682 1327 1799 1365; x_wconf 89' lang='lat' dir='ltr'><strong>sum</strong></span> <span class='ocrx_word' id='word_1_97' title='bbox 1833 1312 2005 1381; x_wconf 89' lang='lat' dir='ltr'><strong>lupus,</strong></span> 
     </span>
    </p>
   </div>
   <div class='ocr_carea' id='block_1_16' title="bbox 438 1395 2006 1474">
    <p class='ocr_par' dir='ltr' id='par_1_16' title="bbox 438 1395 2006 1474">
     <span class='ocr_line' id='line_1_16' title="bbox 438 1395 2006 1474; baseline 0.006 -25"><span class='ocrx_word' id='word_1_98' title='bbox 438 1395 532 1450; x_wconf 81' lang='lat' dir='ltr'><strong>sed</strong></span> <span class='ocrx_word' id='word_1_99' title='bbox 556 1399 804 1459; x_wconf 87' lang='lat' dir='ltr'><strong>verbum,</strong></span> <span class='ocrx_word' id='word_1_100' title='bbox 833 1401 1060 1469; x_wconf 83' lang='lat' dir='ltr'><strong>spiritus</strong></span> <span class='ocrx_word' id='word_1_101' title='bbox 1098 1410 1152 1455; x_wconf 93' lang='lat' dir='ltr'><strong>et</strong></span> <span class='ocrx_word' id='word_1_102' title='bbox 1185 1403 1458 1470; x_wconf 89' lang='lat' dir='ltr'><strong>potentia.</strong></span> <span class='ocrx_word' id='word_1_103' title='bbox 1489 1403 1688 1458; x_wconf 82' lang='lat' dir='ltr'><strong>Verum</strong></span> <span class='ocrx_word' id='word_1_104' title='bbox 1715 1405 2006 1474; x_wconf 80' lang='lat' dir='ltr'><strong>potentiam</strong></span> 
     </span>
    </p>
   </div>
   <div class='ocr_carea' id='block_1_17' title="bbox 439 1486 2006 1568">
    <p class='ocr_par' dir='ltr' id='par_1_17' title="bbox 439 1486 2006 1568">
     <span class='ocr_line' id='line_1_17' title="bbox 439 1486 2006 1568; baseline 0.006 -29"><span class='ocrx_word' id='word_1_105' title='bbox 439 1486 586 1542; x_wconf 85' lang='lat' dir='ltr'><strong>illam</strong></span> <span class='ocrx_word' id='word_1_106' title='bbox 635 1489 688 1543; x_wconf 90' lang='lat' dir='ltr'><strong>in</strong></span> <span class='ocrx_word' id='word_1_107' title='bbox 735 1491 932 1568; x_wconf 77' lang='lat' dir='ltr'><strong>spiritu</strong></span> <span class='ocrx_word' id='word_1_108' title='bbox 983 1491 1268 1547; x_wconf 82' lang='lat' dir='ltr'><strong>evidenter</strong></span> <span class='ocrx_word' id='word_1_109' title='bbox 1315 1493 1569 1549; x_wconf 85' lang='lat' dir='ltr'><strong>ostendat</strong></span> <span class='ocrx_word' id='word_1_110' title='bbox 1623 1505 1679 1551; x_wconf 91' lang='lat' dir='ltr'><strong>et</strong></span> <span class='ocrx_word' id='word_1_111' title='bbox 1727 1497 2006 1568; x_wconf 86' lang='lat' dir='ltr'><strong>approbet,</strong></span> 
     </span>
    </p>
   </div>
   <div class='ocr_carea' id='block_1_18' title="bbox 435 1562 2008 1659">
    <p class='ocr_par' dir='ltr' id='par_1_18' title="bbox 435 1562 2008 1659">
     <span class='ocr_line' id='line_1_18' title="bbox 435 1562 2008 1659; baseline 0.008 -27"><span class='ocrx_word' id='word_1_112' title='bbox 435 1578 706 1650; x_wconf 77' lang='lat' dir='ltr'><strong>faterique</strong></span> <span class='ocrx_word' id='word_1_113' title='bbox 739 1562 810 1636; x_wconf 48' lang='lat' dir='ltr'><strong>‘et</strong></span> <span class='ocrx_word' id='word_1_114' title='bbox 851 1583 1105 1637; x_wconf 85' lang='lat' dir='ltr'><strong>assentiri</strong></span> <span class='ocrx_word' id='word_1_115' title='bbox 1138 1598 1238 1654; x_wconf 90' lang='lat' dir='ltr'><strong>per</strong></span> <span class='ocrx_word' id='word_1_116' title='bbox 1271 1583 1520 1654; x_wconf 90' lang='lat' dir='ltr'><strong>spiritum</strong></span> <span class='ocrx_word' id='word_1_117' title='bbox 1578 1598 1736 1657; x_wconf 78' lang='lat' dir='ltr'><strong>cogat</strong></span> <span class='ocrx_word' id='word_1_118' title='bbox 1760 1562 1868 1643; x_wconf 70' lang='lat' dir='ltr'><strong>eos</strong></span> <span class='ocrx_word' id='word_1_119' title='bbox 1915 1589 2008 1659; x_wconf 91' lang='lat' dir='ltr'><strong>qui</strong></span> 
     </span>
    </p>
   </div>
   <div class='ocr_carea' id='block_1_19' title="bbox 441 1673 2007 1752">
    <p class='ocr_par' dir='ltr' id='par_1_19' title="bbox 441 1673 2007 1752">
     <span class='ocr_line' id='line_1_19' title="bbox 441 1673 2007 1752; baseline 0.008 -29"><span class='ocrx_word' id='word_1_120' title='bbox 441 1679 572 1725; x_wconf 90' lang='lat' dir='ltr'><strong>tunc</strong></span> <span class='ocrx_word' id='word_1_121' title='bbox 597 1673 826 1726; x_wconf 89' lang='lat' dir='ltr'><strong>aderant</strong></span> <span class='ocrx_word' id='word_1_122' title='bbox 869 1683 929 1726; x_wconf 89' lang='lat' dir='ltr'><strong>ttt</strong></span> <span class='ocrx_word' id='word_1_123' title='bbox 969 1675 1250 1744; x_wconf 77' lang='lat' dir='ltr'><strong>garrulum</strong></span> <span class='ocrx_word' id='word_1_124' title='bbox 1294 1674 1442 1730; x_wconf 91' lang='lat' dir='ltr'><strong>illum</strong></span> <span class='ocrx_word' id='word_1_125' title='bbox 1478 1679 1728 1747; x_wconf 89' lang='lat' dir='ltr'><strong>spiritum</strong></span> <span class='ocrx_word' id='word_1_126' title='bbox 1767 1681 2007 1752; x_wconf 89' lang='lat' dir='ltr'><strong>alloque-</strong></span> 
     </span>
    </p>
   </div>
   <div class='ocr_carea' id='block_1_20' title="bbox 438 1765 2007 1842">
    <p class='ocr_par' dir='ltr' id='par_1_20' title="bbox 438 1765 2007 1842">
     <span class='ocr_line' id='line_1_20' title="bbox 438 1765 2007 1842; baseline 0.01 -30"><span class='ocrx_word' id='word_1_127' title='bbox 438 1769 628 1814; x_wconf 90' lang='lat' dir='ltr'><strong>rentur</strong></span> <span class='ocrx_word' id='word_1_128' title='bbox 660 1769 714 1816; x_wconf 90' lang='lat' dir='ltr'><strong>et</strong></span> <span class='ocrx_word' id='word_1_129' title='bbox 761 1765 1170 1831; x_wconf 82' lang='lat' dir='ltr'><strong>examinarent,</strong></span> <span class='ocrx_word' id='word_1_130' title='bbox 1201 1766 1348 1821; x_wconf 90' lang='lat' dir='ltr'><strong>viros</strong></span> <span class='ocrx_word' id='word_1_131' title='bbox 1389 1769 1590 1836; x_wconf 91' lang='lat' dir='ltr'><strong>probos</strong></span> <span class='ocrx_word' id='word_1_132' title='bbox 1615 1779 1669 1824; x_wconf 89' lang='lat' dir='ltr'><strong>et</strong></span> <span class='ocrx_word' id='word_1_133' title='bbox 1714 1772 2007 1842; x_wconf 86' lang='lat' dir='ltr'><strong>episcopali</strong></span> 
     </span>
    </p>
   </div>
   <div class='ocr_carea' id='block_1_21' title="bbox 2111 568 3694 645">
    <p class='ocr_par' dir='ltr' id='par_1_21' title="bbox 2111 568 3694 645">
     <span class='ocr_line' id='line_1_21' title="bbox 2111 568 3694 645; baseline -0.003 -16"><span class='ocrx_word' id='word_1_134' title='bbox 2111 577 2206 629; x_wconf 75' lang='grc' dir='ltr'><strong>καὶ</strong></span> <span class='ocrx_word' id='word_1_135' title='bbox 2220 573 2435 641; x_wconf 81' lang='grc' dir='ltr'><strong>πνεῦμα</strong></span> <span class='ocrx_word' id='word_1_136' title='bbox 2445 575 2541 629; x_wconf 72' lang='grc' dir='ltr'><strong>καὶ</strong></span> <span class='ocrx_word' id='word_1_137' title='bbox 2552 573 2795 645; x_wconf 76' lang='grc' dir='ltr'><strong>δύναμιςο</strong></span> <span class='ocrx_word' id='word_1_138' title='bbox 2817 574 2950 628; x_wconf 84' lang='grc' dir='ltr'><strong>ἀλλά</strong></span> <span class='ocrx_word' id='word_1_139' title='bbox 2963 574 3058 644; x_wconf 83' lang='grc' dir='ltr'><strong>τὴν</strong></span> <span class='ocrx_word' id='word_1_140' title='bbox 3071 574 3129 626; x_wconf 78' lang='grc' dir='ltr'><strong>ἐν</strong></span> <span class='ocrx_word' id='word_1_141' title='bbox 3143 573 3222 644; x_wconf 83' lang='grc' dir='ltr'><strong>τῷ</strong></span> <span class='ocrx_word' id='word_1_142' title='bbox 3238 571 3513 644; x_wconf 88' lang='grc' dir='ltr'><strong>πνεύματι</strong></span> <span class='ocrx_word' id='word_1_143' title='bbox 3538 568 3694 624; x_wconf 80' lang='grc' dir='ltr'><strong>δύνα-</strong></span> 
     </span>
    </p>
   </div>
   <div class='ocr_carea' id='block_1_22' title="bbox 2114 661 3692 740">
    <p class='ocr_par' dir='ltr' id='par_1_22' title="bbox 2114 661 3692 740">
     <span class='ocr_line' id='line_1_22' title="bbox 2114 661 3692 740; baseline -0.004 -18"><span class='ocrx_word' id='word_1_144' title='bbox 2114 687 2146 740; x_wconf 81' lang='grc' dir='ltr'><strong>μ</strong></span> <span class='ocrx_word' id='word_1_145' title='bbox 2156 687 2204 722; x_wconf 89' lang='grc' dir='ltr'><strong>ιν</strong></span> <span class='ocrx_word' id='word_1_146' title='bbox 2219 670 2312 721; x_wconf 84' lang='grc' dir='ltr'><strong>ὲνα</strong></span> <span class='ocrx_word' id='word_1_147' title='bbox 2320 667 2462 739; x_wconf 85' lang='grc' dir='ltr'><strong>ργῶς</strong></span> <span class='ocrx_word' id='word_1_148' title='bbox 2475 665 2701 733; x_wconf 77' lang='grc' dir='ltr'><strong>δειξάτω</strong></span> <span class='ocrx_word' id='word_1_149' title='bbox 2713 667 2806 720; x_wconf 74' lang='grc' dir='ltr'><strong>καὶ</strong></span> <span class='ocrx_word' id='word_1_150' title='bbox 2831 665 3121 734; x_wconf 79' lang='grc' dir='ltr'><strong>ἐλεγξάτω,</strong></span> <span class='ocrx_word' id='word_1_151' title='bbox 3138 665 3232 719; x_wconf 76' lang='grc' dir='ltr'><strong>καὶ</strong></span> <span class='ocrx_word' id='word_1_152' title='bbox 3250 664 3511 736; x_wconf 79' lang='grc' dir='ltr'><strong>ἐξομολογ</strong></span> <span class='ocrx_word' id='word_1_153' title='bbox 3523 661 3692 715; x_wconf 81' lang='grc' dir='ltr'><strong>εἶσθαι</strong></span> 
     </span>
    </p>
   </div>
   <div class='ocr_carea' id='block_1_23' title="bbox 2110 752 3692 829">
    <p class='ocr_par' dir='ltr' id='par_1_23' title="bbox 2110 752 3692 829">
     <span class='ocr_line' id='line_1_23' title="bbox 2110 752 3692 829; baseline -0.004 -17"><span class='ocrx_word' id='word_1_154' title='bbox 2110 759 2198 812; x_wconf 85' lang='grc' dir='ltr'><strong>διὰ</strong></span> <span class='ocrx_word' id='word_1_155' title='bbox 2219 758 2312 812; x_wconf 83' lang='grc' dir='ltr'><strong>τοῦ</strong></span> <span class='ocrx_word' id='word_1_156' title='bbox 2330 758 2635 829; x_wconf 87' lang='grc' dir='ltr'><strong>πνεύματος</strong></span> <span class='ocrx_word' id='word_1_157' title='bbox 2649 758 3117 826; x_wconf 84' lang='grc' dir='ltr'><strong>καταναγκασάτω</strong></span> <span class='ocrx_word' id='word_1_158' title='bbox 3138 758 3262 822; x_wconf 78' lang='grc' dir='ltr'><strong>τοὺς</strong></span> <span class='ocrx_word' id='word_1_159' title='bbox 3277 757 3399 810; x_wconf 65' lang='grc' dir='ltr'><strong>τόντε</strong></span> <span class='ocrx_word' id='word_1_160' title='bbox 3413 773 3528 828; x_wconf 90' lang='grc' dir='ltr'><strong>παρ</strong></span> <span class='ocrx_word' id='word_1_161' title='bbox 3538 752 3692 818; x_wconf 78' lang='grc' dir='ltr'><strong>ὄντας</strong></span> 
     </span>
    </p>
   </div>
   <div class='ocr_carea' id='block_1_24' title="bbox 2112 842 3690 918">
    <p class='ocr_par' dir='ltr' id='par_1_24' title="bbox 2112 842 3690 918">
     <span class='ocr_line' id='line_1_24' title="bbox 2112 842 3690 918; baseline -0.005 -16"><span class='ocrx_word' id='word_1_162' title='bbox 2112 850 2192 913; x_wconf 73' lang='grc' dir='ltr'><strong>εἰς</strong></span> <span class='ocrx_word' id='word_1_163' title='bbox 2208 849 2267 902; x_wconf 84' lang='grc' dir='ltr'><strong>τὸ</strong></span> <span class='ocrx_word' id='word_1_164' title='bbox 2279 848 2564 918; x_wconf 84' lang='grc' dir='ltr'><strong>δοκιμάσαι</strong></span> <span class='ocrx_word' id='word_1_165' title='bbox 2578 847 2671 900; x_wconf 73' lang='grc' dir='ltr'><strong>καὶ</strong></span> <span class='ocrx_word' id='word_1_166' title='bbox 2684 846 3022 918; x_wconf 78' lang='grc' dir='ltr'><strong>διαλεχθῆναι</strong></span> <span class='ocrx_word' id='word_1_167' title='bbox 3035 846 3112 917; x_wconf 86' lang='grc' dir='ltr'><strong>τῷ</strong></span> <span class='ocrx_word' id='word_1_168' title='bbox 3131 845 3399 916; x_wconf 87' lang='grc' dir='ltr'><strong>πνεύματι</strong></span> <span class='ocrx_word' id='word_1_169' title='bbox 3417 842 3581 898; x_wconf 85' lang='grc' dir='ltr'><strong>λαλοῦ</strong></span> <span class='ocrx_word' id='word_1_170' title='bbox 3590 858 3690 904; x_wconf 86' lang='grc' dir='ltr'><strong>ντι,</strong></span> 
     </span>
    </p>
   </div>
   <div class='ocr_carea' id='block_1_25' title="bbox 2112 924 3690 1015">
    <p class='ocr_par' dir='ltr' id='par_1_25' title="bbox 2112 924 3690 1015">
     <span class='ocr_line' id='line_1_25' title="bbox 2112 924 3690 1015; baseline -0.003 -19"><span class='ocrx_word' id='word_1_171' title='bbox 2112 941 2310 1015; x_wconf 78' lang='grc' dir='ltr'><strong>ἄνδρας</strong></span> <span class='ocrx_word' id='word_1_172' title='bbox 2319 941 2570 1011; x_wconf 86' lang='grc' dir='ltr'><strong>δοκίμους</strong></span> <span class='ocrx_word' id='word_1_173' title='bbox 2586 943 2678 994; x_wconf 74' lang='grc' dir='ltr'><strong>καὶ</strong></span> <span class='ocrx_word' id='word_1_174' title='bbox 2694 940 3040 1003; x_wconf 80' lang='grc' dir='ltr'><strong>ἐπισκόπους,</strong></span> <span class='ocrx_word' id='word_1_175' title='bbox 3056 937 3413 994; x_wconf 81' lang='grc' dir='ltr'><strong>Ζωτικδνάπὺ</strong></span> <span class='ocrx_word' id='word_1_176' title='bbox 3429 924 3690 1008; x_wconf 65' lang='grc' dir='ltr'><strong>Κομάνης</strong></span> 
     </span>
    </p>
   </div>
   <div class='ocr_carea' id='block_1_26' title="bbox 2116 1023 3691 1103">
    <p class='ocr_par' dir='ltr' id='par_1_26' title="bbox 2116 1023 3691 1103">
     <span class='ocr_line' id='line_1_26' title="bbox 2116 1023 3691 1103; baseline -0.005 -17"><span class='ocrx_word' id='word_1_177' title='bbox 2116 1031 2328 1103; x_wconf 85' lang='grc' dir='ltr'><strong>κώμης,</strong></span> <span class='ocrx_word' id='word_1_178' title='bbox 2351 1033 2444 1100; x_wconf 73' lang='grc' dir='ltr'><strong>κα).</strong></span> <span class='ocrx_word' id='word_1_179' title='bbox 2453 1029 2736 1084; x_wconf 83' lang='grc' dir='ltr'><strong>’Ῑουλιανὺν</strong></span> <span class='ocrx_word' id='word_1_180' title='bbox 2748 1030 2855 1083; x_wconf 82' lang='grc' dir='ltr'><strong>ἀπὸ</strong></span> <span class='ocrx_word' id='word_1_181' title='bbox 2865 1029 3190 1101; x_wconf 79' lang='grc' dir='ltr'><strong>Ἀπαμείας.</strong></span> <span class='ocrx_word' id='word_1_182' title='bbox 3205 1023 3305 1081; x_wconf 80' lang='grc' dir='ltr'><strong>Ὧν</strong></span> <span class='ocrx_word' id='word_1_183' title='bbox 3321 1031 3372 1082; x_wconf 85' lang='grc' dir='ltr'><strong>οἱ</strong></span> <span class='ocrx_word' id='word_1_184' title='bbox 3390 1045 3456 1081; x_wconf 88' lang='grc' dir='ltr'>πε</span> <span class='ocrx_word' id='word_1_185' title='bbox 3465 1027 3522 1097; x_wconf 80' lang='lat' dir='ltr'><strong>pl</strong></span> <span class='ocrx_word' id='word_1_186' title='bbox 3533 1027 3602 1079; x_wconf 85' lang='grc' dir='ltr'><strong>Θε</strong></span> <span class='ocrx_word' id='word_1_187' title='bbox 3610 1026 3691 1098; x_wconf 84' lang='grc' dir='ltr'><strong>μί-</strong></span> 
     </span>
    </p>
   </div>
   <div class='ocr_carea' id='block_1_27' title="bbox 2115 1117 3693 1193">
    <p class='ocr_par' dir='ltr' id='par_1_27' title="bbox 2115 1117 3693 1193">
     <span class='ocr_line' id='line_1_27' title="bbox 2115 1117 3693 1193; baseline -0.004 -17"><span class='ocrx_word' id='word_1_188' title='bbox 2115 1141 2259 1177; x_wconf 88' lang='grc' dir='ltr'><strong>σωνα</strong></span> <span class='ocrx_word' id='word_1_189' title='bbox 2284 1124 2358 1192; x_wconf 88' lang='grc'><strong>(8)</strong></span> <span class='ocrx_word' id='word_1_190' title='bbox 2384 1123 2451 1176; x_wconf 79' lang='grc' dir='ltr'><strong>τὰ</strong></span> <span class='ocrx_word' id='word_1_191' title='bbox 2480 1121 2719 1193; x_wconf 84' lang='grc' dir='ltr'><strong>στόματα</strong></span> <span class='ocrx_word' id='word_1_192' title='bbox 2738 1120 3097 1192; x_wconf 79' lang='grc' dir='ltr'><strong>φιμὼσαντες,</strong></span> <span class='ocrx_word' id='word_1_193' title='bbox 3132 1121 3232 1172; x_wconf 84' lang='grc' dir='ltr'><strong>οὐκ</strong></span> <span class='ocrx_word' id='word_1_194' title='bbox 3268 1121 3457 1172; x_wconf 76' lang='grc' dir='ltr'><strong>εἴασαν</strong></span> <span class='ocrx_word' id='word_1_195' title='bbox 3486 1117 3550 1170; x_wconf 81' lang='grc' dir='ltr'><strong>τὸ</strong></span> <span class='ocrx_word' id='word_1_196' title='bbox 3570 1117 3693 1186; x_wconf 77' lang='grc' dir='ltr'><strong>ψευ-</strong></span> 
     </span>
    </p>
   </div>
   <div class='ocr_carea' id='block_1_28' title="bbox 2112 1211 3691 1285">
    <p class='ocr_par' dir='ltr' id='par_1_28' title="bbox 2112 1211 3691 1285">
     <span class='ocr_line' id='line_1_28' title="bbox 2112 1211 3691 1285; baseline -0.005 -15"><span class='ocrx_word' id='word_1_197' title='bbox 2112 1217 2201 1278; x_wconf 88' lang='grc' dir='ltr'><strong>δὲς</strong></span> <span class='ocrx_word' id='word_1_198' title='bbox 2221 1217 2314 1270; x_wconf 76' lang='grc' dir='ltr'><strong>καὶ</strong></span> <span class='ocrx_word' id='word_1_199' title='bbox 2339 1215 2636 1268; x_wconf 84' lang='grc' dir='ltr'><strong>λαοπλάνον</strong></span> <span class='ocrx_word' id='word_1_200' title='bbox 2664 1212 2876 1285; x_wconf 81' lang='grc' dir='ltr'><strong>πνεῦμα</strong></span> <span class='ocrx_word' id='word_1_201' title='bbox 2897 1214 2986 1266; x_wconf 84' lang='grc' dir='ltr'><strong>ὑπ’</strong></span> <span class='ocrx_word' id='word_1_202' title='bbox 3005 1213 3183 1266; x_wconf 78' lang='grc' dir='ltr'><strong>αὐτῶν</strong></span> <span class='ocrx_word' id='word_1_203' title='bbox 3209 1211 3558 1282; x_wconf 78' lang='grc' dir='ltr'><strong>ἐλεγχθῆναι.</strong></span> <span class='ocrx_word' id='word_1_204' title='bbox 3574 1211 3691 1262; x_wconf 72' lang='grc' dir='ltr'><strong>»Ἐν</strong></span> 
     </span>
    </p>
   </div>
   <div class='ocr_carea' id='block_1_29' title="bbox 2113 1303 3694 1379">
    <p class='ocr_par' dir='ltr' id='par_1_29' title="bbox 2113 1303 3694 1379">
     <span class='ocr_line' id='line_1_29' title="bbox 2113 1303 3694 1379; baseline -0.003 -19"><span class='ocrx_word' id='word_1_205' title='bbox 2113 1307 2295 1378; x_wconf 79' lang='grc' dir='ltr'><strong>ταύτῷ</strong></span> <span class='ocrx_word' id='word_1_206' title='bbox 2324 1307 2379 1360; x_wconf 82' lang='grc' dir='ltr'><strong>δὲ</strong></span> <span class='ocrx_word' id='word_1_207' title='bbox 2416 1307 2576 1362; x_wconf 85' lang='grc' dir='ltr'><strong>πάλιν</strong></span> <span class='ocrx_word' id='word_1_208' title='bbox 2605 1307 2770 1379; x_wconf 75' lang='grc' dir='ltr'><strong>ἕτερα</strong></span> <span class='ocrx_word' id='word_1_209' title='bbox 2803 1306 3002 1378; x_wconf 77' lang='grc' dir='ltr'><strong>μεταξὺ</strong></span> <span class='ocrx_word' id='word_1_210' title='bbox 3027 1305 3162 1378; x_wconf 79' lang='grc' dir='ltr'><strong>πρὸς</strong></span> <span class='ocrx_word' id='word_1_211' title='bbox 3195 1305 3417 1376; x_wconf 72' lang='grc' dir='ltr'><strong>ἔλεγχον</strong></span> <span class='ocrx_word' id='word_1_212' title='bbox 3453 1303 3565 1356; x_wconf 86' lang='grc' dir='ltr'><strong>τῶν</strong></span> <span class='ocrx_word' id='word_1_213' title='bbox 3594 1303 3694 1373; x_wconf 78' lang='grc' dir='ltr'><strong>τῆς</strong></span> 
     </span>
    </p>
   </div>
   <div class='ocr_carea' id='block_1_30' title="bbox 2114 1395 3697 1472">
    <p class='ocr_par' dir='ltr' id='par_1_30' title="bbox 2114 1395 3697 1472">
     <span class='ocr_line' id='line_1_30' title="bbox 2114 1395 3697 1472; baseline -0.004 -18"><span class='ocrx_word' id='word_1_214' title='bbox 2114 1398 2458 1471; x_wconf 80' lang='grc' dir='ltr'><strong>Μαξιμίλλης</strong></span> <span class='ocrx_word' id='word_1_215' title='bbox 2475 1398 2983 1472; x_wconf 60' lang='grc' dir='ltr'><strong>ψευδοπροφητειιῖω</strong></span> <span class='ocrx_word' id='word_1_216' title='bbox 3005 1397 3194 1462; x_wconf 72' lang='grc' dir='ltr'><strong>εἰπὼν,</strong></span> <span class='ocrx_word' id='word_1_217' title='bbox 3219 1397 3356 1469; x_wconf 83' lang='grc' dir='ltr'><strong>ὁμοῦ</strong></span> <span class='ocrx_word' id='word_1_218' title='bbox 3383 1396 3476 1450; x_wconf 88' lang='grc' dir='ltr'><strong>τόν</strong></span> <span class='ocrx_word' id='word_1_219' title='bbox 3492 1413 3550 1449; x_wconf 88' lang='grc' dir='ltr'><strong>τε</strong></span> <span class='ocrx_word' id='word_1_220' title='bbox 3570 1395 3697 1467; x_wconf 78' lang='grc' dir='ltr'><strong>χρό-</strong></span> 
     </span>
    </p>
   </div>
   <div class='ocr_carea' id='block_1_31' title="bbox 2114 1489 3699 1562">
    <p class='ocr_par' dir='ltr' id='par_1_31' title="bbox 2114 1489 3699 1562">
     <span class='ocr_line' id='line_1_31' title="bbox 2114 1489 3699 1562; baseline -0.001 -18"><span class='ocrx_word' id='word_1_221' title='bbox 2114 1507 2203 1544; x_wconf 88' lang='grc' dir='ltr'><strong>νον</strong></span> <span class='ocrx_word' id='word_1_222' title='bbox 2231 1492 2352 1544; x_wconf 86' lang='grc' dir='ltr'><strong>καΘ’</strong></span> <span class='ocrx_word' id='word_1_223' title='bbox 2378 1492 2437 1545; x_wconf 83' lang='grc' dir='ltr'><strong>ὃν</strong></span> <span class='ocrx_word' id='word_1_224' title='bbox 2462 1492 2611 1544; x_wconf 76' lang='grc' dir='ltr'><strong>ταῦτ’</strong></span> <span class='ocrx_word' id='word_1_225' title='bbox 2635 1492 2861 1562; x_wconf 76' lang='grc' dir='ltr'><strong>ἔγραφε,</strong></span> <span class='ocrx_word' id='word_1_226' title='bbox 2889 1491 3161 1562; x_wconf 85' lang='grc' dir='ltr'><strong>σημαίνει,</strong></span> <span class='ocrx_word' id='word_1_227' title='bbox 3199 1491 3293 1545; x_wconf 76' lang='grc' dir='ltr'><strong>καὶ</strong></span> <span class='ocrx_word' id='word_1_228' title='bbox 3317 1489 3428 1544; x_wconf 85' lang='grc' dir='ltr'><strong>τῶν</strong></span> <span class='ocrx_word' id='word_1_229' title='bbox 3457 1490 3699 1561; x_wconf 74' lang='grc' dir='ltr'><strong>προρρή-</strong></span> 
     </span>
    </p>
   </div>
   <div class='ocr_carea' id='block_1_32' title="bbox 2117 1577 3698 1654">
    <p class='ocr_par' dir='ltr' id='par_1_32' title="bbox 2117 1577 3698 1654">
     <span class='ocr_line' id='line_1_32' title="bbox 2117 1577 3698 1654; baseline -0.001 -20"><span class='ocrx_word' id='word_1_230' title='bbox 2117 1597 2254 1635; x_wconf 87' lang='grc' dir='ltr'><strong>σεων</strong></span> <span class='ocrx_word' id='word_1_231' title='bbox 2291 1583 2462 1653; x_wconf 79' lang='grc' dir='ltr'><strong>αὐτῆς</strong></span> <span class='ocrx_word' id='word_1_232' title='bbox 2504 1583 2796 1654; x_wconf 83' lang='grc' dir='ltr'><strong>μέμνηται,</strong></span> <span class='ocrx_word' id='word_1_233' title='bbox 2843 1583 2911 1637; x_wconf 87' lang='grc' dir='ltr'><strong>δι’</strong></span> <span class='ocrx_word' id='word_1_234' title='bbox 2936 1577 3011 1637; x_wconf 85' lang='grc' dir='ltr'><strong>ὧν</strong></span> <span class='ocrx_word' id='word_1_235' title='bbox 3048 1583 3315 1654; x_wconf 80' lang='grc' dir='ltr'><strong>πολέμους</strong></span> <span class='ocrx_word' id='word_1_236' title='bbox 3341 1581 3565 1635; x_wconf 76' lang='grc' dir='ltr'><strong>ἔσεσθαι</strong></span> <span class='ocrx_word' id='word_1_237' title='bbox 3604 1581 3698 1633; x_wconf 77' lang='grc' dir='ltr'><strong>καὶ</strong></span> 
     </span>
    </p>
   </div>
   <div class='ocr_carea' id='block_1_33' title="bbox 2114 1667 3699 1746">
    <p class='ocr_par' dir='ltr' id='par_1_33' title="bbox 2114 1667 3699 1746">
     <span class='ocr_line' id='line_1_33' title="bbox 2114 1667 3699 1746; baseline -0.003 -17"><span class='ocrx_word' id='word_1_238' title='bbox 2114 1674 2520 1737; x_wconf 79' lang='grc' dir='ltr'><strong>ἀκαταστασίας</strong></span> <span class='ocrx_word' id='word_1_239' title='bbox 2547 1673 3018 1746; x_wconf 87' lang='grc' dir='ltr'><strong>προεμαντεύσατο</strong></span> <span class='ocrx_word' id='word_1_240' title='bbox 3037 1691 3050 1704; x_wconf 92' lang='grc'>·</span> <span class='ocrx_word' id='word_1_241' title='bbox 3094 1667 3169 1728; x_wconf 83' lang='grc' dir='ltr'><strong>ὧν</strong></span> <span class='ocrx_word' id='word_1_242' title='bbox 3195 1674 3289 1728; x_wconf 75' lang='grc' dir='ltr'><strong>καὶ</strong></span> <span class='ocrx_word' id='word_1_243' title='bbox 3320 1674 3420 1744; x_wconf 84' lang='grc' dir='ltr'><strong>τὴν</strong></span> <span class='ocrx_word' id='word_1_244' title='bbox 3443 1670 3699 1743; x_wconf 80' lang='grc' dir='ltr'><strong>ψευδολο-</strong></span> 
     </span>
    </p>
   </div>
   <div class='ocr_carea' id='block_1_34' title="bbox 2114 1759 3702 1837">
    <p class='ocr_par' dir='ltr' id='par_1_34' title="bbox 2114 1759 3702 1837">
     <span class='ocr_line' id='line_1_34' title="bbox 2114 1759 3702 1837; baseline -0.003 -17"><span class='ocrx_word' id='word_1_245' title='bbox 2114 1766 2239 1835; x_wconf 87' lang='grc' dir='ltr'><strong>γίαν</strong></span> <span class='ocrx_word' id='word_1_246' title='bbox 2289 1766 2499 1837; x_wconf 77' lang='grc' dir='ltr'><strong>εύθύνει</strong></span> <span class='ocrx_word' id='word_1_247' title='bbox 2548 1759 2651 1820; x_wconf 80' lang='grc' dir='ltr'><strong>ὦδε</strong></span> <span class='ocrx_word' id='word_1_248' title='bbox 2692 1766 2896 1835; x_wconf 80' lang='grc' dir='ltr'><strong>λέγων·</strong></span> <span class='ocrx_word' id='word_1_249' title='bbox 2933 1786 2952 1818; x_wconf 77' lang='lat' dir='ltr'><strong>t</strong></span> <span class='ocrx_word' id='word_1_250' title='bbox 2989 1765 3100 1821; x_wconf 79' lang='lat' dir='ltr'><strong>Kal</strong></span> <span class='ocrx_word' id='word_1_251' title='bbox 3137 1765 3254 1829; x_wconf 86' lang='grc' dir='ltr'><strong>πῶς</strong></span> <span class='ocrx_word' id='word_1_252' title='bbox 3292 1766 3356 1819; x_wconf 81' lang='grc' dir='ltr'><strong>οὐ</strong></span> <span class='ocrx_word' id='word_1_253' title='bbox 3383 1763 3702 1833; x_wconf 81' lang='grc' dir='ltr'><strong>καταφανὲς</strong></span> 
     </span>
    </p>
   </div>
   <div class='ocr_carea' id='block_1_35' title="bbox 438 1849 2010 1930">
    <p class='ocr_par' dir='ltr' id='par_1_35' title="bbox 438 1849 2007 1927">
     <span class='ocr_line' id='line_1_35' title="bbox 438 1849 2007 1927; baseline 0.01 -27"><span class='ocrx_word' id='word_1_254' title='bbox 438 1849 704 1919; x_wconf 81' lang='lat' dir='ltr'><strong>dignitate</strong></span> <span class='ocrx_word' id='word_1_255' title='bbox 737 1853 994 1922; x_wconf 74' lang='lat' dir='ltr'><strong>przeditos</strong></span> <span class='ocrx_word' id='word_1_256' title='bbox 1030 1873 1044 1909; x_wconf 90' lang='lat'><strong>:</strong></span> <span class='ocrx_word' id='word_1_257' title='bbox 1083 1853 1326 1912; x_wconf 86' lang='lat' dir='ltr'><strong>Zoticum</strong></span> <span class='ocrx_word' id='word_1_258' title='bbox 1363 1857 1568 1913; x_wconf 90' lang='lat' dir='ltr'><strong>scilicet</strong></span> <span class='ocrx_word' id='word_1_259' title='bbox 1595 1860 2007 1927; x_wconf 89' lang='lat' dir='ltr'><strong>Comauensem,</strong></span> 
     </span>
    </p>
   </div>
   <div class='ocr_carea' id='block_1_36' title="bbox 2116 1849 3698 1930">
    <p class='ocr_par' dir='ltr' id='par_1_36' title="bbox 2116 1856 3698 1930">
     <span class='ocr_line' id='line_1_36' title="bbox 2116 1856 3698 1930; baseline -0.001 -19"><span class='ocrx_word' id='word_1_260' title='bbox 2116 1858 2212 1930; x_wconf 71' lang='grc' dir='ltr'><strong>ἤδη</strong></span> <span class='ocrx_word' id='word_1_261' title='bbox 2243 1860 2434 1928; x_wconf 88' lang='grc' dir='ltr'><strong>γέγονε</strong></span> <span class='ocrx_word' id='word_1_262' title='bbox 2479 1861 2573 1913; x_wconf 77' lang='grc' dir='ltr'><strong>καὶ</strong></span> <span class='ocrx_word' id='word_1_263' title='bbox 2603 1858 2760 1912; x_wconf 80' lang='grc' dir='ltr'><strong>τοῦτο</strong></span> <span class='ocrx_word' id='word_1_264' title='bbox 2789 1859 2851 1912; x_wconf 82' lang='grc' dir='ltr'><strong>τὸ</strong></span> <span class='ocrx_word' id='word_1_265' title='bbox 2873 1858 3101 1928; x_wconf 75' lang='grc' dir='ltr'><strong>ψεῦδος;</strong></span> <span class='ocrx_word' id='word_1_266' title='bbox 3133 1857 3310 1912; x_wconf 86' lang='grc' dir='ltr'><strong>Πλείω</strong></span> <span class='ocrx_word' id='word_1_267' title='bbox 3332 1856 3444 1930; x_wconf 81' lang='grc' dir='ltr'><strong>γὰρ</strong></span> <span class='ocrx_word' id='word_1_268' title='bbox 3477 1857 3511 1927; x_wconf 86' lang='grc' dir='ltr'><strong>ἢ</strong></span> <span class='ocrx_word' id='word_1_269' title='bbox 3540 1873 3698 1928; x_wconf 88' lang='grc' dir='ltr'><strong>τρισ-</strong></span> 
     </span>
    </p>
   </div>
   <div class='ocr_carea' id='block_1_37' title="bbox 438 1941 2015 2024">
    <p class='ocr_par' dir='ltr' id='par_1_37' title="bbox 438 1941 2015 2024">
     <span class='ocr_line' id='line_1_37' title="bbox 438 1941 2015 2024; baseline 0.013 -32"><span class='ocrx_word' id='word_1_270' title='bbox 438 1950 493 1993; x_wconf 91' lang='lat' dir='ltr'><strong>et</strong></span> <span class='ocrx_word' id='word_1_271' title='bbox 527 1941 800 1999; x_wconf 83' lang='lat' dir='ltr'><strong>Julianum</strong></span> <span class='ocrx_word' id='word_1_272' title='bbox 835 1945 1196 2016; x_wconf 84' lang='lat' dir='ltr'><strong>Apamenum.</strong></span> <span class='ocrx_word' id='word_1_273' title='bbox 1253 1949 1460 2016; x_wconf 82' lang='lat' dir='ltr'><strong>Quibus</strong></span> <span class='ocrx_word' id='word_1_274' title='bbox 1493 1951 1785 2008; x_wconf 87' lang='lat' dir='ltr'><strong>Themison</strong></span> <span class='ocrx_word' id='word_1_275' title='bbox 1814 1955 2015 2024; x_wconf 87' lang='lat' dir='ltr'><strong>aliique</strong></span> 
     </span>
    </p>
   </div>
   <div class='ocr_carea' id='block_1_38' title="bbox 439 2037 2012 2115">
    <p class='ocr_par' dir='ltr' id='par_1_38' title="bbox 439 2037 2012 2115">
     <span class='ocr_line' id='line_1_38' title="bbox 439 2037 2012 2115; baseline 0.01 -27"><span class='ocrx_word' id='word_1_276' title='bbox 439 2053 502 2088; x_wconf 84' lang='lat' dir='ltr'><strong>os</strong></span> <span class='ocrx_word' id='word_1_277' title='bbox 534 2037 874 2102; x_wconf 86' lang='lat' dir='ltr'><strong>obturantes,</strong></span> <span class='ocrx_word' id='word_1_278' title='bbox 895 2040 1208 2096; x_wconf 88' lang='lat' dir='ltr'><strong>mendacem</strong></span> <span class='ocrx_word' id='word_1_279' title='bbox 1235 2042 1386 2098; x_wconf 90' lang='lat' dir='ltr'><strong>illum</strong></span> <span class='ocrx_word' id='word_1_280' title='bbox 1411 2053 1467 2098; x_wconf 93' lang='lat' dir='ltr'><strong>et</strong></span> <span class='ocrx_word' id='word_1_281' title='bbox 1495 2045 1636 2115; x_wconf 81' lang='lat' dir='ltr'><strong>vulgi</strong></span> <span class='ocrx_word' id='word_1_282' title='bbox 1674 2048 2012 2103; x_wconf 84' lang='lat' dir='ltr'><strong>seductorem</strong></span> 
     </span>
    </p>
   </div>
   <div class='ocr_carea' id='block_1_39' title="bbox 437 2130 2013 2204">
    <p class='ocr_par' dir='ltr' id='par_1_39' title="bbox 437 2130 2013 2204">
     <span class='ocr_line' id='line_1_39' title="bbox 437 2130 2013 2204; baseline 0.01 -22"><span class='ocrx_word' id='word_1_283' title='bbox 437 2130 693 2199; x_wconf 78' lang='lat' dir='ltr'><strong>spiritum</strong></span> <span class='ocrx_word' id='word_1_284' title='bbox 747 2131 816 2185; x_wconf 90' lang='lat' dir='ltr'><strong>ab</strong></span> <span class='ocrx_word' id='word_1_285' title='bbox 859 2131 977 2186; x_wconf 84' lang='lat' dir='ltr'><strong>aliis</strong></span> <span class='ocrx_word' id='word_1_286' title='bbox 1035 2135 1256 2204; x_wconf 80' lang='lat' dir='ltr'><strong>coargui</strong></span> <span class='ocrx_word' id='word_1_287' title='bbox 1311 2137 1620 2194; x_wconf 87' lang='lat' dir='ltr'><strong>vetuerunt.</strong></span> <span class='ocrx_word' id='word_1_288' title='bbox 1653 2158 1672 2190; x_wconf 73' lang='grc' dir='ltr'><strong>ι</strong></span> <span class='ocrx_word' id='word_1_289' title='bbox 1710 2138 1763 2192; x_wconf 91' lang='lat' dir='ltr'><strong>In</strong></span> <span class='ocrx_word' id='word_1_290' title='bbox 1826 2142 2013 2196; x_wconf 88' lang='lat' dir='ltr'><strong>eodem</strong></span> 
     </span>
    </p>
   </div>
   <div class='ocr_carea' id='block_1_40' title="bbox 439 2221 2013 2294">
    <p class='ocr_par' dir='ltr' id='par_1_40' title="bbox 439 2221 2013 2294">
     <span class='ocr_line' id='line_1_40' title="bbox 439 2221 2013 2294; baseline 0.01 -22"><span class='ocrx_word' id='word_1_291' title='bbox 439 2235 654 2290; x_wconf 88' lang='lat' dir='ltr'><strong>quoque</strong></span> <span class='ocrx_word' id='word_1_292' title='bbox 705 2221 842 2277; x_wconf 90' lang='lat' dir='ltr'><strong>libro</strong></span> <span class='ocrx_word' id='word_1_293' title='bbox 881 2233 1166 2294; x_wconf 81' lang='lat' dir='ltr'><strong>postquam</strong></span> <span class='ocrx_word' id='word_1_294' title='bbox 1211 2229 1466 2282; x_wconf 91' lang='lat' dir='ltr'><strong>nonnulla</strong></span> <span class='ocrx_word' id='word_1_295' title='bbox 1518 2231 1583 2283; x_wconf 88' lang='lat' dir='ltr'><strong>ad</strong></span> <span class='ocrx_word' id='word_1_296' title='bbox 1614 2230 1805 2286; x_wconf 86' lang='lat' dir='ltr'><strong>falsam</strong></span> <span class='ocrx_word' id='word_1_297' title='bbox 1867 2233 2013 2288; x_wconf 88' lang='lat' dir='ltr'><strong>illam</strong></span> 
     </span>
    </p>
   </div>
   <div class='ocr_carea' id='block_1_41' title="bbox 441 2312 2012 2392">
    <p class='ocr_par' dir='ltr' id='par_1_41' title="bbox 441 2312 2012 2392">
     <span class='ocr_line' id='line_1_41' title="bbox 441 2312 2012 2392; baseline 0.009 -27"><span class='ocrx_word' id='word_1_298' title='bbox 441 2312 745 2368; x_wconf 63' lang='lat' dir='ltr'><strong>Maximilla</strong></span> <span class='ocrx_word' id='word_1_299' title='bbox 793 2316 1130 2384; x_wconf 84' lang='lat' dir='ltr'><strong>prophetiam</strong></span> <span class='ocrx_word' id='word_1_300' title='bbox 1187 2320 1608 2374; x_wconf 86' lang='lat' dir='ltr'><strong>convincendant</strong></span> <span class='ocrx_word' id='word_1_301' title='bbox 1661 2323 2012 2392; x_wconf 85' lang='lat' dir='ltr'><strong>interseruit,</strong></span> 
     </span>
    </p>
   </div>
   <div class='ocr_carea' id='block_1_42' title="bbox 443 2407 2014 2485">
    <p class='ocr_par' dir='ltr' id='par_1_42' title="bbox 443 2407 2014 2485">
     <span class='ocr_line' id='line_1_42' title="bbox 443 2407 2014 2485; baseline 0.011 -33"><span class='ocrx_word' id='word_1_302' title='bbox 443 2414 554 2456; x_wconf 84' lang='lat' dir='ltr'><strong>tum</strong></span> <span class='ocrx_word' id='word_1_303' title='bbox 591 2413 799 2474; x_wconf 91' lang='lat' dir='ltr'><strong>tempus</strong></span> <span class='ocrx_word' id='word_1_304' title='bbox 831 2407 1006 2474; x_wconf 89' lang='lat' dir='ltr'><strong>ipsum</strong></span> <span class='ocrx_word' id='word_1_305' title='bbox 1040 2423 1148 2477; x_wconf 91' lang='lat' dir='ltr'><strong>quo</strong></span> <span class='ocrx_word' id='word_1_306' title='bbox 1192 2411 1307 2464; x_wconf 69' lang='lat' dir='ltr'><strong>haec</strong></span> <span class='ocrx_word' id='word_1_307' title='bbox 1338 2413 1538 2481; x_wconf 85' lang='lat' dir='ltr'><strong>scripta</strong></span> <span class='ocrx_word' id='word_1_308' title='bbox 1571 2423 1695 2468; x_wconf 92' lang='lat' dir='ltr'><strong>sunt</strong></span> <span class='ocrx_word' id='word_1_309' title='bbox 1747 2415 2014 2485; x_wconf 70' lang='lat' dir='ltr'><strong>designat,</strong></span> 
     </span>
    </p>
   </div>
   <div class='ocr_carea' id='block_1_43' title="bbox 446 2494 2016 2577">
    <p class='ocr_par' dir='ltr' id='par_1_43' title="bbox 446 2494 2016 2577">
     <span class='ocr_line' id='line_1_43' title="bbox 446 2494 2016 2577; baseline 0.011 -32"><span class='ocrx_word' id='word_1_310' title='bbox 446 2505 555 2546; x_wconf 85' lang='lat' dir='ltr'><strong>tum</strong></span> <span class='ocrx_word' id='word_1_311' title='bbox 601 2494 845 2549; x_wconf 90' lang='lat' dir='ltr'><strong>mulieris</strong></span> <span class='ocrx_word' id='word_1_312' title='bbox 873 2497 1021 2551; x_wconf 78' lang='lat' dir='ltr'><strong>illius</strong></span> <span class='ocrx_word' id='word_1_313' title='bbox 1051 2500 1301 2554; x_wconf 87' lang='lat' dir='ltr'><strong>vaticinia</strong></span> <span class='ocrx_word' id='word_1_314' title='bbox 1351 2515 1764 2570; x_wconf 86' lang='lat' dir='ltr'><strong>commemorat,</strong></span> <span class='ocrx_word' id='word_1_315' title='bbox 1818 2509 2016 2577; x_wconf 83' lang='lat' dir='ltr'><strong>quibus</strong></span> 
     </span>
    </p>
   </div>
   <div class='ocr_carea' id='block_1_44' title="bbox 445 2587 2014 2666">
    <p class='ocr_par' dir='ltr' id='par_1_44' title="bbox 445 2587 2014 2666">
     <span class='ocr_line' id='line_1_44' title="bbox 445 2587 2014 2666; baseline 0.011 -30"><span class='ocrx_word' id='word_1_316' title='bbox 445 2587 582 2639; x_wconf 88' lang='lat' dir='ltr'><strong>bella</strong></span> <span class='ocrx_word' id='word_1_317' title='bbox 623 2597 679 2641; x_wconf 92' lang='lat' dir='ltr'><strong>et</strong></span> <span class='ocrx_word' id='word_1_318' title='bbox 747 2590 1010 2643; x_wconf 90' lang='lat' dir='ltr'><strong>tumultus</strong></span> <span class='ocrx_word' id='word_1_319' title='bbox 1048 2591 1334 2648; x_wconf 89' lang='lat' dir='ltr'><strong>imminere</strong></span> <span class='ocrx_word' id='word_1_320' title='bbox 1377 2595 1728 2664; x_wconf 61' lang='lat' dir='ltr'><strong>prmdixerat.</strong></span> <span class='ocrx_word' id='word_1_321' title='bbox 1773 2600 2014 2666; x_wconf 88' lang='lat' dir='ltr'><strong>Quorum</strong></span> 
     </span>
    </p>
   </div>
   <div class='ocr_carea' id='block_1_45' title="bbox 441 2678 2013 2752">
    <p class='ocr_par' dir='ltr' id='par_1_45' title="bbox 441 2678 2013 2752">
     <span class='ocr_line' id='line_1_45' title="bbox 441 2678 2013 2752; baseline 0.012 -20"><span class='ocrx_word' id='word_1_322' title='bbox 441 2678 659 2747; x_wconf 87' lang='lat' dir='ltr'><strong>quidem</strong></span> <span class='ocrx_word' id='word_1_323' title='bbox 683 2680 1061 2737; x_wconf 87' lang='lat' dir='ltr'><strong>vaticiuiorum</strong></span> <span class='ocrx_word' id='word_1_324' title='bbox 1094 2682 1382 2740; x_wconf 77' lang='lat' dir='ltr'><strong>falsitatem</strong></span> <span class='ocrx_word' id='word_1_325' title='bbox 1399 2689 1672 2744; x_wconf 88' lang='lat' dir='ltr'><strong>convincit</strong></span> <span class='ocrx_word' id='word_1_326' title='bbox 1697 2692 1778 2746; x_wconf 91' lang='lat' dir='ltr'><strong>his</strong></span> <span class='ocrx_word' id='word_1_327' title='bbox 1795 2697 1973 2748; x_wconf 84' lang='lat' dir='ltr'><strong>verbis</strong></span> <span class='ocrx_word' id='word_1_328' title='bbox 1996 2714 2013 2752; x_wconf 89' lang='lat'><strong>:</strong></span> 
     </span>
    </p>
   </div>
   <div class='ocr_carea' id='block_1_46' title="bbox 447 2769 2015 2842">
    <p class='ocr_par' dir='ltr' id='par_1_46' title="bbox 447 2769 2015 2842">
     <span class='ocr_line' id='line_1_46' title="bbox 447 2769 2015 2842; baseline 0.014 -22"><span class='ocrx_word' id='word_1_329' title='bbox 447 2769 707 2834; x_wconf 72' lang='lat' dir='ltr'><strong>cNonne,</strong></span> <span class='ocrx_word' id='word_1_330' title='bbox 741 2773 936 2840; x_wconf 91' lang='lat' dir='ltr'><strong>inquit,</strong></span> <span class='ocrx_word' id='word_1_331' title='bbox 983 2774 1149 2828; x_wconf 89' lang='lat' dir='ltr'><strong>etiam</strong></span> <span class='ocrx_word' id='word_1_332' title='bbox 1204 2777 1309 2832; x_wconf 90' lang='lat' dir='ltr'><strong>hoc</strong></span> <span class='ocrx_word' id='word_1_333' title='bbox 1368 2780 1708 2835; x_wconf 91' lang='lat' dir='ltr'><strong>mendacium</strong></span> <span class='ocrx_word' id='word_1_334' title='bbox 1761 2787 2015 2842; x_wconf 85' lang='lat' dir='ltr'><strong>omnibus</strong></span> 
     </span>
    </p>
   </div>
   <div class='ocr_carea' id='block_1_47' title="bbox 443 2862 2014 2935">
    <p class='ocr_par' dir='ltr' id='par_1_47' title="bbox 443 2862 2014 2935">
     <span class='ocr_line' id='line_1_47' title="bbox 443 2862 2014 2935; baseline 0.013 -21"><span class='ocrx_word' id='word_1_335' title='bbox 443 2862 789 2918; x_wconf 90' lang='lat' dir='ltr'><strong>manifestum</strong></span> <span class='ocrx_word' id='word_1_336' title='bbox 817 2867 1109 2935; x_wconf 82' lang='lat' dir='ltr'><strong>apparuit?</strong></span> <span class='ocrx_word' id='word_1_337' title='bbox 1136 2868 1344 2923; x_wconf 84' lang='lat' dir='ltr'><strong>Etenim</strong></span> <span class='ocrx_word' id='word_1_338' title='bbox 1402 2871 1471 2925; x_wconf 90' lang='lat' dir='ltr'><strong>ab</strong></span> <span class='ocrx_word' id='word_1_339' title='bbox 1517 2873 1669 2928; x_wconf 90' lang='lat' dir='ltr'><strong>obitu</strong></span> <span class='ocrx_word' id='word_1_340' title='bbox 1711 2875 2014 2934; x_wconf 76' lang='lat' dir='ltr'><strong>Maximillae</strong></span> 
     </span>
    </p>
   </div>
   <div class='ocr_carea' id='block_1_48' title="bbox 443 2956 2013 3036">
    <p class='ocr_par' dir='ltr' id='par_1_48' title="bbox 443 2956 2013 3036">
     <span class='ocr_line' id='line_1_48' title="bbox 443 2956 2013 3036; baseline 0.011 -30"><span class='ocrx_word' id='word_1_341' title='bbox 443 2971 614 3023; x_wconf 90' lang='lat' dir='ltr'><strong>usque</strong></span> <span class='ocrx_word' id='word_1_342' title='bbox 644 2956 696 3010; x_wconf 93' lang='lat' dir='ltr'><strong>in</strong></span> <span class='ocrx_word' id='word_1_343' title='bbox 733 2958 875 3014; x_wconf 91' lang='lat' dir='ltr'><strong>hunc</strong></span> <span class='ocrx_word' id='word_1_344' title='bbox 917 2959 1060 3013; x_wconf 91' lang='lat' dir='ltr'><strong>diem</strong></span> <span class='ocrx_word' id='word_1_345' title='bbox 1091 2960 1374 3031; x_wconf 86' lang='lat' dir='ltr'><strong>plusquam</strong></span> <span class='ocrx_word' id='word_1_346' title='bbox 1428 2967 1686 3020; x_wconf 87' lang='lat' dir='ltr'><strong>tredecim</strong></span> <span class='ocrx_word' id='word_1_347' title='bbox 1722 2970 1848 3022; x_wconf 91' lang='lat' dir='ltr'><strong>anni</strong></span> <span class='ocrx_word' id='word_1_348' title='bbox 1900 2973 2013 3036; x_wconf 88' lang='lat' dir='ltr'><strong>jam</strong></span> 
     </span>
    </p>
   </div>
   <div class='ocr_carea' id='block_1_49' title="bbox 443 3048 2010 3128">
    <p class='ocr_par' dir='ltr' id='par_1_49' title="bbox 443 3048 2010 3128">
     <span class='ocr_line' id='line_1_49' title="bbox 443 3048 2010 3128; baseline 0.011 -28"><span class='ocrx_word' id='word_1_349' title='bbox 443 3048 608 3117; x_wconf 80' lang='lat' dir='ltr'><strong>elapsi</strong></span> <span class='ocrx_word' id='word_1_350' title='bbox 665 3059 791 3105; x_wconf 89' lang='lat' dir='ltr'><strong>sunt</strong></span> <span class='ocrx_word' id='word_1_351' title='bbox 824 3069 838 3107; x_wconf 89' lang='lat'><strong>:</strong></span> <span class='ocrx_word' id='word_1_352' title='bbox 870 3067 968 3108; x_wconf 90' lang='lat' dir='ltr'><strong>nec</strong></span> <span class='ocrx_word' id='word_1_353' title='bbox 1011 3063 1186 3109; x_wconf 91' lang='lat' dir='ltr'><strong>tamen</strong></span> <span class='ocrx_word' id='word_1_354' title='bbox 1215 3056 1379 3110; x_wconf 88' lang='lat' dir='ltr'><strong>ullttm</strong></span> <span class='ocrx_word' id='word_1_355' title='bbox 1411 3069 1502 3111; x_wconf 88' lang='lat' dir='ltr'><strong>aut</strong></span> <span class='ocrx_word' id='word_1_356' title='bbox 1538 3062 1864 3128; x_wconf 88' lang='lat' dir='ltr'><strong>particulare</strong></span> <span class='ocrx_word' id='word_1_357' title='bbox 1899 3064 2010 3119; x_wconf 83' lang='lat' dir='ltr'><strong>bel-</strong></span> 
     </span>
    </p>
   </div>
   <div class='ocr_carea' id='block_1_50' title="bbox 441 3137 2010 3217">
    <p class='ocr_par' dir='ltr' id='par_1_50' title="bbox 441 3137 2010 3217">
     <span class='ocr_line' id='line_1_50' title="bbox 441 3137 2010 3217; baseline 0.015 -29"><span class='ocrx_word' id='word_1_358' title='bbox 441 3137 550 3191; x_wconf 88' lang='lat' dir='ltr'><strong>lttttt</strong></span> <span class='ocrx_word' id='word_1_359' title='bbox 583 3151 676 3193; x_wconf 90' lang='lat' dir='ltr'><strong>aut</strong></span> <span class='ocrx_word' id='word_1_360' title='bbox 709 3143 1016 3199; x_wconf 89' lang='lat' dir='ltr'><strong>universale</strong></span> <span class='ocrx_word' id='word_1_361' title='bbox 1050 3145 1104 3198; x_wconf 88' lang='lat' dir='ltr'><strong>itt</strong></span> <span class='ocrx_word' id='word_1_362' title='bbox 1149 3148 1307 3201; x_wconf 88' lang='lat' dir='ltr'><strong>terris</strong></span> <span class='ocrx_word' id='word_1_363' title='bbox 1360 3148 1479 3204; x_wconf 89' lang='lat' dir='ltr'><strong>fuit.</strong></span> <span class='ocrx_word' id='word_1_364' title='bbox 1521 3151 1633 3204; x_wconf 89' lang='lat' dir='ltr'><strong>luto</strong></span> <span class='ocrx_word' id='word_1_365' title='bbox 1664 3153 2010 3217; x_wconf 84' lang='lat' dir='ltr'><strong>Christianis,</strong></span> 
     </span>
    </p>
   </div>
   <div class='ocr_carea' id='block_1_51' title="bbox 445 3227 2014 3309">
    <p class='ocr_par' dir='ltr' id='par_1_51' title="bbox 445 3227 2014 3309">
     <span class='ocr_line' id='line_1_51' title="bbox 445 3227 2014 3309; baseline 0.019 -36"><span class='ocrx_word' id='word_1_366' title='bbox 445 3227 718 3296; x_wconf 44' lang='lat' dir='ltr'><strong>praecipua</strong></span> <span class='ocrx_word' id='word_1_367' title='bbox 747 3231 981 3297; x_wconf 89' lang='lat' dir='ltr'><strong>quadam</strong></span> <span class='ocrx_word' id='word_1_368' title='bbox 1011 3233 1103 3288; x_wconf 83' lang='lat' dir='ltr'><strong>Dei</strong></span> <span class='ocrx_word' id='word_1_369' title='bbox 1135 3234 1530 3304; x_wconf 87' lang='lat' dir='ltr'><strong>misericordia,</strong></span> <span class='ocrx_word' id='word_1_370' title='bbox 1568 3256 1674 3309; x_wconf 78' lang='lat' dir='ltr'><strong>pax</strong></span> <span class='ocrx_word' id='word_1_371' title='bbox 1705 3246 1920 3302; x_wconf 87' lang='lat' dir='ltr'><strong>stabilis</strong></span> <span class='ocrx_word' id='word_1_372' title='bbox 1961 3258 2014 3302; x_wconf 90' lang='lat' dir='ltr'><strong>et</strong></span> 
     </span>
    </p>
   </div>
   <div class='ocr_carea' id='block_1_52' title="bbox 449 3319 2016 3405">
    <p class='ocr_par' dir='ltr' id='par_1_52' title="bbox 449 3319 2016 3405">
     <span class='ocr_line' id='line_1_52' title="bbox 449 3319 2016 3405; baseline 0.017 -39"><span class='ocrx_word' id='word_1_373' title='bbox 449 3319 601 3369; x_wconf 86' lang='lat' dir='ltr'><strong>tirtna</strong></span> <span class='ocrx_word' id='word_1_374' title='bbox 631 3324 949 3386; x_wconf 77' lang='lat' dir='ltr'><strong>permansit.</strong></span> <span class='ocrx_word' id='word_1_375' title='bbox 990 3344 1008 3376; x_wconf 74' lang='grc' dir='ltr'><strong>ι</strong></span> <span class='ocrx_word' id='word_1_376' title='bbox 1043 3325 1220 3395; x_wconf 86' lang='lat' dir='ltr'><strong>Atque</strong></span> <span class='ocrx_word' id='word_1_377' title='bbox 1249 3329 1362 3384; x_wconf 65' lang='lat' dir='ltr'><strong>hare</strong></span> <span class='ocrx_word' id='word_1_378' title='bbox 1395 3331 1446 3385; x_wconf 91' lang='lat' dir='ltr'><strong>in</strong></span> <span class='ocrx_word' id='word_1_379' title='bbox 1474 3335 1712 3390; x_wconf 91' lang='lat' dir='ltr'><strong>secundo</strong></span> <span class='ocrx_word' id='word_1_380' title='bbox 1763 3335 2016 3405; x_wconf 79' lang='lat' dir='ltr'><strong>leguntur</strong></span> 
     </span>
    </p>
   </div>
   <div class='ocr_carea' id='block_1_53' title="bbox 443 3409 2012 3498">
    <p class='ocr_par' dir='ltr' id='par_1_53' title="bbox 443 3409 2012 3498">
     <span class='ocr_line' id='line_1_53' title="bbox 443 3409 2012 3498; baseline 0.017 -40"><span class='ocrx_word' id='word_1_381' title='bbox 443 3409 602 3462; x_wconf 78' lang='lat' dir='ltr'><strong>libro.</strong></span> <span class='ocrx_word' id='word_1_382' title='bbox 639 3409 716 3464; x_wconf 78' lang='lat' dir='ltr'><strong>Ex</strong></span> <span class='ocrx_word' id='word_1_383' title='bbox 743 3414 906 3468; x_wconf 92' lang='lat' dir='ltr'><strong>tertio</strong></span> <span class='ocrx_word' id='word_1_384' title='bbox 930 3417 1057 3469; x_wconf 89' lang='lat' dir='ltr'><strong>item</strong></span> <span class='ocrx_word' id='word_1_385' title='bbox 1087 3419 1365 3476; x_wconf 91' lang='lat' dir='ltr'><strong>volumine</strong></span> <span class='ocrx_word' id='word_1_386' title='bbox 1391 3439 1564 3490; x_wconf 90' lang='lat' dir='ltr'><strong>pauca</strong></span> <span class='ocrx_word' id='word_1_387' title='bbox 1595 3427 1841 3496; x_wconf 91' lang='lat' dir='ltr'><strong>proferre</strong></span> <span class='ocrx_word' id='word_1_388' title='bbox 1865 3429 2012 3498; x_wconf 91' lang='lat' dir='ltr'><strong>libet,</strong></span> 
     </span>
    </p>
   </div>
   <div class='ocr_carea' id='block_1_54' title="bbox 443 3500 2018 3584">
    <p class='ocr_par' dir='ltr' id='par_1_54' title="bbox 443 3500 2018 3584">
     <span class='ocr_line' id='line_1_54' title="bbox 443 3500 2018 3584; baseline 0.016 -33"><span class='ocrx_word' id='word_1_389' title='bbox 443 3500 532 3553; x_wconf 92' lang='lat' dir='ltr'><strong>uhi</strong></span> <span class='ocrx_word' id='word_1_390' title='bbox 558 3503 819 3558; x_wconf 89' lang='lat' dir='ltr'><strong>adversus</strong></span> <span class='ocrx_word' id='word_1_391' title='bbox 853 3520 948 3561; x_wconf 93' lang='lat' dir='ltr'><strong>eos</strong></span> <span class='ocrx_word' id='word_1_392' title='bbox 974 3510 1064 3578; x_wconf 89' lang='lat' dir='ltr'><strong>qni</strong></span> <span class='ocrx_word' id='word_1_393' title='bbox 1092 3509 1379 3578; x_wconf 87' lang='lat' dir='ltr'><strong>jactabant</strong></span> <span class='ocrx_word' id='word_1_394' title='bbox 1401 3515 1584 3584; x_wconf 90' lang='lat' dir='ltr'><strong>plures</strong></span> <span class='ocrx_word' id='word_1_395' title='bbox 1616 3518 1834 3572; x_wconf 87' lang='lat' dir='ltr'><strong>illorum</strong></span> <span class='ocrx_word' id='word_1_396' title='bbox 1867 3538 2018 3576; x_wconf 88' lang='lat' dir='ltr'><strong>mar-</strong></span> 
     </span>
    </p>
   </div>
   <div class='ocr_carea' id='block_1_55' title="bbox 446 3591 2018 3677">
    <p class='ocr_par' dir='ltr' id='par_1_55' title="bbox 446 3591 2018 3677">
     <span class='ocr_line' id='line_1_55' title="bbox 446 3591 2018 3677; baseline 0.016 -35"><span class='ocrx_word' id='word_1_397' title='bbox 446 3591 586 3661; x_wconf 83' lang='lat' dir='ltr'><strong>tyrio</strong></span> <span class='ocrx_word' id='word_1_398' title='bbox 616 3607 736 3646; x_wconf 89' lang='lat' dir='ltr'><strong>esse</strong></span> <span class='ocrx_word' id='word_1_399' title='bbox 764 3607 1078 3664; x_wconf 86' lang='lat' dir='ltr'><strong>coronatos,</strong></span> <span class='ocrx_word' id='word_1_400' title='bbox 1113 3600 1228 3655; x_wconf 70' lang='lat' dir='ltr'><strong>haec</strong></span> <span class='ocrx_word' id='word_1_401' title='bbox 1255 3603 1385 3658; x_wconf 88' lang='lat' dir='ltr'><strong>dicit</strong></span> <span class='ocrx_word' id='word_1_402' title='bbox 1415 3625 1428 3660; x_wconf 87' lang='lat'><strong>:</strong></span> <span class='ocrx_word' id='word_1_403' title='bbox 1487 3625 1506 3658; x_wconf 82' lang='grc' dir='ltr'><strong>ι</strong></span> <span class='ocrx_word' id='word_1_404' title='bbox 1542 3607 1834 3677; x_wconf 85' lang='lat' dir='ltr'><strong>Postquam</strong></span> <span class='ocrx_word' id='word_1_405' title='bbox 1891 3627 2018 3667; x_wconf 83' lang='lat' dir='ltr'><strong>vero</strong></span> 
     </span>
    </p>
   </div>
   <div class='ocr_carea' id='block_1_56' title="bbox 444 3684 2020 3765">
    <p class='ocr_par' dir='ltr' id='par_1_56' title="bbox 444 3684 2020 3765">
     <span class='ocr_line' id='line_1_56' title="bbox 444 3684 2020 3765; baseline 0.015 -30"><span class='ocrx_word' id='word_1_406' title='bbox 444 3684 498 3736; x_wconf 90' lang='lat' dir='ltr'><strong>in</strong></span> <span class='ocrx_word' id='word_1_407' title='bbox 526 3686 776 3741; x_wconf 85' lang='lat' dir='ltr'><strong>omnibus</strong></span> <span class='ocrx_word' id='word_1_408' title='bbox 808 3703 927 3756; x_wconf 64' lang='lat' dir='ltr'><strong>quae</strong></span> <span class='ocrx_word' id='word_1_409' title='bbox 972 3707 1134 3761; x_wconf 87' lang='lat' dir='ltr'><strong>supra</strong></span> <span class='ocrx_word' id='word_1_410' title='bbox 1161 3696 1314 3763; x_wconf 91' lang='lat' dir='ltr'><strong>posui</strong></span> <span class='ocrx_word' id='word_1_411' title='bbox 1360 3700 1614 3765; x_wconf 87' lang='lat' dir='ltr'><strong>convicti,</strong></span> <span class='ocrx_word' id='word_1_412' title='bbox 1649 3701 1781 3756; x_wconf 88' lang='lat' dir='ltr'><strong>nihil</strong></span> <span class='ocrx_word' id='word_1_413' title='bbox 1817 3703 2020 3758; x_wconf 85' lang='lat' dir='ltr'><strong>habent</strong></span> 
     </span>
    </p>
   </div>
   <div class='ocr_carea' id='block_1_57' title="bbox 443 3779 2014 3860">
    <p class='ocr_par' dir='ltr' id='par_1_57' title="bbox 443 3779 2014 3860">
     <span class='ocr_line' id='line_1_57' title="bbox 443 3779 2014 3860; baseline 0.013 -31"><span class='ocrx_word' id='word_1_414' title='bbox 443 3779 586 3845; x_wconf 91' lang='lat' dir='ltr'><strong>quod</strong></span> <span class='ocrx_word' id='word_1_415' title='bbox 617 3782 994 3848; x_wconf 87' lang='lat' dir='ltr'><strong>respondeant,</strong></span> <span class='ocrx_word' id='word_1_416' title='bbox 1031 3787 1094 3840; x_wconf 91' lang='lat' dir='ltr'><strong>ad</strong></span> <span class='ocrx_word' id='word_1_417' title='bbox 1117 3798 1382 3858; x_wconf 85' lang='lat' dir='ltr'><strong>martyres</strong></span> <span class='ocrx_word' id='word_1_418' title='bbox 1410 3791 1702 3859; x_wconf 71' lang='lat' dir='ltr'><strong>confugere</strong></span> <span class='ocrx_word' id='word_1_419' title='bbox 1727 3807 2014 3860; x_wconf 90' lang='lat' dir='ltr'><strong>conantur,</strong></span> 
     </span>
    </p>
   </div>
   <div class='ocr_carea' id='block_1_58' title="bbox 443 3876 2018 3955">
    <p class='ocr_par' dir='ltr' id='par_1_58' title="bbox 443 3876 2018 3955">
     <span class='ocr_line' id='line_1_58' title="bbox 443 3876 2018 3955; baseline 0.013 -33"><span class='ocrx_word' id='word_1_420' title='bbox 443 3880 752 3928; x_wconf 87' lang='lat' dir='ltr'><strong>asserentes</strong></span> <span class='ocrx_word' id='word_1_421' title='bbox 785 3876 983 3930; x_wconf 91' lang='lat' dir='ltr'><strong>multos</strong></span> <span class='ocrx_word' id='word_1_422' title='bbox 1011 3893 1069 3932; x_wconf 90' lang='lat' dir='ltr'><strong>se</strong></span> <span class='ocrx_word' id='word_1_423' title='bbox 1090 3890 1356 3952; x_wconf 83' lang='lat' dir='ltr'><strong>martyres</strong></span> <span class='ocrx_word' id='word_1_424' title='bbox 1387 3883 1610 3948; x_wconf 86' lang='lat' dir='ltr'><strong>habere,</strong></span> <span class='ocrx_word' id='word_1_425' title='bbox 1642 3887 1800 3955; x_wconf 88' lang='lat' dir='ltr'><strong>idque</strong></span> <span class='ocrx_word' id='word_1_426' title='bbox 1829 3899 2018 3954; x_wconf 88' lang='lat' dir='ltr'><strong>poten-</strong></span> 
     </span>
    </p>
   </div>
   <div class='ocr_carea' id='block_1_59' title="bbox 445 3961 2019 4043">
    <p class='ocr_par' dir='ltr' id='par_1_59' title="bbox 445 3961 2019 4043">
     <span class='ocr_line' id='line_1_59' title="bbox 445 3961 2019 4043; baseline 0.011 -30"><span class='ocrx_word' id='word_1_427' title='bbox 445 3961 535 4016; x_wconf 66' lang='lat' dir='ltr'><strong>tiae</strong></span> <span class='ocrx_word' id='word_1_428' title='bbox 570 3965 870 4033; x_wconf 83' lang='lat' dir='ltr'><strong>pr0phetiei</strong></span> <span class='ocrx_word' id='word_1_429' title='bbox 895 3967 1037 4022; x_wconf 87' lang='lat' dir='ltr'><strong>illius</strong></span> <span class='ocrx_word' id='word_1_430' title='bbox 1057 3969 1146 4038; x_wconf 94' lang='lat' dir='ltr'><strong>qui</strong></span> <span class='ocrx_word' id='word_1_431' title='bbox 1181 3972 1322 4040; x_wconf 90' lang='lat' dir='ltr'><strong>apud</strong></span> <span class='ocrx_word' id='word_1_432' title='bbox 1358 3972 1502 4040; x_wconf 89' lang='lat' dir='ltr'><strong>ipsos</strong></span> <span class='ocrx_word' id='word_1_433' title='bbox 1535 3983 1618 4026; x_wconf 89' lang='lat' dir='ltr'><strong>est</strong></span> <span class='ocrx_word' id='word_1_434' title='bbox 1649 3975 1871 4043; x_wconf 86' lang='lat' dir='ltr'><strong>spiritus</strong></span> <span class='ocrx_word' id='word_1_435' title='bbox 1897 3992 2019 4031; x_wconf 88' lang='lat' dir='ltr'><strong>cer-</strong></span> 
     </span>
    </p>
   </div>
   <div class='ocr_carea' id='block_1_60' title="bbox 447 4055 2016 4140">
    <p class='ocr_par' dir='ltr' id='par_1_60' title="bbox 447 4055 2016 4140">
     <span class='ocr_line' id='line_1_60' title="bbox 447 4055 2016 4140; baseline 0.011 -34"><span class='ocrx_word' id='word_1_436' title='bbox 447 4055 716 4110; x_wconf 89' lang='lat' dir='ltr'><strong>tissimum</strong></span> <span class='ocrx_word' id='word_1_437' title='bbox 758 4071 879 4113; x_wconf 90' lang='lat' dir='ltr'><strong>esse</strong></span> <span class='ocrx_word' id='word_1_438' title='bbox 910 4062 1318 4118; x_wconf 85' lang='lat' dir='ltr'><strong>documentum.</strong></span> <span class='ocrx_word' id='word_1_439' title='bbox 1353 4065 1460 4118; x_wconf 89' lang='lat' dir='ltr'><strong>Sed</strong></span> <span class='ocrx_word' id='word_1_440' title='bbox 1498 4065 1620 4132; x_wconf 92' lang='lat' dir='ltr'><strong>hoc,</strong></span> <span class='ocrx_word' id='word_1_441' title='bbox 1651 4081 1770 4122; x_wconf 90' lang='lat' dir='ltr'><strong>meo</strong></span> <span class='ocrx_word' id='word_1_442' title='bbox 1801 4069 2016 4140; x_wconf 87' lang='lat' dir='ltr'><strong>quidem</strong></span> 
     </span>
    </p>
   </div>
   <div class='ocr_carea' id='block_1_61' title="bbox 437 4146 2014 4216">
    <p class='ocr_par' dir='ltr' id='par_1_61' title="bbox 437 4146 2014 4216">
     <span class='ocr_line' id='line_1_61' title="bbox 437 4146 2014 4216; baseline 0.01 -16"><span class='ocrx_word' id='word_1_443' title='bbox 437 4146 664 4216; x_wconf 84' lang='lat' dir='ltr'><strong>judicio,</strong></span> <span class='ocrx_word' id='word_1_444' title='bbox 694 4150 864 4206; x_wconf 89' lang='lat' dir='ltr'><strong>nihilo</strong></span> <span class='ocrx_word' id='word_1_445' title='bbox 889 4154 1073 4210; x_wconf 88' lang='lat' dir='ltr'><strong>verius</strong></span> <span class='ocrx_word' id='word_1_446' title='bbox 1104 4164 1207 4209; x_wconf 89' lang='lat' dir='ltr'><strong>est.</strong></span> <span class='ocrx_word' id='word_1_447' title='bbox 1234 4155 1370 4209; x_wconf 84' lang='lat' dir='ltr'><strong>Nam</strong></span> <span class='ocrx_word' id='word_1_448' title='bbox 1401 4167 1453 4210; x_wconf 89' lang='lat' dir='ltr'><strong>et</strong></span> <span class='ocrx_word' id='word_1_449' title='bbox 1481 4157 1710 4211; x_wconf 86' lang='lat' dir='ltr'><strong>aliarum</strong></span> <span class='ocrx_word' id='word_1_450' title='bbox 1740 4159 2014 4215; x_wconf 67' lang='lat' dir='ltr'><strong>haareseon</strong></span> 
     </span>
    </p>
   </div>
   <div class='ocr_carea' id='block_1_62' title="bbox 442 4243 2015 4321">
    <p class='ocr_par' dir='ltr' id='par_1_62' title="bbox 442 4243 2015 4321">
     <span class='ocr_line' id='line_1_62' title="bbox 442 4243 2015 4321; baseline 0.011 -29"><span class='ocrx_word' id='word_1_451' title='bbox 442 4250 740 4296; x_wconf 86' lang='lat' dir='ltr'><strong>sectatores</strong></span> <span class='ocrx_word' id='word_1_452' title='bbox 769 4243 1030 4312; x_wconf 83' lang='lat' dir='ltr'><strong>plurimos</strong></span> <span class='ocrx_word' id='word_1_453' title='bbox 1059 4261 1118 4302; x_wconf 91' lang='lat' dir='ltr'><strong>se</strong></span> <span class='ocrx_word' id='word_1_454' title='bbox 1153 4246 1354 4302; x_wconf 80' lang='lat' dir='ltr'><strong>habere</strong></span> <span class='ocrx_word' id='word_1_455' title='bbox 1382 4260 1651 4321; x_wconf 84' lang='lat' dir='ltr'><strong>martyres</strong></span> <span class='ocrx_word' id='word_1_456' title='bbox 1672 4253 1966 4318; x_wconf 85' lang='lat' dir='ltr'><strong>praedicant</strong></span> <span class='ocrx_word' id='word_1_457' title='bbox 2000 4272 2015 4309; x_wconf 92' lang='lat'><strong>:</strong></span> 
     </span>
    </p>
   </div>
   <div class='ocr_carea' id='block_1_63' title="bbox 444 4335 2020 4406">
    <p class='ocr_par' dir='ltr' id='par_1_63' title="bbox 444 4335 2020 4406">
     <span class='ocr_line' id='line_1_63' title="bbox 444 4335 2020 4406; baseline 0.008 -20"><span class='ocrx_word' id='word_1_458' title='bbox 444 4347 619 4402; x_wconf 83' lang='lat' dir='ltr'><strong>neque</strong></span> <span class='ocrx_word' id='word_1_459' title='bbox 649 4335 853 4391; x_wconf 81' lang='lat' dir='ltr'><strong>ideirco</strong></span> <span class='ocrx_word' id='word_1_460' title='bbox 889 4347 1068 4393; x_wconf 91' lang='lat' dir='ltr'><strong>tamen</strong></span> <span class='ocrx_word' id='word_1_461' title='bbox 1101 4341 1181 4394; x_wconf 90' lang='lat' dir='ltr'><strong>eis</strong></span> <span class='ocrx_word' id='word_1_462' title='bbox 1239 4342 1627 4406; x_wconf 88' lang='lat' dir='ltr'><strong>assentiemur,</strong></span> <span class='ocrx_word' id='word_1_463' title='bbox 1681 4359 1780 4399; x_wconf 86' lang='lat' dir='ltr'><strong>nec</strong></span> <span class='ocrx_word' id='word_1_464' title='bbox 1817 4345 2020 4400; x_wconf 81' lang='lat' dir='ltr'><strong>verita-</strong></span> 
     </span>
    </p>
   </div>
   <div class='ocr_carea' id='block_1_64' title="bbox 443 4432 2017 4508">
    <p class='ocr_par' dir='ltr' id='par_1_64' title="bbox 443 4432 2017 4508">
     <span class='ocr_line' id='line_1_64' title="bbox 443 4432 2017 4508; baseline 0.01 -29"><span class='ocrx_word' id='word_1_465' title='bbox 443 4437 548 4481; x_wconf 91' lang='lat' dir='ltr'><strong>tetn</strong></span> <span class='ocrx_word' id='word_1_466' title='bbox 591 4445 758 4496; x_wconf 88' lang='lat' dir='ltr'><strong>penes</strong></span> <span class='ocrx_word' id='word_1_467' title='bbox 809 4432 929 4487; x_wconf 90' lang='lat' dir='ltr'><strong>illos</strong></span> <span class='ocrx_word' id='word_1_468' title='bbox 965 4447 1088 4488; x_wconf 88' lang='lat' dir='ltr'><strong>esse</strong></span> <span class='ocrx_word' id='word_1_469' title='bbox 1134 4433 1449 4489; x_wconf 83' lang='lat' dir='ltr'><strong>fatebimur.</strong></span> <span class='ocrx_word' id='word_1_470' title='bbox 1499 4435 1666 4490; x_wconf 88' lang='lat' dir='ltr'><strong>Primi</strong></span> <span class='ocrx_word' id='word_1_471' title='bbox 1727 4447 1880 4494; x_wconf 92' lang='lat' dir='ltr'><strong>certe</strong></span> <span class='ocrx_word' id='word_1_472' title='bbox 1925 4440 2017 4508; x_wconf 85' lang='lat' dir='ltr'><strong>qui</strong></span> 
     </span>
    </p>
   </div>
   <div class='ocr_carea' id='block_1_65' title="bbox 2116 1942 3702 2020">
    <p class='ocr_par' dir='ltr' id='par_1_65' title="bbox 2116 1942 3702 2020">
     <span class='ocr_line' id='line_1_65' title="bbox 2116 1942 3702 2020; baseline 0 -20"><span class='ocrx_word' id='word_1_473' title='bbox 2116 1948 2343 2001; x_wconf 86' lang='grc' dir='ltr'><strong>καίδεκα</strong></span> <span class='ocrx_word' id='word_1_474' title='bbox 2363 1947 2459 2018; x_wconf 80' lang='grc' dir='ltr'><strong>ἐτη</strong></span> <span class='ocrx_word' id='word_1_475' title='bbox 2486 1949 2566 2012; x_wconf 71' lang='grc' dir='ltr'><strong>εἰς</strong></span> <span class='ocrx_word' id='word_1_476' title='bbox 2585 1947 2788 2020; x_wconf 89' lang='grc' dir='ltr'><strong>ταύτην</strong></span> <span class='ocrx_word' id='word_1_477' title='bbox 2809 1947 2906 2020; x_wconf 79' lang='grc' dir='ltr'><strong>τὴν</strong></span> <span class='ocrx_word' id='word_1_478' title='bbox 2937 1947 3168 2020; x_wconf 82' lang='grc' dir='ltr'><strong>ἡμέραν,</strong></span> <span class='ocrx_word' id='word_1_479' title='bbox 3199 1947 3258 2014; x_wconf 78' lang='grc' dir='ltr'><strong>ἐξ</strong></span> <span class='ocrx_word' id='word_1_480' title='bbox 3291 1942 3351 2002; x_wconf 71' lang='grc' dir='ltr'>οὗ</span> <span class='ocrx_word' id='word_1_481' title='bbox 3384 1945 3702 2017; x_wconf 76' lang='grc' dir='ltr'><strong>τετελεύτηο</strong></span> 
     </span>
    </p>
   </div>
   <div class='ocr_carea' id='block_1_66' title="bbox 2116 2038 3703 2111">
    <p class='ocr_par' dir='ltr' id='par_1_66' title="bbox 2116 2038 3703 2111">
     <span class='ocr_line' id='line_1_66' title="bbox 2116 2038 3703 2111; baseline 0 -19"><span class='ocrx_word' id='word_1_482' title='bbox 2116 2056 2209 2092; x_wconf 86' lang='grc' dir='ltr'><strong>κεν</strong></span> <span class='ocrx_word' id='word_1_483' title='bbox 2234 2041 2266 2109; x_wconf 79' lang='grc' dir='ltr'><strong>ἡ</strong></span> <span class='ocrx_word' id='word_1_484' title='bbox 2287 2040 2421 2110; x_wconf 85' lang='grc' dir='ltr'><strong>γυνή</strong></span> <span class='ocrx_word' id='word_1_485' title='bbox 2443 2057 2456 2069; x_wconf 74' lang='grc' dir='ltr'><strong>ο</strong></span> <span class='ocrx_word' id='word_1_486' title='bbox 2495 2041 2589 2092; x_wconf 77' lang='grc' dir='ltr'><strong>καὶ</strong></span> <span class='ocrx_word' id='word_1_487' title='bbox 2627 2038 2750 2093; x_wconf 75' lang='grc' dir='ltr'><strong>οὔτε</strong></span> <span class='ocrx_word' id='word_1_488' title='bbox 2779 2040 3020 2111; x_wconf 83' lang='grc' dir='ltr'><strong>μερικὸς,</strong></span> <span class='ocrx_word' id='word_1_489' title='bbox 3049 2039 3171 2093; x_wconf 78' lang='grc' dir='ltr'><strong>οὒτε</strong></span> <span class='ocrx_word' id='word_1_490' title='bbox 3196 2039 3488 2102; x_wconf 83' lang='grc' dir='ltr'><strong>καθολικδς</strong></span> <span class='ocrx_word' id='word_1_491' title='bbox 3507 2039 3703 2110; x_wconf 84' lang='grc' dir='ltr'><strong>κόσμῳ</strong></span> 
     </span>
    </p>
   </div>
   <div class='ocr_carea' id='block_1_67' title="bbox 2116 2129 3702 2201">
    <p class='ocr_par' dir='ltr' id='par_1_67' title="bbox 2116 2129 3702 2201">
     <span class='ocr_line' id='line_1_67' title="bbox 2116 2129 3702 2201; baseline 0 -19"><span class='ocrx_word' id='word_1_492' title='bbox 2116 2130 2304 2198; x_wconf 83' lang='grc' dir='ltr'><strong>γέγονε</strong></span> <span class='ocrx_word' id='word_1_493' title='bbox 2332 2130 2587 2200; x_wconf 66' lang='grc' dir='ltr'><strong>πῦλεμος,</strong></span> <span class='ocrx_word' id='word_1_494' title='bbox 2610 2129 2744 2184; x_wconf 79' lang='grc' dir='ltr'><strong>ἀλλὰ</strong></span> <span class='ocrx_word' id='word_1_495' title='bbox 2771 2131 2866 2184; x_wconf 74' lang='grc' dir='ltr'><strong>καὶ</strong></span> <span class='ocrx_word' id='word_1_496' title='bbox 2890 2132 3234 2201; x_wconf 87' lang='grc' dir='ltr'><strong>Χριστιανοῖς</strong></span> <span class='ocrx_word' id='word_1_497' title='bbox 3263 2129 3468 2200; x_wconf 77' lang='grc' dir='ltr'><strong>μᾶλλον</strong></span> <span class='ocrx_word' id='word_1_498' title='bbox 3505 2131 3702 2201; x_wconf 73' lang='grc' dir='ltr'><strong>εἰρήνη</strong></span> 
     </span>
    </p>
   </div>
   <div class='ocr_carea' id='block_1_68' title="bbox 2115 2218 3706 2291">
    <p class='ocr_par' dir='ltr' id='par_1_68' title="bbox 2115 2218 3706 2291">
     <span class='ocr_line' id='line_1_68' title="bbox 2115 2218 3706 2291; baseline -0.001 -19"><span class='ocrx_word' id='word_1_499' title='bbox 2115 2219 2368 2291; x_wconf 87' lang='grc' dir='ltr'><strong>διάμονος</strong></span> <span class='ocrx_word' id='word_1_500' title='bbox 2399 2220 2459 2284; x_wconf 78' lang='grc' dir='ltr'>ἐξ</span> <span class='ocrx_word' id='word_1_501' title='bbox 2483 2220 2667 2284; x_wconf 79' lang='grc' dir='ltr'><strong>ἐλέους</strong></span> <span class='ocrx_word' id='word_1_502' title='bbox 2691 2220 2849 2274; x_wconf 84' lang='grc' dir='ltr'><strong>Θεοῦ.</strong></span> <span class='ocrx_word' id='word_1_503' title='bbox 2886 2239 2905 2271; x_wconf 77' lang='grc' dir='ltr'><strong>ι</strong></span> <span class='ocrx_word' id='word_1_504' title='bbox 2941 2221 3049 2273; x_wconf 80' lang='grc' dir='ltr'><strong>Καὶ</strong></span> <span class='ocrx_word' id='word_1_505' title='bbox 3073 2220 3242 2274; x_wconf 80' lang='grc' dir='ltr'><strong>ταῦτα</strong></span> <span class='ocrx_word' id='word_1_506' title='bbox 3275 2220 3332 2272; x_wconf 79' lang='grc' dir='ltr'><strong>δὲ</strong></span> <span class='ocrx_word' id='word_1_507' title='bbox 3370 2221 3437 2274; x_wconf 79' lang='grc' dir='ltr'><strong>ὲκ</strong></span> <span class='ocrx_word' id='word_1_508' title='bbox 3457 2218 3556 2273; x_wconf 80' lang='grc' dir='ltr'><strong>τοῦ</strong></span> <span class='ocrx_word' id='word_1_509' title='bbox 3578 2219 3706 2272; x_wconf 85' lang='grc' dir='ltr'><strong>δευ-</strong></span> 
     </span>
    </p>
   </div>
   <div class='ocr_carea' id='block_1_69' title="bbox 2114 2311 3704 2386">
    <p class='ocr_par' dir='ltr' id='par_1_69' title="bbox 2114 2311 3704 2386">
     <span class='ocr_line' id='line_1_69' title="bbox 2114 2311 3704 2386; baseline 0.001 -22"><span class='ocrx_word' id='word_1_510' title='bbox 2114 2311 2272 2383; x_wconf 83' lang='grc' dir='ltr'><strong>τέρου</strong></span> <span class='ocrx_word' id='word_1_511' title='bbox 2301 2315 2746 2384; x_wconf 85' lang='grc' dir='ltr'><strong>συγγράμματος.</strong></span> <span class='ocrx_word' id='word_1_512' title='bbox 2779 2315 2888 2368; x_wconf 78' lang='grc' dir='ltr'><strong>Καὶ</strong></span> <span class='ocrx_word' id='word_1_513' title='bbox 2915 2313 3023 2366; x_wconf 83' lang='grc' dir='ltr'><strong>ἀπὸ</strong></span> <span class='ocrx_word' id='word_1_514' title='bbox 3045 2313 3138 2366; x_wconf 80' lang='grc' dir='ltr'><strong>τοῦ</strong></span> <span class='ocrx_word' id='word_1_515' title='bbox 3165 2315 3348 2386; x_wconf 78' lang='grc' dir='ltr'><strong>τρίτου</strong></span> <span class='ocrx_word' id='word_1_516' title='bbox 3370 2313 3430 2366; x_wconf 81' lang='grc' dir='ltr'><strong>δὲ</strong></span> <span class='ocrx_word' id='word_1_517' title='bbox 3458 2313 3704 2385; x_wconf 70' lang='grc' dir='ltr'><strong>σμικράς</strong></span> 
     </span>
    </p>
   </div>
   <div class='ocr_carea' id='block_1_70' title="bbox 2117 2395 3704 2474">
    <p class='ocr_par' dir='ltr' id='par_1_70' title="bbox 2117 2395 3704 2474">
     <span class='ocr_line' id='line_1_70' title="bbox 2117 2395 3704 2474; baseline 0 -18"><span class='ocrx_word' id='word_1_518' title='bbox 2117 2402 2501 2474; x_wconf 78' lang='grc' dir='ltr'><strong>παραθήσομαι</strong></span> <span class='ocrx_word' id='word_1_519' title='bbox 2526 2403 2718 2470; x_wconf 77' lang='grc' dir='ltr'><strong>λέξεις,</strong></span> <span class='ocrx_word' id='word_1_520' title='bbox 2752 2402 2820 2455; x_wconf 76' lang='grc' dir='ltr'><strong>δι’</strong></span> <span class='ocrx_word' id='word_1_521' title='bbox 2847 2395 2923 2456; x_wconf 83' lang='grc' dir='ltr'><strong>ὧν</strong></span> <span class='ocrx_word' id='word_1_522' title='bbox 2949 2404 3086 2474; x_wconf 86' lang='grc' dir='ltr'><strong>πρὸς</strong></span> <span class='ocrx_word' id='word_1_523' title='bbox 3121 2405 3247 2467; x_wconf 84' lang='grc' dir='ltr'><strong>τοὺς</strong></span> <span class='ocrx_word' id='word_1_524' title='bbox 3277 2403 3605 2474; x_wconf 78' lang='grc' dir='ltr'><strong>αὐχοῦντας,</strong></span> <span class='ocrx_word' id='word_1_525' title='bbox 3626 2402 3704 2466; x_wconf 83' lang='grc' dir='ltr'><strong>ὡς</strong></span> 
     </span>
    </p>
   </div>
   <div class='ocr_carea' id='block_1_71' title="bbox 2115 2493 3706 2568">
    <p class='ocr_par' dir='ltr' id='par_1_71' title="bbox 2115 2493 3706 2568">
     <span class='ocr_line' id='line_1_71' title="bbox 2115 2493 3706 2568; baseline -0.002 -18"><span class='ocrx_word' id='word_1_526' title='bbox 2115 2496 2222 2566; x_wconf 81' lang='grc' dir='ltr'><strong>ἄρα</strong></span> <span class='ocrx_word' id='word_1_527' title='bbox 2257 2496 2477 2559; x_wconf 86' lang='grc' dir='ltr'><strong>πλείους</strong></span> <span class='ocrx_word' id='word_1_528' title='bbox 2518 2497 2612 2550; x_wconf 66' lang='grc' dir='ltr'><strong>κα)⁵</strong></span> <span class='ocrx_word' id='word_1_529' title='bbox 2638 2495 2816 2550; x_wconf 77' lang='grc' dir='ltr'><strong>αὐτῶν</strong></span> <span class='ocrx_word' id='word_1_530' title='bbox 2846 2497 3327 2568; x_wconf 85' lang='grc' dir='ltr'><strong>μεμαρτυρηκότες</strong></span> <span class='ocrx_word' id='word_1_531' title='bbox 3364 2494 3495 2559; x_wconf 75' lang='grc' dir='ltr'><strong>εἷεν,</strong></span> <span class='ocrx_word' id='word_1_532' title='bbox 3525 2493 3706 2548; x_wconf 79' lang='grc' dir='ltr'><strong>ταῦτά</strong></span> 
     </span>
    </p>
   </div>
   <div class='ocr_carea' id='block_1_72' title="bbox 2116 2588 3707 2659">
    <p class='ocr_par' dir='ltr' id='par_1_72' title="bbox 2116 2588 3707 2659">
     <span class='ocr_line' id='line_1_72' title="bbox 2116 2588 3707 2659; baseline 0.001 -20"><span class='ocrx_word' id='word_1_533' title='bbox 2116 2604 2315 2658; x_wconf 83' lang='grc' dir='ltr'><strong>φησιν’</strong></span> <span class='ocrx_word' id='word_1_534' title='bbox 2381 2606 2402 2639; x_wconf 75' lang='grc' dir='ltr'><strong>ι</strong></span> <span class='ocrx_word' id='word_1_535' title='bbox 2455 2589 2619 2642; x_wconf 88' lang='grc' dir='ltr'><strong>Ὅταν</strong></span> <span class='ocrx_word' id='word_1_536' title='bbox 2678 2590 2856 2642; x_wconf 84' lang='grc' dir='ltr'><strong>τοίνυν</strong></span> <span class='ocrx_word' id='word_1_537' title='bbox 2912 2591 2969 2641; x_wconf 85' lang='grc' dir='ltr'><strong>ὲν</strong></span> <span class='ocrx_word' id='word_1_538' title='bbox 3019 2589 3151 2641; x_wconf 79' lang='grc' dir='ltr'><strong>πᾶσι</strong></span> <span class='ocrx_word' id='word_1_539' title='bbox 3219 2590 3331 2651; x_wconf 86' lang='grc' dir='ltr'><strong>τοῖς</strong></span> <span class='ocrx_word' id='word_1_540' title='bbox 3383 2588 3707 2659; x_wconf 80' lang='grc' dir='ltr'><strong>εἰρημένοις</strong></span> 
     </span>
    </p>
   </div>
   <div class='ocr_carea' id='block_1_73' title="bbox 2115 2677 3706 2752">
    <p class='ocr_par' dir='ltr' id='par_1_73' title="bbox 2115 2677 3706 2752">
     <span class='ocr_line' id='line_1_73' title="bbox 2115 2677 3706 2752; baseline 0.001 -23"><span class='ocrx_word' id='word_1_541' title='bbox 2115 2677 2462 2749; x_wconf 78' lang='grc' dir='ltr'><strong>ἐλεγχθέντες</strong></span> <span class='ocrx_word' id='word_1_542' title='bbox 2511 2680 2878 2752; x_wconf 79' lang='grc' dir='ltr'><strong>άπορὴσωσιν,</strong></span> <span class='ocrx_word' id='word_1_543' title='bbox 2926 2680 3018 2732; x_wconf 72' lang='grc' dir='ltr'><strong>ἐπὶ</strong></span> <span class='ocrx_word' id='word_1_544' title='bbox 3047 2680 3172 2742; x_wconf 72' lang='grc' dir='ltr'><strong>τοὺς</strong></span> <span class='ocrx_word' id='word_1_545' title='bbox 3208 2679 3494 2750; x_wconf 84' lang='grc' dir='ltr'><strong>μάρτυρας</strong></span> <span class='ocrx_word' id='word_1_546' title='bbox 3531 2695 3706 2730; x_wconf 85' lang='grc' dir='ltr'><strong>κατα-</strong></span> 
     </span>
    </p>
   </div>
   <div class='ocr_carea' id='block_1_74' title="bbox 2116 2771 3703 2844">
    <p class='ocr_par' dir='ltr' id='par_1_74' title="bbox 2116 2771 3703 2844">
     <span class='ocr_line' id='line_1_74' title="bbox 2116 2771 3703 2844; baseline 0 -21"><span class='ocrx_word' id='word_1_547' title='bbox 2116 2771 2337 2840; x_wconf 76' lang='grc' dir='ltr'><strong>φεύγειν</strong></span> <span class='ocrx_word' id='word_1_548' title='bbox 2363 2773 2676 2844; x_wconf 85' lang='grc' dir='ltr'><strong>πειρῶνται,</strong></span> <span class='ocrx_word' id='word_1_549' title='bbox 2701 2774 2948 2842; x_wconf 88' lang='grc' dir='ltr'><strong>λέγοντες</strong></span> <span class='ocrx_word' id='word_1_550' title='bbox 2973 2771 3198 2835; x_wconf 81' lang='grc' dir='ltr'><strong>πολλοὺς</strong></span> <span class='ocrx_word' id='word_1_551' title='bbox 3222 2771 3366 2842; x_wconf 80' lang='grc' dir='ltr'><strong>ἔχειν</strong></span> <span class='ocrx_word' id='word_1_552' title='bbox 3391 2771 3703 2843; x_wconf 84' lang='grc' dir='ltr'><strong>μάρτυρας,</strong></span> 
     </span>
    </p>
   </div>
   <div class='ocr_carea' id='block_1_75' title="bbox 2117 2863 3706 2939">
    <p class='ocr_par' dir='ltr' id='par_1_75' title="bbox 2117 2863 3706 2939">
     <span class='ocr_line' id='line_1_75' title="bbox 2117 2863 3706 2939; baseline -0.003 -20"><span class='ocrx_word' id='word_1_553' title='bbox 2117 2868 2213 2920; x_wconf 68' lang='grc' dir='ltr'><strong>καὶ</strong></span> <span class='ocrx_word' id='word_1_554' title='bbox 2247 2867 2410 2920; x_wconf 79' lang='grc' dir='ltr'><strong>τοῦτο</strong></span> <span class='ocrx_word' id='word_1_555' title='bbox 2449 2864 2587 2921; x_wconf 77' lang='grc' dir='ltr'><strong>εἶναι</strong></span> <span class='ocrx_word' id='word_1_556' title='bbox 2619 2869 2914 2939; x_wconf 87' lang='grc' dir='ltr'><strong>τεκμήριον</strong></span> <span class='ocrx_word' id='word_1_557' title='bbox 2951 2865 3139 2919; x_wconf 82' lang='grc' dir='ltr'><strong>πιστὸν</strong></span> <span class='ocrx_word' id='word_1_558' title='bbox 3170 2865 3270 2935; x_wconf 73' lang='grc' dir='ltr'><strong>τῆς</strong></span> <span class='ocrx_word' id='word_1_559' title='bbox 3293 2865 3580 2934; x_wconf 85' lang='grc' dir='ltr'><strong>δυνάμεως</strong></span> <span class='ocrx_word' id='word_1_560' title='bbox 3606 2863 3706 2916; x_wconf 78' lang='grc' dir='ltr'><strong>τοῦ</strong></span> 
     </span>
    </p>
   </div>
   <div class='ocr_carea' id='block_1_76' title="bbox 2115 2957 3706 3032">
    <p class='ocr_par' dir='ltr' id='par_1_76' title="bbox 2115 2957 3706 3032">
     <span class='ocr_line' id='line_1_76' title="bbox 2115 2957 3706 3032; baseline -0.003 -18"><span class='ocrx_word' id='word_1_561' title='bbox 2115 2961 2247 3032; x_wconf 85' lang='grc' dir='ltr'><strong>παρ’</strong></span> <span class='ocrx_word' id='word_1_562' title='bbox 2273 2961 2457 3023; x_wconf 84' lang='grc' dir='ltr'><strong>αὐτοῖς</strong></span> <span class='ocrx_word' id='word_1_563' title='bbox 2481 2960 2770 3032; x_wconf 84' lang='grc' dir='ltr'><strong>λεγομένου</strong></span> <span class='ocrx_word' id='word_1_564' title='bbox 2808 2957 3143 3031; x_wconf 69' lang='grc' dir='ltr'><strong>προφητικώ</strong></span> <span class='ocrx_word' id='word_1_565' title='bbox 3173 2957 3506 3028; x_wconf 83' lang='grc' dir='ltr'><strong>πνεύματος.</strong></span> <span class='ocrx_word' id='word_1_566' title='bbox 3537 2957 3613 3010; x_wconf 87' lang='grc' dir='ltr'><strong>Τὸ</strong></span> <span class='ocrx_word' id='word_1_567' title='bbox 3646 2957 3706 3010; x_wconf 84' lang='grc' dir='ltr'><strong>δέ</strong></span> 
     </span>
    </p>
   </div>
   <div class='ocr_carea' id='block_1_77' title="bbox 2117 3050 3709 3126">
    <p class='ocr_par' dir='ltr' id='par_1_77' title="bbox 2117 3050 3709 3126">
     <span class='ocr_line' id='line_1_77' title="bbox 2117 3050 3709 3126; baseline -0.003 -19"><span class='ocrx_word' id='word_1_568' title='bbox 2117 3057 2263 3108; x_wconf 79' lang='grc' dir='ltr'><strong>ἐστιν</strong></span> <span class='ocrx_word' id='word_1_569' title='bbox 2304 3054 2411 3126; x_wconf 84' lang='grc' dir='ltr'><strong>ἄρα</strong></span> <span class='ocrx_word' id='word_1_570' title='bbox 2453 3053 2528 3116; x_wconf 84' lang='grc' dir='ltr'><strong>ὡς</strong></span> <span class='ocrx_word' id='word_1_571' title='bbox 2559 3053 2699 3106; x_wconf 75' lang='grc' dir='ltr'><strong>ἔοικε</strong></span> <span class='ocrx_word' id='word_1_572' title='bbox 2742 3053 2940 3116; x_wconf 88' lang='grc' dir='ltr'><strong>παντὸς</strong></span> <span class='ocrx_word' id='word_1_573' title='bbox 2966 3051 3163 3122; x_wconf 79' lang='grc' dir='ltr'><strong>μᾶλλον</strong></span> <span class='ocrx_word' id='word_1_574' title='bbox 3205 3051 3304 3104; x_wconf 82' lang='grc' dir='ltr'><strong>οὐκ</strong></span> <span class='ocrx_word' id='word_1_575' title='bbox 3328 3050 3548 3120; x_wconf 80' lang='grc' dir='ltr'><strong>ἀληθές.</strong></span> <span class='ocrx_word' id='word_1_576' title='bbox 3593 3050 3709 3102; x_wconf 81' lang='lat' dir='ltr'><strong>Kal</strong></span> 
     </span>
    </p>
   </div>
   <div class='ocr_carea' id='block_1_78' title="bbox 2118 3143 3706 3219">
    <p class='ocr_par' dir='ltr' id='par_1_78' title="bbox 2118 3143 3706 3219">
     <span class='ocr_line' id='line_1_78' title="bbox 2118 3143 3706 3219; baseline -0.003 -19"><span class='ocrx_word' id='word_1_577' title='bbox 2118 3147 2348 3219; x_wconf 79' lang='grc' dir='ltr'><strong>γὰρτῶν</strong></span> <span class='ocrx_word' id='word_1_578' title='bbox 2374 3146 2546 3201; x_wconf 85' lang='grc' dir='ltr'><strong>ἄλλων</strong></span> <span class='ocrx_word' id='word_1_579' title='bbox 2575 3145 2836 3218; x_wconf 78' lang='grc' dir='ltr'><strong>αἱρέσεων</strong></span> <span class='ocrx_word' id='word_1_580' title='bbox 2857 3161 3021 3208; x_wconf 88' lang='grc' dir='ltr'><strong>τινες,</strong></span> <span class='ocrx_word' id='word_1_581' title='bbox 3049 3143 3333 3207; x_wconf 86' lang='grc' dir='ltr'><strong>πλείστους</strong></span> <span class='ocrx_word' id='word_1_582' title='bbox 3357 3145 3518 3206; x_wconf 83' lang='grc' dir='ltr'><strong>ὅσους</strong></span> <span class='ocrx_word' id='word_1_583' title='bbox 3545 3143 3706 3213; x_wconf 76' lang='grc' dir='ltr'><strong>ἔχουο</strong></span> 
     </span>
    </p>
   </div>
   <div class='ocr_carea' id='block_1_79' title="bbox 2120 3233 3711 3308">
    <p class='ocr_par' dir='ltr' id='par_1_79' title="bbox 2120 3233 3711 3308">
     <span class='ocr_line' id='line_1_79' title="bbox 2120 3233 3711 3308; baseline -0.002 -18"><span class='ocrx_word' id='word_1_584' title='bbox 2120 3255 2172 3290; x_wconf 91' lang='grc' dir='ltr'><strong>σι</strong></span> <span class='ocrx_word' id='word_1_585' title='bbox 2209 3237 2510 3308; x_wconf 87' lang='grc' dir='ltr'><strong>μάρτυρας,</strong></span> <span class='ocrx_word' id='word_1_586' title='bbox 2540 3235 2631 3289; x_wconf 78' lang='grc' dir='ltr'><strong>καὶ</strong></span> <span class='ocrx_word' id='word_1_587' title='bbox 2656 3235 2716 3287; x_wconf 84' lang='grc' dir='ltr'><strong>ού</strong></span> <span class='ocrx_word' id='word_1_588' title='bbox 2743 3233 2893 3306; x_wconf 84' lang='grc' dir='ltr'><strong>παρὰ</strong></span> <span class='ocrx_word' id='word_1_589' title='bbox 2917 3233 3074 3287; x_wconf 80' lang='grc' dir='ltr'><strong>τοῦτο</strong></span> <span class='ocrx_word' id='word_1_590' title='bbox 3097 3233 3265 3306; x_wconf 82' lang='grc' dir='ltr'><strong>δήπου</strong></span> <span class='ocrx_word' id='word_1_591' title='bbox 3294 3233 3711 3303; x_wconf 78' lang='grc' dir='ltr'><strong>συγκαταθησό-</strong></span> 
     </span>
    </p>
   </div>
   <div class='ocr_carea' id='block_1_80' title="bbox 2122 3324 3710 3402">
    <p class='ocr_par' dir='ltr' id='par_1_80' title="bbox 2122 3324 3710 3402">
     <span class='ocr_line' id='line_1_80' title="bbox 2122 3324 3710 3402; baseline -0.002 -20"><span class='ocrx_word' id='word_1_592' title='bbox 2122 3329 2278 3402; x_wconf 80' lang='grc' dir='ltr'><strong>μεθα,</strong></span> <span class='ocrx_word' id='word_1_593' title='bbox 2316 3328 2435 3381; x_wconf 81' lang='grc' dir='ltr'><strong>οὐδὲ</strong></span> <span class='ocrx_word' id='word_1_594' title='bbox 2471 3327 2725 3398; x_wconf 83' lang='grc' dir='ltr'><strong>ἀλήθειαν</strong></span> <span class='ocrx_word' id='word_1_595' title='bbox 2757 3326 2900 3396; x_wconf 70' lang='grc' dir='ltr'><strong>ἔχειν</strong></span> <span class='ocrx_word' id='word_1_596' title='bbox 2919 3326 3114 3389; x_wconf 80' lang='grc' dir='ltr'><strong>αὐτοὺς</strong></span> <span class='ocrx_word' id='word_1_597' title='bbox 3132 3324 3568 3396; x_wconf 79' lang='grc' dir='ltr'><strong>ὁμολογήσομεν.</strong></span> <span class='ocrx_word' id='word_1_598' title='bbox 3595 3326 3710 3379; x_wconf 82' lang='lat' dir='ltr'><strong>Kal</strong></span> 
     </span>
    </p>
   </div>
   <div class='ocr_carea' id='block_1_81' title="bbox 2119 3417 3711 3494">
    <p class='ocr_par' dir='ltr' id='par_1_81' title="bbox 2119 3417 3711 3494">
     <span class='ocr_line' id='line_1_81' title="bbox 2119 3417 3711 3494; baseline -0.002 -20"><span class='ocrx_word' id='word_1_599' title='bbox 2119 3421 2326 3494; x_wconf 83' lang='grc' dir='ltr'><strong>πρῶτοί</strong></span> <span class='ocrx_word' id='word_1_600' title='bbox 2353 3439 2415 3490; x_wconf 88' lang='grc' dir='ltr'><strong>γε</strong></span> <span class='ocrx_word' id='word_1_601' title='bbox 2447 3422 2498 3473; x_wconf 88' lang='grc' dir='ltr'><strong>οἱ</strong></span> <span class='ocrx_word' id='word_1_602' title='bbox 2533 3420 2642 3472; x_wconf 82' lang='grc' dir='ltr'><strong>ἀπὸ</strong></span> <span class='ocrx_word' id='word_1_603' title='bbox 2673 3421 2772 3489; x_wconf 79' lang='grc' dir='ltr'><strong>τῆς</strong></span> <span class='ocrx_word' id='word_1_604' title='bbox 2797 3419 3121 3490; x_wconf 85' lang='grc' dir='ltr'><strong>Μαρκίωνος</strong></span> <span class='ocrx_word' id='word_1_605' title='bbox 3142 3417 3412 3489; x_wconf 76' lang='grc' dir='ltr'><strong>αἱρέσεως</strong></span> <span class='ocrx_word' id='word_1_606' title='bbox 3439 3419 3711 3489; x_wconf 79' lang='grc' dir='ltr'><strong>Μαρκιω-</strong></span> 
     </span>
    </p>
   </div>
   <div class='ocr_carea' id='block_1_82' title="bbox 2118 3510 3708 3584">
    <p class='ocr_par' dir='ltr' id='par_1_82' title="bbox 2118 3510 3708 3584">
     <span class='ocr_line' id='line_1_82' title="bbox 2118 3510 3708 3584; baseline -0.002 -17"><span class='ocrx_word' id='word_1_607' title='bbox 2118 3515 2294 3568; x_wconf 74' lang='grc' dir='ltr'><strong>νισταὶ</strong></span> <span class='ocrx_word' id='word_1_608' title='bbox 2327 3513 2666 3584; x_wconf 85' lang='grc' dir='ltr'><strong>καλούμενοι,</strong></span> <span class='ocrx_word' id='word_1_609' title='bbox 2715 3512 2999 3574; x_wconf 86' lang='grc' dir='ltr'><strong>πλείστους</strong></span> <span class='ocrx_word' id='word_1_610' title='bbox 3051 3511 3210 3574; x_wconf 79' lang='grc' dir='ltr'><strong>ὅσους</strong></span> <span class='ocrx_word' id='word_1_611' title='bbox 3260 3510 3405 3580; x_wconf 74' lang='grc' dir='ltr'><strong>ἔχειν</strong></span> <span class='ocrx_word' id='word_1_612' title='bbox 3461 3511 3708 3582; x_wconf 77' lang='grc' dir='ltr'><strong>Χριστοῦ</strong></span> 
     </span>
    </p>
   </div>
   <div class='ocr_carea' id='block_1_83' title="bbox 2122 3601 3711 3678">
    <p class='ocr_par' dir='ltr' id='par_1_83' title="bbox 2122 3601 3711 3678">
     <span class='ocr_line' id='line_1_83' title="bbox 2122 3601 3711 3678; baseline -0.003 -17"><span class='ocrx_word' id='word_1_613' title='bbox 2122 3608 2406 3678; x_wconf 85' lang='grc' dir='ltr'><strong>μάρτυρας</strong></span> <span class='ocrx_word' id='word_1_614' title='bbox 2430 3606 2673 3672; x_wconf 84' lang='grc' dir='ltr'><strong>λέγουσιν</strong></span> <span class='ocrx_word' id='word_1_615' title='bbox 2697 3622 2709 3634; x_wconf 92' lang='grc'><strong>·</strong></span> <span class='ocrx_word' id='word_1_616' title='bbox 2758 3602 2890 3658; x_wconf 80' lang='grc' dir='ltr'><strong>ἀλλὰ</strong></span> <span class='ocrx_word' id='word_1_617' title='bbox 2910 3601 3000 3656; x_wconf 84' lang='grc' dir='ltr'><strong>τόν</strong></span> <span class='ocrx_word' id='word_1_618' title='bbox 3029 3620 3092 3672; x_wconf 92' lang='grc' dir='ltr'><strong>γε</strong></span> <span class='ocrx_word' id='word_1_619' title='bbox 3116 3602 3346 3674; x_wconf 82' lang='grc' dir='ltr'><strong>Χριστὸν</strong></span> <span class='ocrx_word' id='word_1_620' title='bbox 3372 3602 3540 3655; x_wconf 74' lang='grc' dir='ltr'><strong>αὐτὸν</strong></span> <span class='ocrx_word' id='word_1_621' title='bbox 3567 3604 3711 3674; x_wconf 74' lang='grc' dir='ltr'><strong>μετὰ</strong></span> 
     </span>
    </p>
   </div>
   <div class='ocr_carea' id='block_1_84' title="bbox 2119 3693 3712 3769">
    <p class='ocr_par' dir='ltr' id='par_1_84' title="bbox 2119 3693 3712 3769">
     <span class='ocr_line' id='line_1_84' title="bbox 2119 3693 3712 3769; baseline -0.002 -19"><span class='ocrx_word' id='word_1_622' title='bbox 2119 3698 2374 3769; x_wconf 78' lang='grc' dir='ltr'><strong>ἀλήθειαν</strong></span> <span class='ocrx_word' id='word_1_623' title='bbox 2399 3697 2496 3768; x_wconf 77' lang='grc' dir='ltr'><strong>οὐχ</strong></span> <span class='ocrx_word' id='word_1_624' title='bbox 2522 3696 2863 3768; x_wconf 77' lang='grc' dir='ltr'><strong>ὁμολογοῦσι.</strong></span> <span class='ocrx_word' id='word_1_625' title='bbox 2900 3716 2917 3747; x_wconf 73' lang='grc' dir='ltr'><strong>ι</strong></span> <span class='ocrx_word' id='word_1_626' title='bbox 2950 3695 3058 3748; x_wconf 74' lang='grc' dir='ltr'><strong>Καὶ</strong></span> <span class='ocrx_word' id='word_1_627' title='bbox 3090 3694 3226 3765; x_wconf 86' lang='grc' dir='ltr'><strong>μετὰ</strong></span> <span class='ocrx_word' id='word_1_628' title='bbox 3254 3693 3465 3766; x_wconf 78' lang='grc' dir='ltr'><strong>βραχέα</strong></span> <span class='ocrx_word' id='word_1_629' title='bbox 3492 3694 3712 3758; x_wconf 88' lang='grc' dir='ltr'><strong>τούτοις</strong></span> 
     </span>
    </p>
   </div>
   <div class='ocr_carea' id='block_1_85' title="bbox 2119 3788 3711 3861">
    <p class='ocr_par' dir='ltr' id='par_1_85' title="bbox 2119 3788 3711 3861">
     <span class='ocr_line' id='line_1_85' title="bbox 2119 3788 3711 3861; baseline -0.002 -17"><span class='ocrx_word' id='word_1_630' title='bbox 2119 3791 2369 3861; x_wconf 76' lang='grc' dir='ltr'><strong>ἐπιφέρει</strong></span> <span class='ocrx_word' id='word_1_631' title='bbox 2388 3790 2561 3858; x_wconf 89' lang='grc' dir='ltr'><strong>λέγων</strong></span> <span class='ocrx_word' id='word_1_632' title='bbox 2578 3807 2590 3819; x_wconf 89' lang='grc'><strong>·</strong></span> <span class='ocrx_word' id='word_1_633' title='bbox 2629 3809 2646 3839; x_wconf 74' lang='grc' dir='ltr'><strong>ι</strong></span> <span class='ocrx_word' id='word_1_634' title='bbox 2685 3789 2844 3844; x_wconf 81' lang='grc' dir='ltr'><strong>Ὅθεν</strong></span> <span class='ocrx_word' id='word_1_635' title='bbox 2864 3807 2945 3842; x_wconf 91' lang='grc' dir='ltr'><strong>τοι</strong></span> <span class='ocrx_word' id='word_1_636' title='bbox 2979 3790 3074 3843; x_wconf 78' lang='grc' dir='ltr'><strong>καὶ</strong></span> <span class='ocrx_word' id='word_1_637' title='bbox 3093 3789 3308 3843; x_wconf 74' lang='grc' dir='ltr'><strong>ἐπειδὰν</strong></span> <span class='ocrx_word' id='word_1_638' title='bbox 3331 3790 3381 3841; x_wconf 81' lang='grc' dir='ltr'><strong>οἱ</strong></span> <span class='ocrx_word' id='word_1_639' title='bbox 3403 3789 3499 3842; x_wconf 77' lang='grc' dir='ltr'><strong>ἐπὶ</strong></span> <span class='ocrx_word' id='word_1_640' title='bbox 3519 3788 3582 3841; x_wconf 83' lang='grc' dir='ltr'><strong>τὸ</strong></span> <span class='ocrx_word' id='word_1_641' title='bbox 3605 3788 3711 3858; x_wconf 75' lang='grc' dir='ltr'><strong>τῆς</strong></span> 
     </span>
    </p>
   </div>
   <div class='ocr_carea' id='block_1_86' title="bbox 2119 3883 3712 3955">
    <p class='ocr_par' dir='ltr' id='par_1_86' title="bbox 2119 3883 3712 3955">
     <span class='ocr_line' id='line_1_86' title="bbox 2119 3883 3712 3955; baseline 0.001 -20"><span class='ocrx_word' id='word_1_642' title='bbox 2119 3883 2258 3936; x_wconf 85' lang='grc' dir='ltr'><strong>κατὰ</strong></span> <span class='ocrx_word' id='word_1_643' title='bbox 2282 3883 2537 3954; x_wconf 81' lang='grc' dir='ltr'><strong>ἀλήθειαν</strong></span> <span class='ocrx_word' id='word_1_644' title='bbox 2566 3883 2800 3947; x_wconf 87' lang='grc' dir='ltr'><strong>πίστεως</strong></span> <span class='ocrx_word' id='word_1_645' title='bbox 2830 3883 3123 3955; x_wconf 88' lang='grc' dir='ltr'><strong>μαρτύριον</strong></span> <span class='ocrx_word' id='word_1_646' title='bbox 3154 3883 3446 3954; x_wconf 78' lang='grc' dir='ltr'><strong>κληθέντες</strong></span> <span class='ocrx_word' id='word_1_647' title='bbox 3472 3883 3583 3936; x_wconf 73' lang='grc' dir='ltr'><strong>ἀπὸ</strong></span> <span class='ocrx_word' id='word_1_648' title='bbox 3609 3887 3712 3954; x_wconf 76' lang='grc' dir='ltr'><strong>τῆς</strong></span> 
     </span>
    </p>
   </div>
   <div class='ocr_carea' id='block_1_87' title="bbox 2119 3975 3714 4048">
    <p class='ocr_par' dir='ltr' id='par_1_87' title="bbox 2119 3975 3714 4048">
     <span class='ocr_line' id='line_1_87' title="bbox 2119 3975 3714 4048; baseline 0.001 -20"><span class='ocrx_word' id='word_1_649' title='bbox 2119 3976 2446 4048; x_wconf 84' lang='grc' dir='ltr'><strong>Ἐκκλησίας</strong></span> <span class='ocrx_word' id='word_1_650' title='bbox 2473 3976 2677 4046; x_wconf 89' lang='grc' dir='ltr'><strong>τύχωσι</strong></span> <span class='ocrx_word' id='word_1_651' title='bbox 2704 3977 2841 4048; x_wconf 87' lang='grc' dir='ltr'><strong>μετά</strong></span> <span class='ocrx_word' id='word_1_652' title='bbox 2864 3994 3022 4030; x_wconf 83' lang='grc' dir='ltr'><strong>τινων</strong></span> <span class='ocrx_word' id='word_1_653' title='bbox 3039 3976 3145 4029; x_wconf 85' lang='grc' dir='ltr'><strong>τῶν</strong></span> <span class='ocrx_word' id='word_1_654' title='bbox 3172 3975 3278 4028; x_wconf 76' lang='grc' dir='ltr'><strong>ἀπὸ</strong></span> <span class='ocrx_word' id='word_1_655' title='bbox 3307 3979 3409 4047; x_wconf 82' lang='grc' dir='ltr'><strong>τῆς</strong></span> <span class='ocrx_word' id='word_1_656' title='bbox 3432 3976 3545 4028; x_wconf 84' lang='grc' dir='ltr'><strong>τῶν</strong></span> <span class='ocrx_word' id='word_1_657' title='bbox 3567 3977 3714 4047; x_wconf 76' lang='grc' dir='ltr'><strong>Φρυ-</strong></span> 
     </span>
    </p>
   </div>
   <div class='ocr_carea' id='block_1_88' title="bbox 2119 4067 3714 4140">
    <p class='ocr_par' dir='ltr' id='par_1_88' title="bbox 2119 4067 3714 4140">
     <span class='ocr_line' id='line_1_88' title="bbox 2119 4067 3714 4140; baseline -0.001 -19"><span class='ocrx_word' id='word_1_658' title='bbox 2119 4067 2228 4137; x_wconf 81' lang='grc' dir='ltr'><strong>γῶν</strong></span> <span class='ocrx_word' id='word_1_659' title='bbox 2263 4069 2528 4140; x_wconf 87' lang='grc' dir='ltr'><strong>αἱρέσεως</strong></span> <span class='ocrx_word' id='word_1_660' title='bbox 2571 4069 2877 4140; x_wconf 88' lang='grc' dir='ltr'><strong>λεγομένων</strong></span> <span class='ocrx_word' id='word_1_661' title='bbox 2921 4069 3233 4140; x_wconf 85' lang='grc' dir='ltr'><strong>μαρτύρων,</strong></span> <span class='ocrx_word' id='word_1_662' title='bbox 3265 4068 3624 4138; x_wconf 79' lang='grc' dir='ltr'><strong>διαφέρονταί</strong></span> <span class='ocrx_word' id='word_1_663' title='bbox 3650 4086 3714 4122; x_wconf 86' lang='grc' dir='ltr'><strong>τε</strong></span> 
     </span>
    </p>
   </div>
   <div class='ocr_carea' id='block_1_89' title="bbox 2119 4158 3715 4234">
    <p class='ocr_par' dir='ltr' id='par_1_89' title="bbox 2119 4158 3715 4234">
     <span class='ocr_line' id='line_1_89' title="bbox 2119 4158 3715 4234; baseline -0.003 -19"><span class='ocrx_word' id='word_1_664' title='bbox 2119 4161 2256 4234; x_wconf 87' lang='grc' dir='ltr'><strong>πρὸς</strong></span> <span class='ocrx_word' id='word_1_665' title='bbox 2283 4163 2496 4225; x_wconf 74' lang='grc' dir='ltr'><strong>αὐτοὺς,</strong></span> <span class='ocrx_word' id='word_1_666' title='bbox 2528 4163 2620 4215; x_wconf 78' lang='grc' dir='ltr'><strong>καὶ</strong></span> <span class='ocrx_word' id='word_1_667' title='bbox 2651 4161 2725 4232; x_wconf 83' lang='grc' dir='ltr'><strong>μὴ</strong></span> <span class='ocrx_word' id='word_1_668' title='bbox 2761 4161 3189 4232; x_wconf 86' lang='grc' dir='ltr'><strong>κοινωνήσαντες</strong></span> <span class='ocrx_word' id='word_1_669' title='bbox 3220 4160 3404 4222; x_wconf 83' lang='grc' dir='ltr'><strong>αὐτοῖς</strong></span> <span class='ocrx_word' id='word_1_670' title='bbox 3435 4158 3715 4213; x_wconf 81' lang='grc' dir='ltr'><strong>τελειοῦν-</strong></span> 
     </span>
    </p>
   </div>
   <div class='ocr_carea' id='block_1_90' title="bbox 2117 4250 3713 4325">
    <p class='ocr_par' dir='ltr' id='par_1_90' title="bbox 2117 4250 3713 4325">
     <span class='ocr_line' id='line_1_90' title="bbox 2117 4250 3713 4325; baseline -0.002 -19"><span class='ocrx_word' id='word_1_671' title='bbox 2117 4271 2227 4314; x_wconf 88' lang='grc' dir='ltr'><strong>ται,</strong></span> <span class='ocrx_word' id='word_1_672' title='bbox 2255 4252 2342 4305; x_wconf 77' lang='grc' dir='ltr'><strong>διὰ</strong></span> <span class='ocrx_word' id='word_1_673' title='bbox 2367 4253 2427 4306; x_wconf 81' lang='grc' dir='ltr'><strong>τὸ</strong></span> <span class='ocrx_word' id='word_1_674' title='bbox 2460 4255 2533 4325; x_wconf 83' lang='grc' dir='ltr'><strong>μὴ</strong></span> <span class='ocrx_word' id='word_1_675' title='bbox 2564 4252 2847 4323; x_wconf 83' lang='grc' dir='ltr'><strong>βούλεσθαι</strong></span> <span class='ocrx_word' id='word_1_676' title='bbox 2881 4251 3316 4321; x_wconf 83' lang='grc' dir='ltr'><strong>συγκαταθέσθαι</strong></span> <span class='ocrx_word' id='word_1_677' title='bbox 3339 4250 3420 4324; x_wconf 79' lang='grc' dir='ltr'><strong>τῷ</strong></span> <span class='ocrx_word' id='word_1_678' title='bbox 3445 4251 3538 4304; x_wconf 78' lang='grc' dir='ltr'><strong>διὰ</strong></span> <span class='ocrx_word' id='word_1_679' title='bbox 3566 4252 3713 4304; x_wconf 80' lang='grc' dir='ltr'><strong>Μον-</strong></span> 
     </span>
    </p>
   </div>
   <div class='ocr_carea' id='block_1_91' title="bbox 2118 4341 3714 4416">
    <p class='ocr_par' dir='ltr' id='par_1_91' title="bbox 2118 4341 3714 4416">
     <span class='ocr_line' id='line_1_91' title="bbox 2118 4341 3714 4416; baseline -0.003 -18"><span class='ocrx_word' id='word_1_680' title='bbox 2118 4345 2280 4398; x_wconf 81' lang='grc' dir='ltr'><strong>τανοῦ</strong></span> <span class='ocrx_word' id='word_1_681' title='bbox 2335 4347 2428 4398; x_wconf 73' lang='grc' dir='ltr'><strong>καὶ</strong></span> <span class='ocrx_word' id='word_1_682' title='bbox 2471 4345 2580 4398; x_wconf 85' lang='grc' dir='ltr'><strong>τῶν</strong></span> <span class='ocrx_word' id='word_1_683' title='bbox 2622 4344 2896 4414; x_wconf 85' lang='grc' dir='ltr'><strong>γυναικῶν</strong></span> <span class='ocrx_word' id='word_1_684' title='bbox 2937 4345 3225 4416; x_wconf 85' lang='grc' dir='ltr'><strong>πνεύματι.</strong></span> <span class='ocrx_word' id='word_1_685' title='bbox 3261 4344 3375 4397; x_wconf 83' lang='grc' dir='ltr'><strong>Καὶ</strong></span> <span class='ocrx_word' id='word_1_686' title='bbox 3417 4345 3503 4397; x_wconf 87' lang='grc' dir='ltr'><strong>ὃτι</strong></span> <span class='ocrx_word' id='word_1_687' title='bbox 3549 4341 3714 4396; x_wconf 77' lang='grc' dir='ltr'><strong>τοῦτο</strong></span> 
     </span>
    </p>
   </div>
   <div class='ocr_carea' id='block_1_92' title="bbox 2118 4431 3712 4512">
    <p class='ocr_par' dir='ltr' id='par_1_92' title="bbox 2118 4431 3712 4512">
     <span class='ocr_line' id='line_1_92' title="bbox 2118 4431 3712 4512; baseline -0.004 -19"><span class='ocrx_word' id='word_1_688' title='bbox 2118 4440 2336 4512; x_wconf 80' lang='grc' dir='ltr'><strong>ἀληθὲς,</strong></span> <span class='ocrx_word' id='word_1_689' title='bbox 2361 4441 2455 4493; x_wconf 66' lang='grc' dir='ltr'><strong>καὶ</strong></span> <span class='ocrx_word' id='word_1_690' title='bbox 2477 4439 2571 4493; x_wconf 79' lang='grc' dir='ltr'><strong>ἐπὶ</strong></span> <span class='ocrx_word' id='word_1_691' title='bbox 2595 4440 2702 4493; x_wconf 82' lang='grc' dir='ltr'><strong>τῶν</strong></span> <span class='ocrx_word' id='word_1_692' title='bbox 2727 4438 3008 4510; x_wconf 77' lang='grc' dir='ltr'><strong>ἡμετέρων</strong></span> <span class='ocrx_word' id='word_1_693' title='bbox 3029 4439 3236 4510; x_wconf 81' lang='grc' dir='ltr'><strong>χρόνων</strong></span> <span class='ocrx_word' id='word_1_694' title='bbox 3249 4439 3307 4490; x_wconf 81' lang='grc' dir='ltr'><strong>ὲν</strong></span> <span class='ocrx_word' id='word_1_695' title='bbox 3333 4431 3622 4507; x_wconf 79' lang='grc' dir='ltr'><strong>Ἀπαμείᾳ</strong></span> <span class='ocrx_word' id='word_1_696' title='bbox 3641 4439 3712 4507; x_wconf 74' lang='grc' dir='ltr'><strong>τῇ</strong></span> 
     </span>
    </p>
   </div>
   <div class='ocr_carea' id='block_1_93' title="bbox 438 4517 2010 4616">
    <p class='ocr_par' dir='ltr' id='par_1_93' title="bbox 438 4517 2010 4597">
     <span class='ocr_line' id='line_1_93' title="bbox 438 4517 2010 4597; baseline 0.008 -23"><span class='ocrx_word' id='word_1_697' title='bbox 438 4517 731 4576; x_wconf 74' lang='lat' dir='ltr'><strong>Marcionis</strong></span> <span class='ocrx_word' id='word_1_698' title='bbox 790 4523 1042 4578; x_wconf 67' lang='lat' dir='ltr'><strong>hazresim</strong></span> <span class='ocrx_word' id='word_1_699' title='bbox 1102 4535 1426 4594; x_wconf 85' lang='lat' dir='ltr'><strong>sequuntur,</strong></span> <span class='ocrx_word' id='word_1_700' title='bbox 1475 4528 1640 4597; x_wconf 81' lang='lat' dir='ltr'><strong>vulgo</strong></span> <span class='ocrx_word' id='word_1_701' title='bbox 1683 4528 2010 4587; x_wconf 70' lang='lat' dir='ltr'><strong>Marcionita!</strong></span> 
     </span>
    </p>
   </div>
   <div class='ocr_carea' id='block_1_94' title="bbox 2116 4517 3716 4616">
    <p class='ocr_par' dir='ltr' id='par_1_94' title="bbox 2121 4529 3716 4608">
     <span class='ocr_line' id='line_1_94' title="bbox 2121 4529 3716 4608; baseline -0.004 -20"><span class='ocrx_word' id='word_1_702' title='bbox 2121 4535 2258 4608; x_wconf 84' lang='grc' dir='ltr'><strong>πρὸς</strong></span> <span class='ocrx_word' id='word_1_703' title='bbox 2294 4533 2588 4604; x_wconf 78' lang='grc' dir='ltr'><strong>Μαιάνδρῳ</strong></span> <span class='ocrx_word' id='word_1_704' title='bbox 2623 4532 2879 4608; x_wconf 68' lang='grc' dir='ltr'><strong>τυγχάνει</strong></span> <span class='ocrx_word' id='word_1_705' title='bbox 2915 4530 3296 4602; x_wconf 83' lang='grc' dir='ltr'><strong>γεγενημένον,</strong></span> <span class='ocrx_word' id='word_1_706' title='bbox 3337 4531 3396 4582; x_wconf 82' lang='grc' dir='ltr'><strong>ὲν</strong></span> <span class='ocrx_word' id='word_1_707' title='bbox 3425 4532 3543 4592; x_wconf 88' lang='grc' dir='ltr'><strong>τοίς</strong></span> <span class='ocrx_word' id='word_1_708' title='bbox 3578 4529 3716 4601; x_wconf 79' lang='grc' dir='ltr'><strong>περὶ</strong></span> 
     </span>
    </p>
   </div>
   <div class='ocr_carea' id='block_1_95' title="bbox 438 4615 2011 4688">
    <p class='ocr_par' dir='ltr' id='par_1_95' title="bbox 438 4615 2011 4688">
     <span class='ocr_line' id='line_1_95' title="bbox 438 4615 2011 4688; baseline 0.008 -22"><span class='ocrx_word' id='word_1_709' title='bbox 438 4615 826 4680; x_wconf 70' lang='lat' dir='ltr'><strong>cognominati,</strong></span> <span class='ocrx_word' id='word_1_710' title='bbox 851 4617 1280 4688; x_wconf 88' lang='lat' dir='ltr'><strong>quamplurimos</strong></span> <span class='ocrx_word' id='word_1_711' title='bbox 1313 4619 1513 4673; x_wconf 86' lang='lat' dir='ltr'><strong>habere</strong></span> <span class='ocrx_word' id='word_1_712' title='bbox 1543 4633 1603 4674; x_wconf 91' lang='lat' dir='ltr'><strong>se</strong></span> <span class='ocrx_word' id='word_1_713' title='bbox 1644 4621 1831 4678; x_wconf 91' lang='lat' dir='ltr'><strong>dicunt</strong></span> <span class='ocrx_word' id='word_1_714' title='bbox 1865 4640 2011 4679; x_wconf 90' lang='lat' dir='ltr'><strong>mar-</strong></span> 
     </span>
    </p>
   </div>
   <div class='ocr_carea' id='block_1_96' title="bbox 441 4705 2014 4780">
    <p class='ocr_par' dir='ltr' id='par_1_96' title="bbox 441 4705 2014 4780">
     <span class='ocr_line' id='line_1_96' title="bbox 441 4705 2014 4780; baseline 0.011 -27"><span class='ocrx_word' id='word_1_715' title='bbox 441 4711 590 4774; x_wconf 83' lang='lat' dir='ltr'><strong>tyres</strong></span> <span class='ocrx_word' id='word_1_716' title='bbox 613 4706 835 4762; x_wconf 84' lang='lat' dir='ltr'><strong>Christi.</strong></span> <span class='ocrx_word' id='word_1_717' title='bbox 871 4708 939 4761; x_wconf 79' lang='lat' dir='ltr'><strong>Et</strong></span> <span class='ocrx_word' id='word_1_718' title='bbox 965 4717 1145 4762; x_wconf 90' lang='lat' dir='ltr'><strong>tamen</strong></span> <span class='ocrx_word' id='word_1_719' title='bbox 1177 4705 1452 4763; x_wconf 87' lang='lat' dir='ltr'><strong>Christum</strong></span> <span class='ocrx_word' id='word_1_720' title='bbox 1482 4710 1655 4780; x_wconf 91' lang='lat' dir='ltr'><strong>ipsum</strong></span> <span class='ocrx_word' id='word_1_721' title='bbox 1682 4727 1870 4768; x_wconf 89' lang='lat' dir='ltr'><strong>revera</strong></span> <span class='ocrx_word' id='word_1_722' title='bbox 1911 4717 2014 4771; x_wconf 85' lang='lat' dir='ltr'><strong>mi-</strong></span> 
     </span>
    </p>
   </div>
   <div class='ocr_carea' id='block_1_97' title="bbox 2119 4623 3710 4696">
    <p class='ocr_par' dir='ltr' id='par_1_97' title="bbox 2119 4623 3710 4696">
     <span class='ocr_line' id='line_1_97' title="bbox 2119 4623 3710 4696; baseline -0.004 -14"><span class='ocrx_word' id='word_1_723' title='bbox 2119 4629 2278 4684; x_wconf 84' lang='grc' dir='ltr'><strong>Γάϊον</strong></span> <span class='ocrx_word' id='word_1_724' title='bbox 2318 4627 2411 4681; x_wconf 71' lang='grc' dir='ltr'><strong>καὶ</strong></span> <span class='ocrx_word' id='word_1_725' title='bbox 2449 4626 2792 4696; x_wconf 75' lang='grc' dir='ltr'><strong>Ἀλέξανδρον</strong></span> <span class='ocrx_word' id='word_1_726' title='bbox 2827 4624 2934 4680; x_wconf 81' lang='grc' dir='ltr'><strong>ἀπὸ</strong></span> <span class='ocrx_word' id='word_1_727' title='bbox 2969 4624 3266 4696; x_wconf 85' lang='grc' dir='ltr'><strong>Εύμενείας</strong></span> <span class='ocrx_word' id='word_1_728' title='bbox 3290 4623 3710 4696; x_wconf 79' lang='grc' dir='ltr'><strong>μαρτυρήσασι,</strong></span> 
     </span>
    </p>
   </div>
   <div class='ocr_carea' id='block_1_98' title="bbox 2119 4718 2458 4792">
    <p class='ocr_par' dir='ltr' id='par_1_98' title="bbox 2119 4718 2458 4792">
     <span class='ocr_line' id='line_1_98' title="bbox 2119 4718 2458 4792; baseline -0.018 -18"><span class='ocrx_word' id='word_1_729' title='bbox 2119 4718 2404 4792; x_wconf 83' lang='grc' dir='ltr'><strong>πρόδηλον.</strong></span> <span class='ocrx_word' id='word_1_730' title='bbox 2439 4737 2458 4768; x_wconf 73' lang='grc' dir='ltr'><strong>ι</strong></span> 
     </span>
    </p>
   </div>
   <div class='ocr_carea' id='block_1_99' title="bbox 441 4799 3713 4881">
    <p class='ocr_par' dir='ltr' id='par_1_99' title="bbox 441 4799 3713 4881">
     <span class='ocr_line' id='line_1_99' title="bbox 441 4799 3713 4881; baseline 0.002 -29"><span class='ocrx_word' id='word_1_731' title='bbox 441 4801 588 4854; x_wconf 90' lang='lat' dir='ltr'><strong>nime</strong></span> <span class='ocrx_word' id='word_1_732' title='bbox 612 4801 968 4857; x_wconf 83' lang='lat' dir='ltr'><strong>confitentur.</strong></span> <span class='ocrx_word' id='word_1_733' title='bbox 1000 4819 1020 4852; x_wconf 84' lang='grc'><strong>›</strong></span> <span class='ocrx_word' id='word_1_734' title='bbox 1047 4799 1242 4856; x_wconf 89' lang='lat' dir='ltr'><strong>Paucis</strong></span> <span class='ocrx_word' id='word_1_735' title='bbox 1261 4803 1457 4858; x_wconf 88' lang='lat' dir='ltr'><strong>deinde</strong></span> <span class='ocrx_word' id='word_1_736' title='bbox 1483 4804 1836 4873; x_wconf 87' lang='lat' dir='ltr'><strong>interpositis,</strong></span> <span class='ocrx_word' id='word_1_737' title='bbox 1874 4810 2032 4881; x_wconf 76' lang='lat'><strong>133</strong></span> <span class='ocrx_word' id='word_1_738' title='bbox 2072 4812 2187 4866; x_wconf 68' lang='lat' dir='ltr'><strong>tunc</strong></span> <span class='ocrx_word' id='word_1_739' title='bbox 2215 4810 2491 4881; x_wconf 80' lang='lat' dir='ltr'><strong>suhjttngit</strong></span> <span class='ocrx_word' id='word_1_740' title='bbox 2531 4826 2544 4862; x_wconf 91' lang='lat'>:</span> <span class='ocrx_word' id='word_1_741' title='bbox 2579 4827 2598 4858; x_wconf 78' lang='grc' dir='ltr'><strong>ι</strong></span> <span class='ocrx_word' id='word_1_742' title='bbox 2640 4805 3024 4872; x_wconf 85' lang='lat' dir='ltr'><strong>Quamobrem,</strong></span> <span class='ocrx_word' id='word_1_743' title='bbox 3075 4805 3284 4875; x_wconf 88' lang='lat' dir='ltr'><strong>inquit,</strong></span> <span class='ocrx_word' id='word_1_744' title='bbox 3335 4806 3713 4876; x_wconf 88' lang='lat' dir='ltr'><strong>quotiescun-</strong></span> 
     </span>
    </p>
   </div>
   <div class='ocr_carea' id='block_1_100' title="bbox 436 4891 3710 4967">
    <p class='ocr_par' dir='ltr' id='par_1_100' title="bbox 436 4891 3710 4967">
     <span class='ocr_line' id='line_1_100' title="bbox 436 4891 3710 4967; baseline 0.001 -22"><span class='ocrx_word' id='word_1_745' title='bbox 436 4906 543 4959; x_wconf 91' lang='lat' dir='ltr'><strong>que</strong></span> <span class='ocrx_word' id='word_1_746' title='bbox 568 4892 824 4946; x_wconf 74' lang='lat' dir='ltr'><strong>Ecclesiae</strong></span> <span class='ocrx_word' id='word_1_747' title='bbox 854 4893 956 4946; x_wconf 84' lang='lat' dir='ltr'><strong>viri</strong></span> <span class='ocrx_word' id='word_1_748' title='bbox 988 4891 1054 4947; x_wconf 88' lang='lat' dir='ltr'><strong>ad</strong></span> <span class='ocrx_word' id='word_1_749' title='bbox 1086 4895 1409 4966; x_wconf 86' lang='lat' dir='ltr'><strong>martyrium</strong></span> <span class='ocrx_word' id='word_1_750' title='bbox 1468 4911 1565 4967; x_wconf 88' lang='lat' dir='ltr'><strong>pro</strong></span> <span class='ocrx_word' id='word_1_751' title='bbox 1613 4912 1737 4953; x_wconf 91' lang='lat' dir='ltr'><strong>vera</strong></span> <span class='ocrx_word' id='word_1_752' title='bbox 1787 4901 1891 4954; x_wconf 80' lang='lat' dir='ltr'><strong>fide</strong></span> <span class='ocrx_word' id='word_1_753' title='bbox 1946 4903 2286 4958; x_wconf 83' lang='lat' dir='ltr'><strong>subeundum</strong></span> <span class='ocrx_word' id='word_1_754' title='bbox 2359 4900 2558 4963; x_wconf 80' lang='lat' dir='ltr'><strong>vocati,</strong></span> <span class='ocrx_word' id='word_1_755' title='bbox 2623 4914 2725 4951; x_wconf 89' lang='lat' dir='ltr'><strong>una</strong></span> <span class='ocrx_word' id='word_1_756' title='bbox 2784 4913 2905 4950; x_wconf 91' lang='lat' dir='ltr'><strong>cum</strong></span> <span class='ocrx_word' id='word_1_757' title='bbox 2949 4894 3268 4966; x_wconf 85' lang='lat' dir='ltr'><strong>quibusdam</strong></span> <span class='ocrx_word' id='word_1_758' title='bbox 3317 4894 3384 4947; x_wconf 78' lang='lat' dir='ltr'><strong>de</strong></span> <span class='ocrx_word' id='word_1_759' title='bbox 3426 4891 3710 4964; x_wconf 77' lang='lat' dir='ltr'><strong>Phrygum</strong></span> 
     </span>
    </p>
   </div>
   <div class='ocr_carea' id='block_1_101' title="bbox 434 4977 3709 5068">
    <p class='ocr_par' dir='ltr' id='par_1_101' title="bbox 434 4977 3709 5068">
     <span class='ocr_line' id='line_1_101' title="bbox 434 4977 3709 5068; baseline 0.003 -31"><span class='ocrx_word' id='word_1_760' title='bbox 434 4983 629 5038; x_wconf 59' lang='lat' dir='ltr'><strong>heresi</strong></span> <span class='ocrx_word' id='word_1_761' title='bbox 652 4986 742 5056; x_wconf 91' lang='lat' dir='ltr'><strong>qui</strong></span> <span class='ocrx_word' id='word_1_762' title='bbox 766 4977 1036 5060; x_wconf 79' lang='lat' dir='ltr'><strong>martyres</strong></span> <span class='ocrx_word' id='word_1_763' title='bbox 1053 4989 1331 5057; x_wconf 82' lang='lat' dir='ltr'><strong>dicuntur,</strong></span> <span class='ocrx_word' id='word_1_764' title='bbox 1351 5007 1478 5046; x_wconf 90' lang='lat' dir='ltr'><strong>casu</strong></span> <span class='ocrx_word' id='word_1_765' title='bbox 1498 4996 1726 5062; x_wconf 88' lang='lat' dir='ltr'><strong>quodam</strong></span> <span class='ocrx_word' id='word_1_766' title='bbox 1750 4996 2002 5060; x_wconf 88' lang='lat' dir='ltr'><strong>coierint,</strong></span> <span class='ocrx_word' id='word_1_767' title='bbox 2043 5013 2256 5068; x_wconf 86' lang='lat' dir='ltr'><strong>semper</strong></span> <span class='ocrx_word' id='word_1_768' title='bbox 2279 4998 2344 5052; x_wconf 90' lang='lat' dir='ltr'><strong>ab</strong></span> <span class='ocrx_word' id='word_1_769' title='bbox 2371 4996 2476 5050; x_wconf 85' lang='lat' dir='ltr'><strong>illis</strong></span> <span class='ocrx_word' id='word_1_770' title='bbox 2507 4993 2858 5056; x_wconf 86' lang='lat' dir='ltr'><strong>dissentiunt,</strong></span> <span class='ocrx_word' id='word_1_771' title='bbox 2886 5000 2942 5045; x_wconf 91' lang='lat' dir='ltr'><strong>et</strong></span> <span class='ocrx_word' id='word_1_772' title='bbox 3009 4989 3451 5046; x_wconf 88' lang='lat' dir='ltr'><strong>communionem</strong></span> <span class='ocrx_word' id='word_1_773' title='bbox 3511 5005 3709 5046; x_wconf 90' lang='lat' dir='ltr'><strong>eorum</strong></span> 
     </span>
    </p>
   </div>
   <div class='ocr_carea' id='block_1_102' title="bbox 429 5078 3710 5157">
    <p class='ocr_par' dir='ltr' id='par_1_102' title="bbox 429 5078 3710 5157">
     <span class='ocr_line' id='line_1_102' title="bbox 429 5078 3710 5157; baseline 0.003 -27"><span class='ocrx_word' id='word_1_774' title='bbox 429 5078 664 5134; x_wconf 86' lang='lat' dir='ltr'><strong>sollicite</strong></span> <span class='ocrx_word' id='word_1_775' title='bbox 695 5079 947 5147; x_wconf 86' lang='lat' dir='ltr'><strong>vitantes,</strong></span> <span class='ocrx_word' id='word_1_776' title='bbox 974 5083 1267 5153; x_wconf 77' lang='lat' dir='ltr'><strong>gloriosum</strong></span> <span class='ocrx_word' id='word_1_777' title='bbox 1292 5086 1536 5154; x_wconf 85' lang='lat' dir='ltr'><strong>martyrii</strong></span> <span class='ocrx_word' id='word_1_778' title='bbox 1573 5087 1778 5141; x_wconf 79' lang='lat' dir='ltr'><strong>exitum</strong></span> <span class='ocrx_word' id='word_1_779' title='bbox 1845 5098 2272 5156; x_wconf 89' lang='lat' dir='ltr'><strong>consequuntur,</strong></span> <span class='ocrx_word' id='word_1_780' title='bbox 2324 5088 2522 5157; x_wconf 91' lang='lat' dir='ltr'><strong>quippe</strong></span> <span class='ocrx_word' id='word_1_781' title='bbox 2549 5084 2641 5154; x_wconf 90' lang='lat' dir='ltr'><strong>qui</strong></span> <span class='ocrx_word' id='word_1_782' title='bbox 2675 5083 2921 5138; x_wconf 82' lang='lat' dir='ltr'><strong>Montani</strong></span> <span class='ocrx_word' id='word_1_783' title='bbox 2987 5092 3041 5138; x_wconf 90' lang='lat' dir='ltr'><strong>et</strong></span> <span class='ocrx_word' id='word_1_784' title='bbox 3072 5082 3524 5138; x_wconf 88' lang='lat' dir='ltr'><strong>muliercularum</strong></span> <span class='ocrx_word' id='word_1_785' title='bbox 3589 5085 3710 5156; x_wconf 85' lang='lat' dir='ltr'><strong>spi-</strong></span> 
     </span>
    </p>
   </div>
   <div class='ocr_carea' id='block_1_103' title="bbox 430 5173 3712 5247">
    <p class='ocr_par' dir='ltr' id='par_1_103' title="bbox 430 5173 3712 5247">
     <span class='ocr_line' id='line_1_103' title="bbox 430 5173 3712 5247; baseline 0.001 -22"><span class='ocrx_word' id='word_1_786' title='bbox 430 5173 556 5227; x_wconf 71' lang='lat' dir='ltr'><strong>titni</strong></span> <span class='ocrx_word' id='word_1_787' title='bbox 592 5188 877 5230; x_wconf 86' lang='lat' dir='ltr'><strong>assensum</strong></span> <span class='ocrx_word' id='word_1_788' title='bbox 917 5178 1329 5231; x_wconf 85' lang='lat' dir='ltr'><strong>accommodare</strong></span> <span class='ocrx_word' id='word_1_789' title='bbox 1354 5177 1509 5232; x_wconf 87' lang='lat' dir='ltr'><strong>nefas</strong></span> <span class='ocrx_word' id='word_1_790' title='bbox 1533 5179 1756 5234; x_wconf 90' lang='lat' dir='ltr'><strong>ducant.</strong></span> <span class='ocrx_word' id='word_1_791' title='bbox 1782 5179 1960 5247; x_wconf 84' lang='lat' dir='ltr'><strong>Atque</strong></span> <span class='ocrx_word' id='word_1_792' title='bbox 1990 5180 2042 5234; x_wconf 92' lang='lat' dir='ltr'><strong>id</strong></span> <span class='ocrx_word' id='word_1_793' title='bbox 2081 5195 2264 5235; x_wconf 87' lang='lat' dir='ltr'><strong>verum</strong></span> <span class='ocrx_word' id='word_1_794' title='bbox 2296 5196 2419 5236; x_wconf 92' lang='lat' dir='ltr'><strong>esse</strong></span> <span class='ocrx_word' id='word_1_795' title='bbox 2439 5187 2653 5234; x_wconf 79' lang='lat' dir='ltr'><strong>constat</strong></span> <span class='ocrx_word' id='word_1_796' title='bbox 2679 5193 2745 5234; x_wconf 79' lang='lat' dir='ltr'><strong>ex</strong></span> <span class='ocrx_word' id='word_1_797' title='bbox 2774 5177 2840 5232; x_wconf 90' lang='lat' dir='ltr'><strong>iis</strong></span> <span class='ocrx_word' id='word_1_798' title='bbox 2871 5192 2989 5244; x_wconf 69' lang='lat' dir='ltr'><strong>qua:</strong></span> <span class='ocrx_word' id='word_1_799' title='bbox 3020 5187 3202 5231; x_wconf 88' lang='lat' dir='ltr'><strong>nostra</strong></span> <span class='ocrx_word' id='word_1_800' title='bbox 3243 5184 3404 5230; x_wconf 68' lang='lat' dir='ltr'><strong>aetate</strong></span> <span class='ocrx_word' id='word_1_801' title='bbox 3472 5174 3527 5230; x_wconf 93' lang='lat' dir='ltr'><strong>in</strong></span> <span class='ocrx_word' id='word_1_802' title='bbox 3566 5175 3712 5232; x_wconf 87' lang='lat' dir='ltr'><strong>urbe</strong></span> 
     </span>
    </p>
   </div>
   <div class='ocr_carea' id='block_1_104' title="bbox 426 5265 3630 5342">
    <p class='ocr_par' dir='ltr' id='par_1_104' title="bbox 426 5265 3630 5342">
     <span class='ocr_line' id='line_1_104' title="bbox 426 5265 3630 5342; baseline -0 -21"><span class='ocrx_word' id='word_1_803' title='bbox 426 5271 669 5335; x_wconf 79' lang='lat' dir='ltr'><strong>Apamea</strong></span> <span class='ocrx_word' id='word_1_804' title='bbox 708 5283 829 5338; x_wconf 75' lang='lat' dir='ltr'><strong>qua:</strong></span> <span class='ocrx_word' id='word_1_805' title='bbox 873 5270 939 5323; x_wconf 89' lang='lat' dir='ltr'><strong>ad</strong></span> <span class='ocrx_word' id='word_1_806' title='bbox 992 5267 1322 5324; x_wconf 67' lang='lat' dir='ltr'><strong>Maeandrum</strong></span> <span class='ocrx_word' id='word_1_807' title='bbox 1355 5270 1458 5324; x_wconf 90' lang='lat' dir='ltr'><strong>sita</strong></span> <span class='ocrx_word' id='word_1_808' title='bbox 1488 5280 1591 5335; x_wconf 91' lang='lat' dir='ltr'><strong>est,</strong></span> <span class='ocrx_word' id='word_1_809' title='bbox 1629 5283 1778 5341; x_wconf 76' lang='lat' dir='ltr'><strong>gesta</strong></span> <span class='ocrx_word' id='word_1_810' title='bbox 1819 5281 1946 5325; x_wconf 91' lang='lat' dir='ltr'><strong>sunt</strong></span> <span class='ocrx_word' id='word_1_811' title='bbox 1973 5287 2005 5327; x_wconf 90' lang='lat' dir='ltr'><strong>a</strong></span> <span class='ocrx_word' id='word_1_812' title='bbox 2039 5270 2171 5327; x_wconf 86' lang='lat' dir='ltr'><strong>Caio</strong></span> <span class='ocrx_word' id='word_1_813' title='bbox 2193 5283 2246 5328; x_wconf 91' lang='lat' dir='ltr'><strong>et</strong></span> <span class='ocrx_word' id='word_1_814' title='bbox 2270 5271 2578 5327; x_wconf 83' lang='lat' dir='ltr'><strong>Alexandro</strong></span> <span class='ocrx_word' id='word_1_815' title='bbox 2598 5270 2951 5342; x_wconf 88' lang='lat' dir='ltr'><strong>martyribus,</strong></span> <span class='ocrx_word' id='word_1_816' title='bbox 3001 5268 3238 5323; x_wconf 84' lang='lat' dir='ltr'><strong>oriundis</strong></span> <span class='ocrx_word' id='word_1_817' title='bbox 3281 5265 3572 5323; x_wconf 85' lang='lat' dir='ltr'><strong>Eumenia.</strong></span> <span class='ocrx_word' id='word_1_818' title='bbox 3609 5285 3630 5320; x_wconf 77' lang='grc' dir='ltr'><strong>ι</strong></span> 
     </span>
    </p>
   </div>
   <div class='ocr_carea' id='block_1_105' title="bbox 431 5448 2007 5523">
    <p class='ocr_par' dir='ltr' id='par_1_105' title="bbox 431 5448 2007 5523">
     <span class='ocr_line' id='line_1_105' title="bbox 431 5448 2007 5523; baseline 0.003 -22"><span class='ocrx_word' id='word_1_819' title='bbox 431 5453 592 5523; x_wconf 72' lang='lat' dir='ltr'><strong>paulo</strong></span> <span class='ocrx_word' id='word_1_820' title='bbox 620 5462 746 5506; x_wconf 88' lang='lat' dir='ltr'><strong>ante</strong></span> <span class='ocrx_word' id='word_1_821' title='bbox 779 5461 1200 5521; x_wconf 73' lang='lat' dir='ltr'><strong>prmcesserunt,</strong></span> <span class='ocrx_word' id='word_1_822' title='bbox 1233 5448 1388 5516; x_wconf 76' lang='grc' dir='ltr'><strong>αὖθις</strong></span> <span class='ocrx_word' id='word_1_823' title='bbox 1414 5452 1470 5506; x_wconf 84' lang='grc' dir='ltr'><strong>δὲ</strong></span> <span class='ocrx_word' id='word_1_824' title='bbox 1517 5454 1574 5506; x_wconf 84' lang='grc' dir='ltr'><strong>ὲν</strong></span> <span class='ocrx_word' id='word_1_825' title='bbox 1599 5453 1677 5522; x_wconf 84' lang='grc' dir='ltr'><strong>τῷ</strong></span> <span class='ocrx_word' id='word_1_826' title='bbox 1701 5452 2007 5523; x_wconf 19' lang='grc' dir='ltr'><strong>αὐτῷᾉφησι</strong></span> 
     </span>
    </p>
   </div>
   <div class='ocr_carea' id='block_1_106' title="bbox 433 5521 2004 5593">
    <p class='ocr_par' dir='ltr' id='par_1_106' title="bbox 433 5521 2004 5593">
     <span class='ocr_line' id='line_1_106' title="bbox 433 5521 2004 5593; baseline 0.002 -20"><span class='ocrx_word' id='word_1_827' title='bbox 433 5522 594 5593; x_wconf 77' lang='grc' dir='ltr'><strong>λόγῳ.</strong></span> <span class='ocrx_word' id='word_1_828' title='bbox 633 5523 804 5576; x_wconf 74' lang='lat' dir='ltr'><strong>Porro</strong></span> <span class='ocrx_word' id='word_1_829' title='bbox 827 5538 892 5576; x_wconf 81' lang='lat' dir='ltr'><strong>ex</strong></span> <span class='ocrx_word' id='word_1_830' title='bbox 926 5523 1010 5575; x_wconf 88' lang='lat' dir='ltr'><strong>Itis</strong></span> <span class='ocrx_word' id='word_1_831' title='bbox 1037 5523 1215 5576; x_wconf 82' lang='lat' dir='ltr'><strong>verbis</strong></span> <span class='ocrx_word' id='word_1_832' title='bbox 1246 5524 1479 5585; x_wconf 87' lang='lat' dir='ltr'><strong>elicitur,</strong></span> <span class='ocrx_word' id='word_1_833' title='bbox 1517 5521 1790 5593; x_wconf 77' lang='lat' dir='ltr'><strong>Asterium</strong></span> <span class='ocrx_word' id='word_1_834' title='bbox 1824 5521 2004 5576; x_wconf 73' lang='lat' dir='ltr'><strong>Urba-</strong></span> 
     </span>
    </p>
   </div>
   <div class='ocr_carea' id='block_1_107' title="bbox 433 5591 2004 5646">
    <p class='ocr_par' dir='ltr' id='par_1_107' title="bbox 433 5591 2004 5646">
     <span class='ocr_line' id='line_1_107' title="bbox 433 5591 2004 5646; baseline 0.004 -6"><span class='ocrx_word' id='word_1_835' title='bbox 433 5591 560 5644; x_wconf 83' lang='lat' dir='ltr'><strong>nuni</strong></span> <span class='ocrx_word' id='word_1_836' title='bbox 588 5601 865 5646; x_wconf 90' lang='lat' dir='ltr'><strong>auctorem</strong></span> <span class='ocrx_word' id='word_1_837' title='bbox 895 5605 1018 5644; x_wconf 89' lang='lat' dir='ltr'><strong>esse</strong></span> <span class='ocrx_word' id='word_1_838' title='bbox 1044 5593 1234 5645; x_wconf 89' lang='lat' dir='ltr'><strong>horum</strong></span> <span class='ocrx_word' id='word_1_839' title='bbox 1265 5594 1425 5646; x_wconf 90' lang='lat' dir='ltr'><strong>trium</strong></span> <span class='ocrx_word' id='word_1_840' title='bbox 1453 5593 1710 5646; x_wconf 89' lang='lat' dir='ltr'><strong>librorum</strong></span> <span class='ocrx_word' id='word_1_841' title='bbox 1742 5591 2004 5646; x_wconf 81' lang='lat' dir='ltr'><strong>Adversus</strong></span> 
     </span>
    </p>
   </div>
   <div class='ocr_carea' id='block_1_108' title="bbox 433 5661 2003 5731">
    <p class='ocr_par' dir='ltr' id='par_1_108' title="bbox 433 5661 2003 5731">
     <span class='ocr_line' id='line_1_108' title="bbox 433 5661 2003 5731; baseline 0.004 -21"><span class='ocrx_word' id='word_1_842' title='bbox 433 5661 817 5731; x_wconf 71' lang='lat' dir='ltr'><strong>Catnphrygas,</strong></span> <span class='ocrx_word' id='word_1_843' title='bbox 877 5676 981 5731; x_wconf 83' lang='lat' dir='ltr'><strong>non</strong></span> <span class='ocrx_word' id='word_1_844' title='bbox 1031 5671 1211 5714; x_wconf 82' lang='lat' dir='ltr'><strong>autem</strong></span> <span class='ocrx_word' id='word_1_845' title='bbox 1256 5664 1643 5731; x_wconf 81' lang='lat' dir='ltr'><strong>Apollinarem,</strong></span> <span class='ocrx_word' id='word_1_846' title='bbox 1677 5671 1735 5714; x_wconf 88' lang='lat' dir='ltr'><strong>ut</strong></span> <span class='ocrx_word' id='word_1_847' title='bbox 1770 5663 2003 5716; x_wconf 81' lang='lat' dir='ltr'><strong>credidit</strong></span> 
     </span>
    </p>
   </div>
   <div class='ocr_carea' id='block_1_109' title="bbox 433 5730 1319 5795">
    <p class='ocr_par' dir='ltr' id='par_1_109' title="bbox 433 5730 1319 5795">
     <span class='ocr_line' id='line_1_109' title="bbox 433 5730 1319 5795; baseline 0.001 -12"><span class='ocrx_word' id='word_1_848' title='bbox 433 5730 746 5784; x_wconf 26' lang='lat' dir='ltr'><strong>ltuftnus’et</strong></span> <span class='ocrx_word' id='word_1_849' title='bbox 771 5730 1319 5795; x_wconf 63' lang='lat' dir='ltr'><strong>Christophorsmius.</strong></span> 
     </span>
    </p>
   </div>
   <div class='ocr_carea' id='block_1_110' title="bbox 503 5801 2000 5872">
    <p class='ocr_par' dir='ltr' id='par_1_110' title="bbox 503 5801 2000 5872">
     <span class='ocr_line' id='line_1_110' title="bbox 503 5801 2000 5872; baseline 0.003 -20"><span class='ocrx_word' id='word_1_850' title='bbox 503 5803 576 5872; x_wconf 49' lang='grc' dir='ltr'><strong>ιδ)</strong></span> <span class='ocrx_word' id='word_1_851' title='bbox 612 5805 674 5853; x_wconf 71' lang='lat' dir='ltr'><strong>(li</strong></span> <span class='ocrx_word' id='word_1_852' title='bbox 727 5801 858 5867; x_wconf 52' lang='grc' dir='ltr'><strong>περὶ</strong></span> <span class='ocrx_word' id='word_1_853' title='bbox 934 5801 1262 5868; x_wconf 73' lang='grc' dir='ltr'><strong>Θεμίσωνα.</strong></span> <span class='ocrx_word' id='word_1_854' title='bbox 1309 5801 1533 5858; x_wconf 88' lang='lat' dir='ltr'><strong>lllustris</strong></span> <span class='ocrx_word' id='word_1_855' title='bbox 1569 5801 1654 5856; x_wconf 84' lang='lat' dir='ltr'><strong>hic</strong></span> <span class='ocrx_word' id='word_1_856' title='bbox 1711 5801 1809 5855; x_wconf 89' lang='lat' dir='ltr'><strong>fuit</strong></span> <span class='ocrx_word' id='word_1_857' title='bbox 1861 5802 2000 5856; x_wconf 84' lang='lat' dir='ltr'><strong>inter</strong></span> 
     </span>
    </p>
   </div>
   <div class='ocr_carea' id='block_1_111' title="bbox 2117 5451 3704 5524">
    <p class='ocr_par' dir='ltr' id='par_1_111' title="bbox 2117 5451 3704 5524">
     <span class='ocr_line' id='line_1_111' title="bbox 2117 5451 3704 5524; baseline -0.003 -17"><span class='ocrx_word' id='word_1_858' title='bbox 2117 5454 2498 5518; x_wconf 82' lang='lat' dir='ltr'><strong>Montanistas,</strong></span> <span class='ocrx_word' id='word_1_859' title='bbox 2538 5455 2628 5523; x_wconf 89' lang='lat' dir='ltr'><strong>qui</strong></span> <span class='ocrx_word' id='word_1_860' title='bbox 2662 5470 2720 5507; x_wconf 84' lang='lat' dir='ltr'><strong>se</strong></span> <span class='ocrx_word' id='word_1_861' title='bbox 2751 5453 3116 5508; x_wconf 85' lang='lat' dir='ltr'><strong>confessorem</strong></span> <span class='ocrx_word' id='word_1_862' title='bbox 3165 5459 3219 5524; x_wconf 86' lang='lat' dir='ltr'><strong>et</strong></span> <span class='ocrx_word' id='word_1_863' title='bbox 3255 5459 3586 5524; x_wconf 76' lang='lat' dir='ltr'><strong>__martyrem</strong></span> <span class='ocrx_word' id='word_1_864' title='bbox 3615 5451 3704 5524; x_wconf 78' lang='lat' dir='ltr'><strong>ja-</strong></span> 
     </span>
    </p>
   </div>
   <div class='ocr_carea' id='block_1_112' title="bbox 2118 5521 3710 5594">
    <p class='ocr_par' dir='ltr' id='par_1_112' title="bbox 2118 5521 3710 5594">
     <span class='ocr_line' id='line_1_112' title="bbox 2118 5521 3710 5594; baseline 0.001 -20"><span class='ocrx_word' id='word_1_865' title='bbox 2118 5528 2297 5579; x_wconf 82' lang='lat' dir='ltr'><strong>ctahat</strong></span> <span class='ocrx_word' id='word_1_866' title='bbox 2325 5545 2338 5589; x_wconf 89' lang='lat'><strong>;</strong></span> <span class='ocrx_word' id='word_1_867' title='bbox 2372 5521 2641 5594; x_wconf 81' lang='lat' dir='ltr'><strong>aususque</strong></span> <span class='ocrx_word' id='word_1_868' title='bbox 2668 5536 2746 5577; x_wconf 78' lang='lat' dir='ltr'><strong>est</strong></span> <span class='ocrx_word' id='word_1_869' title='bbox 2781 5524 3062 5592; x_wconf 85' lang='lat' dir='ltr'><strong>epistolam</strong></span> <span class='ocrx_word' id='word_1_870' title='bbox 3092 5521 3710 5594; x_wconf 39' lang='lat' dir='ltr'><strong>catholicam&#39;exetuplo</strong></span> 
     </span>
    </p>
   </div>
   <div class='ocr_carea' id='block_1_113' title="bbox 2114 5593 3704 5661">
    <p class='ocr_par' dir='ltr' id='par_1_113' title="bbox 2114 5593 3704 5661">
     <span class='ocr_line' id='line_1_113' title="bbox 2114 5593 3704 5661; baseline -0.003 -13"><span class='ocrx_word' id='word_1_871' title='bbox 2114 5596 2340 5661; x_wconf 81' lang='lat' dir='ltr'><strong>apostoli</strong></span> <span class='ocrx_word' id='word_1_872' title='bbox 2367 5593 2608 5650; x_wconf 83' lang='lat' dir='ltr'><strong>scribere</strong></span> <span class='ocrx_word' id='word_1_873' title='bbox 2638 5599 2704 5646; x_wconf 88' lang='lat' dir='ltr'><strong>ad</strong></span> <span class='ocrx_word' id='word_1_874' title='bbox 2733 5595 3020 5656; x_wconf 84' lang='lat' dir='ltr'><strong>Ecclesias,</strong></span> <span class='ocrx_word' id='word_1_875' title='bbox 3043 5602 3100 5645; x_wconf 86' lang='grc' dir='ltr'><strong>ιιι</strong></span> <span class='ocrx_word' id='word_1_876' title='bbox 3131 5606 3324 5645; x_wconf 77' lang='lat' dir='ltr'><strong>novam</strong></span> <span class='ocrx_word' id='word_1_877' title='bbox 3354 5593 3704 5661; x_wconf 87' lang='lat' dir='ltr'><strong>prophetiam</strong></span> 
     </span>
    </p>
   </div>
   <div class='ocr_carea' id='block_1_114' title="bbox 2114 5662 3704 5735">
    <p class='ocr_par' dir='ltr' id='par_1_114' title="bbox 2114 5662 3704 5735">
     <span class='ocr_line' id='line_1_114' title="bbox 2114 5662 3704 5735; baseline 0.001 -20"><span class='ocrx_word' id='word_1_878' title='bbox 2114 5669 2541 5720; x_wconf 77' lang='lat' dir='ltr'><strong>t-mmnetnlaret.</strong></span> <span class='ocrx_word' id='word_1_879' title='bbox 2574 5667 2644 5720; x_wconf 89' lang='lat' dir='ltr'><strong>De</strong></span> <span class='ocrx_word' id='word_1_880' title='bbox 2683 5666 2783 5721; x_wconf 84' lang='lat' dir='ltr'><strong>hoc</strong></span> <span class='ocrx_word' id='word_1_881' title='bbox 2810 5664 2974 5718; x_wconf 69' lang='lat' dir='ltr'><strong>multa</strong></span> <span class='ocrx_word' id='word_1_882' title='bbox 3005 5662 3326 5733; x_wconf 84' lang='lat' dir='ltr'><strong>Apollonius</strong></span> <span class='ocrx_word' id='word_1_883' title='bbox 3359 5663 3414 5718; x_wconf 93' lang='lat' dir='ltr'><strong>in</strong></span> <span class='ocrx_word' id='word_1_884' title='bbox 3446 5666 3704 5735; x_wconf 85' lang='lat' dir='ltr'><strong>sequenti</strong></span> 
     </span>
    </p>
   </div>
   <div class='ocr_carea' id='block_1_115' title="bbox 2113 5748 2305 5806">
    <p class='ocr_par' dir='ltr' id='par_1_115' title="bbox 2113 5748 2305 5806">
     <span class='ocr_line' id='line_1_115' title="bbox 2113 5748 2305 5806; baseline 0.021 -22"><span class='ocrx_word' id='word_1_885' title='bbox 2113 5748 2305 5806; x_wconf 69' lang='lat' dir='ltr'><strong>capite.</strong></span> 
     </span>
    </p>
   </div>
  </div>
