  <div class='ocr_page' id='page_1' title='image "/cluster/home/n/w/nwhite01/storage/ocr_20150623/20/hvd.32044012984548/243.png"; bbox 0 0 3878 6476; ppageno 0'>
   <div class='ocr_carea' id='block_1_1' title="bbox 494 313 597 370">
    <p class='ocr_par' dir='ltr' id='par_1_1' title="bbox 494 313 597 370">
     <span class='ocr_line' id='line_1_1' title="bbox 494 313 597 370; baseline 0.029 -3"><span class='ocrx_word' id='word_1_1' title='bbox 494 313 597 370; x_wconf 72' lang='grc'><strong>475</strong></span> 
     </span>
    </p>
   </div>
   <div class='ocr_carea' id='block_1_2' title="bbox 1195 319 2041 388">
    <p class='ocr_par' dir='ltr' id='par_1_2' title="bbox 1195 319 2041 386">
     <span class='ocr_line' id='line_1_2' title="bbox 1195 319 2041 386; baseline 0.014 -12"><span class='ocrx_word' id='word_1_2' title='bbox 1195 319 1286 377; x_wconf 84' lang='lat' dir='ltr'><strong>EU</strong></span> <span class='ocrx_word' id='word_1_3' title='bbox 1295 319 1467 376; x_wconf 84' lang='lat' dir='ltr'>SEBII</span> <span class='ocrx_word' id='word_1_4' title='bbox 1505 321 1989 385; x_wconf 66' lang='lat' dir='ltr'><strong>CESARIENSIS</strong></span> <span class='ocrx_word' id='word_1_5' title='bbox 2024 331 2041 386; x_wconf 73' lang='grc' dir='ltr'><strong>ί</strong></span> 
     </span>
    </p>
   </div>
   <div class='ocr_carea' id='block_1_3' title="bbox 2149 319 3007 388">
    <p class='ocr_par' dir='ltr' id='par_1_3' title="bbox 2149 324 3007 388">
     <span class='ocr_line' id='line_1_3' title="bbox 2149 324 3007 388; baseline -0.005 0"><span class='ocrx_word' id='word_1_6' title='bbox 2149 338 2175 388; x_wconf 83' lang='grc'><strong>’.</strong></span> <span class='ocrx_word' id='word_1_7' title='bbox 2215 328 2394 386; x_wconf 79' lang='lat' dir='ltr'><strong>PARS</strong></span> <span class='ocrx_word' id='word_1_8' title='bbox 2429 326 2470 385; x_wconf 84' lang='grc' dir='ltr'><strong>Ῑ.</strong></span> <span class='ocrx_word' id='word_1_9' title='bbox 2507 356 2586 372; x_wconf 89' lang='grc'><strong><em>-</em></strong></span> <span class='ocrx_word' id='word_1_10' title='bbox 2614 324 3007 384; x_wconf 71' lang='grc' dir='ltr'><strong>ΗΙΞΤΟΒΙΟΔ.</strong></span> 
     </span>
    </p>
   </div>
   <div class='ocr_carea' id='block_1_4' title="bbox 3621 330 3720 388">
    <p class='ocr_par' dir='ltr' id='par_1_4' title="bbox 3621 330 3720 388">
     <span class='ocr_line' id='line_1_4' title="bbox 3621 330 3720 388; baseline 0.04 -4"><span class='ocrx_word' id='word_1_11' title='bbox 3621 330 3720 388; x_wconf 67' lang='grc'><strong>476</strong></span> 
     </span>
    </p>
   </div>
   <div class='ocr_carea' id='block_1_5' title="bbox 490 428 2041 513">
    <p class='ocr_par' dir='ltr' id='par_1_5' title="bbox 490 428 2041 503">
     <span class='ocr_line' id='line_1_5' title="bbox 490 428 2041 503; baseline 0.007 -19"><span class='ocrx_word' id='word_1_12' title='bbox 490 428 581 484; x_wconf 83' lang='lat' dir='ltr'><strong>hic</strong></span> <span class='ocrx_word' id='word_1_13' title='bbox 613 440 805 500; x_wconf 78' lang='lat' dir='ltr'><strong>agatur</strong></span> <span class='ocrx_word' id='word_1_14' title='bbox 848 429 1008 503; x_wconf 60' lang='lat'><strong>185</strong></span> <span class='ocrx_word' id='word_1_15' title='bbox 1046 445 1222 488; x_wconf 88' lang='lat' dir='ltr'><strong>annus</strong></span> <span class='ocrx_word' id='word_1_16' title='bbox 1254 434 1324 488; x_wconf 89' lang='lat' dir='ltr'><strong>ah</strong></span> <span class='ocrx_word' id='word_1_17' title='bbox 1353 434 1505 490; x_wconf 89' lang='lat' dir='ltr'><strong>obitu</strong></span> <span class='ocrx_word' id='word_1_18' title='bbox 1541 436 1876 498; x_wconf 63' lang='lat' dir='ltr'><strong>Maximillae.</strong></span> <span class='ocrx_word' id='word_1_19' title='bbox 1898 442 2041 500; x_wconf 66' lang='lat' dir='ltr'><strong>iliaci</strong></span> 
     </span>
    </p>
   </div>
   <div class='ocr_carea' id='block_1_6' title="bbox 2149 428 3721 513">
    <p class='ocr_par' dir='ltr' id='par_1_6' title="bbox 2163 438 3721 513">
     <span class='ocr_line' id='line_1_6' title="bbox 2163 438 3721 513; baseline -0.001 -17"><span class='ocrx_word' id='word_1_20' title='bbox 2163 442 2532 513; x_wconf 85' lang='grc' dir='ltr'>δεδηλωμένος</span> <span class='ocrx_word' id='word_1_21' title='bbox 2570 438 2887 512; x_wconf 77' lang='grc' dir='ltr'><strong>Μιλτιάδης,</strong></span> <span class='ocrx_word' id='word_1_22' title='bbox 2934 438 3030 494; x_wconf 78' lang='grc' dir='ltr'>καὶ</span> <span class='ocrx_word' id='word_1_23' title='bbox 3069 438 3232 504; x_wconf 79' lang='grc' dir='ltr'>ἄλλας</span> <span class='ocrx_word' id='word_1_24' title='bbox 3281 439 3412 512; x_wconf 74' lang='grc' dir='ltr'>ἡμῖν</span> <span class='ocrx_word' id='word_1_25' title='bbox 3443 439 3542 512; x_wconf 85' lang='grc' dir='ltr'>τῆς</span> <span class='ocrx_word' id='word_1_26' title='bbox 3591 440 3721 509; x_wconf 77' lang='grc' dir='ltr'>ιδίας</span> 
     </span>
    </p>
   </div>
   <div class='ocr_carea' id='block_1_7' title="bbox 489 520 2060 598">
    <p class='ocr_par' dir='ltr' id='par_1_7' title="bbox 489 520 2060 598">
     <span class='ocr_line' id='line_1_7' title="bbox 489 520 2060 598; baseline 0.01 -23"><span class='ocrx_word' id='word_1_27' title='bbox 489 520 596 576; x_wconf 89' lang='lat' dir='ltr'><strong>ille.</strong></span> <span class='ocrx_word' id='word_1_28' title='bbox 650 521 914 578; x_wconf 87' lang='lat' dir='ltr'><strong>Miltiades</strong></span> <span class='ocrx_word' id='word_1_29' title='bbox 957 540 1108 589; x_wconf 92' lang='lat' dir='ltr'><strong>vero,</strong></span> <span class='ocrx_word' id='word_1_30' title='bbox 1159 525 1315 595; x_wconf 86' lang='lat' dir='ltr'><strong>cujus</strong></span> <span class='ocrx_word' id='word_1_31' title='bbox 1366 530 1697 586; x_wconf 90' lang='lat' dir='ltr'><strong>mentionem</strong></span> <span class='ocrx_word' id='word_1_32' title='bbox 1756 532 1908 598; x_wconf 81' lang='lat' dir='ltr'><strong>fecit,</strong></span> <span class='ocrx_word' id='word_1_33' title='bbox 1956 535 2060 590; x_wconf 88' lang='lat' dir='ltr'><strong>alia</strong></span> 
     </span>
    </p>
   </div>
   <div class='ocr_carea' id='block_1_8' title="bbox 487 615 2059 687">
    <p class='ocr_par' dir='ltr' id='par_1_8' title="bbox 487 615 2059 687">
     <span class='ocr_line' id='line_1_8' title="bbox 487 615 2059 687; baseline 0.011 -21"><span class='ocrx_word' id='word_1_34' title='bbox 487 628 703 682; x_wconf 89' lang='lat' dir='ltr'><strong>quoque</strong></span> <span class='ocrx_word' id='word_1_35' title='bbox 732 615 812 669; x_wconf 90' lang='lat' dir='ltr'><strong>sui</strong></span> <span class='ocrx_word' id='word_1_36' title='bbox 835 615 887 668; x_wconf 91' lang='lat' dir='ltr'><strong>in</strong></span> <span class='ocrx_word' id='word_1_37' title='bbox 916 615 1116 672; x_wconf 83' lang='lat' dir='ltr'><strong>divinis</strong></span> <span class='ocrx_word' id='word_1_38' title='bbox 1165 617 1467 687; x_wconf 88' lang='lat' dir='ltr'><strong>Scriptnris</strong></span> <span class='ocrx_word' id='word_1_39' title='bbox 1514 623 1678 679; x_wconf 89' lang='lat' dir='ltr'><strong>studii</strong></span> <span class='ocrx_word' id='word_1_40' title='bbox 1709 637 2059 683; x_wconf 88' lang='lat' dir='ltr'><strong>monumenta</strong></span> 
     </span>
    </p>
   </div>
   <div class='ocr_carea' id='block_1_9' title="bbox 487 704 2057 789">
    <p class='ocr_par' dir='ltr' id='par_1_9' title="bbox 487 704 2057 789">
     <span class='ocr_line' id='line_1_9' title="bbox 487 704 2057 789; baseline 0.011 -31"><span class='ocrx_word' id='word_1_41' title='bbox 487 704 645 759; x_wconf 85' lang='lat' dir='ltr'><strong>nobis</strong></span> <span class='ocrx_word' id='word_1_42' title='bbox 669 706 886 776; x_wconf 78' lang='lat' dir='ltr'><strong>reliquit</strong></span> <span class='ocrx_word' id='word_1_43' title='bbox 914 722 928 760; x_wconf 92' lang='lat'>:</span> <span class='ocrx_word' id='word_1_44' title='bbox 963 717 1076 762; x_wconf 92' lang='lat' dir='ltr'><strong>tum</strong></span> <span class='ocrx_word' id='word_1_45' title='bbox 1108 709 1160 763; x_wconf 92' lang='lat' dir='ltr'><strong>in</strong></span> <span class='ocrx_word' id='word_1_46' title='bbox 1195 708 1352 764; x_wconf 83' lang='lat' dir='ltr'><strong>libris</strong></span> <span class='ocrx_word' id='word_1_47' title='bbox 1386 725 1523 782; x_wconf 90' lang='lat' dir='ltr'><strong>quos</strong></span> <span class='ocrx_word' id='word_1_48' title='bbox 1563 717 1820 774; x_wconf 87' lang='lat' dir='ltr'><strong>adversus</strong></span> <span class='ocrx_word' id='word_1_49' title='bbox 1845 728 2057 789; x_wconf 81' lang='lat' dir='ltr'><strong>gentes,</strong></span> 
     </span>
    </p>
   </div>
   <div class='ocr_carea' id='block_1_10' title="bbox 487 797 2060 877">
    <p class='ocr_par' dir='ltr' id='par_1_10' title="bbox 487 797 2060 877">
     <span class='ocr_line' id='line_1_10' title="bbox 487 797 2060 877; baseline 0.011 -27"><span class='ocrx_word' id='word_1_50' title='bbox 487 804 602 850; x_wconf 86' lang='lat' dir='ltr'><strong>tum</strong></span> <span class='ocrx_word' id='word_1_51' title='bbox 629 797 681 852; x_wconf 91' lang='lat' dir='ltr'><strong>in</strong></span> <span class='ocrx_word' id='word_1_52' title='bbox 709 798 775 853; x_wconf 88' lang='lat' dir='ltr'><strong>iis</strong></span> <span class='ocrx_word' id='word_1_53' title='bbox 800 814 938 869; x_wconf 91' lang='lat' dir='ltr'><strong>quos</strong></span> <span class='ocrx_word' id='word_1_54' title='bbox 963 802 1225 856; x_wconf 84' lang='lat' dir='ltr'><strong>adversus</strong></span> <span class='ocrx_word' id='word_1_55' title='bbox 1248 801 1465 860; x_wconf 68' lang='lat' dir='ltr'><strong>Iudaeos</strong></span> <span class='ocrx_word' id='word_1_56' title='bbox 1487 811 1821 877; x_wconf 89' lang='lat' dir='ltr'><strong>composuit;</strong></span> <span class='ocrx_word' id='word_1_57' title='bbox 1849 821 2060 866; x_wconf 91' lang='lat' dir='ltr'><strong>utrum-</strong></span> 
     </span>
    </p>
   </div>
   <div class='ocr_carea' id='block_1_11' title="bbox 486 890 2056 959">
    <p class='ocr_par' dir='ltr' id='par_1_11' title="bbox 486 890 2056 959">
     <span class='ocr_line' id='line_1_11' title="bbox 486 890 2056 959; baseline 0.011 -19"><span class='ocrx_word' id='word_1_58' title='bbox 486 901 592 956; x_wconf 87' lang='lat' dir='ltr'><strong>que</strong></span> <span class='ocrx_word' id='word_1_59' title='bbox 646 899 1027 959; x_wconf 82' lang='lat' dir='ltr'><strong>argumentum</strong></span> <span class='ocrx_word' id='word_1_60' title='bbox 1083 890 1224 946; x_wconf 86' lang='lat' dir='ltr'><strong>binis</strong></span> <span class='ocrx_word' id='word_1_61' title='bbox 1300 894 1667 954; x_wconf 89' lang='lat' dir='ltr'><strong>voluminibus</strong></span> <span class='ocrx_word' id='word_1_62' title='bbox 1746 913 2056 958; x_wconf 76' lang='lat' dir='ltr'><strong>exsecutus.</strong></span> 
     </span>
    </p>
   </div>
   <div class='ocr_carea' id='block_1_12' title="bbox 490 977 2060 1064">
    <p class='ocr_par' dir='ltr' id='par_1_12' title="bbox 490 977 2060 1064">
     <span class='ocr_line' id='line_1_12' title="bbox 490 977 2060 1064; baseline 0.01 -30"><span class='ocrx_word' id='word_1_63' title='bbox 490 977 762 1034; x_wconf 60' lang='lat' dir='ltr'><strong>Praeterea</strong></span> <span class='ocrx_word' id='word_1_64' title='bbox 794 981 1192 1052; x_wconf 74' lang='lat' dir='ltr'><strong>Apologetieum</strong></span> <span class='ocrx_word' id='word_1_65' title='bbox 1223 999 1323 1054; x_wconf 90' lang='lat' dir='ltr'><strong>pro</strong></span> <span class='ocrx_word' id='word_1_66' title='bbox 1345 985 1652 1043; x_wconf 89' lang='lat' dir='ltr'><strong>Christiana</strong></span> <span class='ocrx_word' id='word_1_67' title='bbox 1676 1031 1691 1056; x_wconf 93' lang='lat'><strong>,</strong></span> <span class='ocrx_word' id='word_1_68' title='bbox 1741 1008 1904 1062; x_wconf 89' lang='lat' dir='ltr'><strong>quam</strong></span> <span class='ocrx_word' id='word_1_69' title='bbox 1947 996 2060 1064; x_wconf 89' lang='lat' dir='ltr'><strong>ipse</strong></span> 
     </span>
    </p>
   </div>
   <div class='ocr_carea' id='block_1_13' title="bbox 487 1071 2058 1158">
    <p class='ocr_par' dir='ltr' id='par_1_13' title="bbox 487 1071 2058 1158">
     <span class='ocr_line' id='line_1_13' title="bbox 487 1071 2058 1158; baseline 0.011 -34"><span class='ocrx_word' id='word_1_70' title='bbox 487 1071 863 1140; x_wconf 73' lang='lat' dir='ltr'><strong>profitebatur,</strong></span> <span class='ocrx_word' id='word_1_71' title='bbox 894 1074 1259 1144; x_wconf 82' lang='lat' dir='ltr'><strong>philosophia,</strong></span> <span class='ocrx_word' id='word_1_72' title='bbox 1292 1077 1358 1132; x_wconf 90' lang='lat' dir='ltr'><strong>ad</strong></span> <span class='ocrx_word' id='word_1_73' title='bbox 1389 1077 1552 1146; x_wconf 83' lang='lat' dir='ltr'><strong>hujus</strong></span> <span class='ocrx_word' id='word_1_74' title='bbox 1577 1083 1755 1137; x_wconf 63' lang='lat' dir='ltr'><strong>saeculi</strong></span> <span class='ocrx_word' id='word_1_75' title='bbox 1787 1087 2058 1158; x_wconf 83' lang='lat' dir='ltr'><strong>principes</strong></span> 
     </span>
    </p>
   </div>
   <div class='ocr_carea' id='block_1_14' title="bbox 482 1164 829 1233">
    <p class='ocr_par' dir='ltr' id='par_1_14' title="bbox 482 1164 829 1233">
     <span class='ocr_line' id='line_1_14' title="bbox 482 1164 829 1233; baseline 0.003 -16"><span class='ocrx_word' id='word_1_76' title='bbox 482 1164 829 1233; x_wconf 89' lang='lat' dir='ltr'><strong>conscripsit.</strong></span> 
     </span>
    </p>
   </div>
   <div class='ocr_carea' id='block_1_15' title="bbox 1047 1261 1505 1322">
    <p class='ocr_par' dir='ltr' id='par_1_15' title="bbox 1047 1261 1505 1322">
     <span class='ocr_line' id='line_1_15' title="bbox 1047 1261 1505 1322; baseline 0.013 -7"><span class='ocrx_word' id='word_1_77' title='bbox 1047 1261 1278 1320; x_wconf 81' lang='lat' dir='ltr'><strong>CAPUT</strong></span> <span class='ocrx_word' id='word_1_78' title='bbox 1320 1264 1505 1322; x_wconf 82' lang='lat' dir='ltr'><strong>XVIII.</strong></span> 
     </span>
    </p>
   </div>
   <div class='ocr_carea' id='block_1_16' title="bbox 484 1343 2054 1426">
    <p class='ocr_par' dir='ltr' id='par_1_16' title="bbox 484 1343 2054 1426">
     <span class='ocr_line' id='line_1_16' title="bbox 484 1343 2054 1426; baseline 0.01 -26"><span class='ocrx_word' id='word_1_79' title='bbox 484 1343 942 1413; x_wconf 78' lang='lat' dir='ltr'><strong>Quemadmodum</strong></span> <span class='ocrx_word' id='word_1_80' title='bbox 972 1353 1279 1420; x_wconf 74' lang='lat' dir='ltr'><strong>Apollonius</strong></span> <span class='ocrx_word' id='word_1_81' title='bbox 1298 1352 1665 1426; x_wconf 80' lang='lat' dir='ltr'><strong>Cataphrygas</strong></span> <span class='ocrx_word' id='word_1_82' title='bbox 1691 1354 2054 1425; x_wconf 78' lang='lat' dir='ltr'><strong>confutaverit,</strong></span> 
     </span>
    </p>
   </div>
   <div class='ocr_carea' id='block_1_17' title="bbox 833 1427 1703 1494">
    <p class='ocr_par' dir='ltr' id='par_1_17' title="bbox 833 1427 1703 1494">
     <span class='ocr_line' id='line_1_17' title="bbox 833 1427 1703 1494; baseline 0.007 -19"><span class='ocrx_word' id='word_1_83' title='bbox 833 1431 881 1475; x_wconf 83' lang='lat' dir='ltr'><strong>et</strong></span> <span class='ocrx_word' id='word_1_84' title='bbox 916 1438 1138 1493; x_wconf 86' lang='lat' dir='ltr'><strong>quarunt</strong></span> <span class='ocrx_word' id='word_1_85' title='bbox 1160 1427 1477 1480; x_wconf 81' lang='lat' dir='ltr'><strong>mentionem</strong></span> <span class='ocrx_word' id='word_1_86' title='bbox 1505 1429 1703 1494; x_wconf 78' lang='lat' dir='ltr'><strong>fecerit.</strong></span> 
     </span>
    </p>
   </div>
   <div class='ocr_carea' id='block_1_18' title="bbox 552 1571 2052 1654">
    <p class='ocr_par' dir='ltr' id='par_1_18' title="bbox 552 1571 2052 1654">
     <span class='ocr_line' id='line_1_18' title="bbox 552 1571 2052 1654; baseline 0.006 -25"><span class='ocrx_word' id='word_1_87' title='bbox 552 1571 662 1630; x_wconf 86' lang='lat' dir='ltr'><strong>Sed</strong></span> <span class='ocrx_word' id='word_1_88' title='bbox 690 1584 745 1631; x_wconf 90' lang='lat' dir='ltr'><strong>et</strong></span> <span class='ocrx_word' id='word_1_89' title='bbox 767 1575 1104 1647; x_wconf 85' lang='lat' dir='ltr'><strong>Apollonius,</strong></span> <span class='ocrx_word' id='word_1_90' title='bbox 1139 1578 1545 1636; x_wconf 85' lang='lat' dir='ltr'><strong>ecclesiasticus</strong></span> <span class='ocrx_word' id='word_1_91' title='bbox 1568 1582 1825 1653; x_wconf 87' lang='lat' dir='ltr'><strong>scriptor,</strong></span> <span class='ocrx_word' id='word_1_92' title='bbox 1861 1599 2052 1654; x_wconf 54' lang='lat' dir='ltr'><strong>supra-</strong></span> 
     </span>
    </p>
   </div>
   <div class='ocr_carea' id='block_1_19' title="bbox 481 1664 2054 1741">
    <p class='ocr_par' dir='ltr' id='par_1_19' title="bbox 481 1664 2054 1741">
     <span class='ocr_line' id='line_1_19' title="bbox 481 1664 2054 1741; baseline 0.008 -22"><span class='ocrx_word' id='word_1_93' title='bbox 481 1664 685 1720; x_wconf 89' lang='lat' dir='ltr'><strong>dictam</strong></span> <span class='ocrx_word' id='word_1_94' title='bbox 719 1666 1191 1741; x_wconf 84' lang='lat' dir='ltr'><strong>Cataphrygarum</strong></span> <span class='ocrx_word' id='word_1_95' title='bbox 1243 1671 1491 1728; x_wconf 75' lang='lat' dir='ltr'><strong>ltmresim</strong></span> <span class='ocrx_word' id='word_1_96' title='bbox 1548 1676 1725 1729; x_wconf 90' lang='lat' dir='ltr'><strong>adhuc</strong></span> <span class='ocrx_word' id='word_1_97' title='bbox 1761 1691 1858 1731; x_wconf 86' lang='lat' dir='ltr'><strong>sua</strong></span> <span class='ocrx_word' id='word_1_98' title='bbox 1896 1686 2054 1732; x_wconf 69' lang='lat' dir='ltr'><strong>aetate</strong></span> 
     </span>
    </p>
   </div>
   <div class='ocr_carea' id='block_1_20' title="bbox 2166 531 3718 607">
    <p class='ocr_par' dir='ltr' id='par_1_20' title="bbox 2166 531 3718 607">
     <span class='ocr_line' id='line_1_20' title="bbox 2166 531 3718 607; baseline -0.001 -19"><span class='ocrx_word' id='word_1_99' title='bbox 2166 535 2294 607; x_wconf 74' lang='grc' dir='ltr'>περὶ</span> <span class='ocrx_word' id='word_1_100' title='bbox 2322 535 2389 588; x_wconf 83' lang='grc' dir='ltr'>τὰ</span> <span class='ocrx_word' id='word_1_101' title='bbox 2417 533 2534 586; x_wconf 84' lang='grc' dir='ltr'>θεῖα</span> <span class='ocrx_word' id='word_1_102' title='bbox 2555 532 2711 600; x_wconf 83' lang='grc' dir='ltr'><strong>λόγια</strong></span> <span class='ocrx_word' id='word_1_103' title='bbox 2737 532 2970 603; x_wconf 83' lang='grc' dir='ltr'><strong>σπουδῆς</strong></span> <span class='ocrx_word' id='word_1_104' title='bbox 2997 532 3214 604; x_wconf 82' lang='grc' dir='ltr'>μνήμας</span> <span class='ocrx_word' id='word_1_105' title='bbox 3238 531 3642 597; x_wconf 80' lang='grc' dir='ltr'><strong>καταλέλοιπεν,</strong></span> <span class='ocrx_word' id='word_1_106' title='bbox 3666 534 3718 586; x_wconf 76' lang='grc' dir='ltr'>ἓν</span> 
     </span>
    </p>
   </div>
   <div class='ocr_carea' id='block_1_21' title="bbox 2162 621 3719 697">
    <p class='ocr_par' dir='ltr' id='par_1_21' title="bbox 2162 621 3719 697">
     <span class='ocr_line' id='line_1_21' title="bbox 2162 621 3719 697; baseline -0.001 -19"><span class='ocrx_word' id='word_1_107' title='bbox 2162 643 2220 678; x_wconf 89' lang='grc' dir='ltr'><strong>τε</strong></span> <span class='ocrx_word' id='word_1_108' title='bbox 2243 621 2324 690; x_wconf 74' lang='grc' dir='ltr'>οἷς</span> <span class='ocrx_word' id='word_1_109' title='bbox 2361 625 2497 697; x_wconf 73' lang='grc' dir='ltr'>πρὸς</span> <span class='ocrx_word' id='word_1_110' title='bbox 2525 623 2789 696; x_wconf 82' lang='grc' dir='ltr'>’Έλληνας</span> <span class='ocrx_word' id='word_1_111' title='bbox 2817 621 3070 689; x_wconf 80' lang='grc' dir='ltr'><strong>συνέταξε</strong></span> <span class='ocrx_word' id='word_1_112' title='bbox 3097 622 3293 692; x_wconf 85' lang='grc' dir='ltr'>λόγοις,</span> <span class='ocrx_word' id='word_1_113' title='bbox 3325 622 3419 677; x_wconf 73' lang='grc' dir='ltr'><strong>καὶ</strong></span> <span class='ocrx_word' id='word_1_114' title='bbox 3444 625 3559 687; x_wconf 85' lang='grc' dir='ltr'>τοῖς</span> <span class='ocrx_word' id='word_1_115' title='bbox 3591 625 3719 695; x_wconf 63' lang='grc' dir='ltr'>πρὸς</span> 
     </span>
    </p>
   </div>
   <div class='ocr_carea' id='block_1_22' title="bbox 2176 716 3719 790">
    <p class='ocr_par' dir='ltr' id='par_1_22' title="bbox 2176 716 3719 790">
     <span class='ocr_line' id='line_1_22' title="bbox 2176 716 3719 790; baseline -0.003 -16"><span class='ocrx_word' id='word_1_116' title='bbox 2176 719 2479 783; x_wconf 78' lang='grc' dir='ltr'>Ἰουδαίους,</span> <span class='ocrx_word' id='word_1_117' title='bbox 2511 718 2745 790; x_wconf 77' lang='grc' dir='ltr'>ἑκατέρᾳ</span> <span class='ocrx_word' id='word_1_118' title='bbox 2773 717 2917 781; x_wconf 87' lang='grc' dir='ltr'>ίδίως</span> <span class='ocrx_word' id='word_1_119' title='bbox 2947 716 3198 771; x_wconf 78' lang='grc' dir='ltr'><strong>ὑποθέσει</strong></span> <span class='ocrx_word' id='word_1_120' title='bbox 3224 718 3279 769; x_wconf 85' lang='grc' dir='ltr'>ὲν</span> <span class='ocrx_word' id='word_1_121' title='bbox 3307 717 3455 772; x_wconf 77' lang='grc' dir='ltr'>δυσὶν</span> <span class='ocrx_word' id='word_1_122' title='bbox 3487 717 3719 789; x_wconf 77' lang='grc' dir='ltr'>ὑπαντή-</span> 
     </span>
    </p>
   </div>
   <div class='ocr_carea' id='block_1_23' title="bbox 2163 807 3718 883">
    <p class='ocr_par' dir='ltr' id='par_1_23' title="bbox 2163 807 3718 883">
     <span class='ocr_line' id='line_1_23' title="bbox 2163 807 3718 883; baseline -0.003 -16"><span class='ocrx_word' id='word_1_123' title='bbox 2163 829 2264 876; x_wconf 85' lang='grc' dir='ltr'>σας</span> <span class='ocrx_word' id='word_1_124' title='bbox 2297 811 2751 883; x_wconf 80' lang='grc' dir='ltr'><strong>συγγράμμασιν,</strong></span> <span class='ocrx_word' id='word_1_125' title='bbox 2780 809 2860 863; x_wconf 78' lang='grc' dir='ltr'><strong>έτι</strong></span> <span class='ocrx_word' id='word_1_126' title='bbox 2893 807 2951 866; x_wconf 86' lang='grc' dir='ltr'>δὲ</span> <span class='ocrx_word' id='word_1_127' title='bbox 2979 808 3072 862; x_wconf 77' lang='grc' dir='ltr'>καὶ</span> <span class='ocrx_word' id='word_1_128' title='bbox 3103 807 3239 881; x_wconf 81' lang='grc' dir='ltr'>πρὸς</span> <span class='ocrx_word' id='word_1_129' title='bbox 3271 809 3395 873; x_wconf 81' lang='grc' dir='ltr'>τοὺς</span> <span class='ocrx_word' id='word_1_130' title='bbox 3428 809 3718 881; x_wconf 78' lang='grc' dir='ltr'>κοσμικοὺς</span> 
     </span>
    </p>
   </div>
   <div class='ocr_carea' id='block_1_24' title="bbox 2161 895 3719 975">
    <p class='ocr_par' dir='ltr' id='par_1_24' title="bbox 2161 895 3719 975">
     <span class='ocr_line' id='line_1_24' title="bbox 2161 895 3719 975; baseline -0.002 -19"><span class='ocrx_word' id='word_1_131' title='bbox 2161 903 2424 975; x_wconf 78' lang='grc' dir='ltr'>ἄρχοντας</span> <span class='ocrx_word' id='word_1_132' title='bbox 2451 902 2562 973; x_wconf 76' lang='lat' dir='ltr'><strong>(l3)</strong></span> <span class='ocrx_word' id='word_1_133' title='bbox 2581 941 2597 966; x_wconf 86' lang='lat'><strong>,</strong></span> <span class='ocrx_word' id='word_1_134' title='bbox 2627 901 2767 974; x_wconf 85' lang='grc' dir='ltr'>ὑπὲρ</span> <span class='ocrx_word' id='word_1_135' title='bbox 2792 895 2861 972; x_wconf 83' lang='grc' dir='ltr'><strong>ἧς</strong></span> <span class='ocrx_word' id='word_1_136' title='bbox 2900 900 3086 972; x_wconf 75' lang='grc' dir='ltr'>μετῄει</span> <span class='ocrx_word' id='word_1_137' title='bbox 3115 899 3456 974; x_wconf 68' lang='grc' dir='ltr'>φιλοσοφίας,</span> <span class='ocrx_word' id='word_1_138' title='bbox 3497 899 3719 971; x_wconf 85' lang='grc' dir='ltr'>πεποίη-</span> 
     </span>
    </p>
   </div>
   <div class='ocr_carea' id='block_1_25' title="bbox 2160 993 2586 1064">
    <p class='ocr_par' dir='ltr' id='par_1_25' title="bbox 2160 993 2586 1064">
     <span class='ocr_line' id='line_1_25' title="bbox 2160 993 2586 1064; baseline -0.002 -17"><span class='ocrx_word' id='word_1_139' title='bbox 2160 1011 2250 1049; x_wconf 85' lang='grc' dir='ltr'><strong>ται</strong></span> <span class='ocrx_word' id='word_1_140' title='bbox 2274 993 2586 1064; x_wconf 81' lang='grc' dir='ltr'>ἀπολογίαν.</span> 
     </span>
    </p>
   </div>
   <div class='ocr_carea' id='block_1_26' title="bbox 2659 1259 3226 1318">
    <p class='ocr_par' dir='ltr' id='par_1_26' title="bbox 2659 1259 3226 1318">
     <span class='ocr_line' id='line_1_26' title="bbox 2659 1259 3226 1318; baseline -0.007 0"><span class='ocrx_word' id='word_1_141' title='bbox 2659 1259 3056 1318; x_wconf 76' lang='grc' dir='ltr'><strong>ΚΕΦΑΛΑΙΟΝ</strong></span> <span class='ocrx_word' id='word_1_142' title='bbox 3110 1261 3226 1314; x_wconf 65' lang='grc' dir='ltr'><strong>ΠΡ.</strong></span> 
     </span>
    </p>
   </div>
   <div class='ocr_carea' id='block_1_27' title="bbox 2158 1349 3721 1419">
    <p class='ocr_par' dir='ltr' id='par_1_27' title="bbox 2158 1349 3721 1419">
     <span class='ocr_line' id='line_1_27' title="bbox 2158 1349 3721 1419; baseline -0.005 -7"><span class='ocrx_word' id='word_1_143' title='bbox 2158 1358 2314 1412; x_wconf 81' lang='grc' dir='ltr'>Ὅσα</span> <span class='ocrx_word' id='word_1_144' title='bbox 2365 1355 2461 1410; x_wconf 76' lang='grc' dir='ltr'>καὶ</span> <span class='ocrx_word' id='word_1_145' title='bbox 2533 1353 2929 1419; x_wconf 73' lang='grc' dir='ltr'>Ἀπολλώνιος</span> <span class='ocrx_word' id='word_1_146' title='bbox 2969 1351 3110 1418; x_wconf 77' lang='grc' dir='ltr'>τοὺς</span> <span class='ocrx_word' id='word_1_147' title='bbox 3148 1350 3298 1406; x_wconf 81' lang='grc' dir='ltr'>κατὰ</span> <span class='ocrx_word' id='word_1_148' title='bbox 3338 1350 3586 1419; x_wconf 63' lang='grc' dir='ltr'><strong>φρύγιῑςΔ</strong></span> <span class='ocrx_word' id='word_1_149' title='bbox 3616 1349 3721 1404; x_wconf 78' lang='grc' dir='ltr'><strong>ἀπ-</strong></span> 
     </span>
    </p>
   </div>
   <div class='ocr_carea' id='block_1_28' title="bbox 2228 1417 3714 1494">
    <p class='ocr_par' dir='ltr' id='par_1_28' title="bbox 2228 1417 3714 1494">
     <span class='ocr_line' id='line_1_28' title="bbox 2228 1417 3714 1494; baseline -0.005 -12"><span class='ocrx_word' id='word_1_150' title='bbox 2228 1427 2467 1494; x_wconf 73' lang='grc' dir='ltr'>ήλεγξε,</span> <span class='ocrx_word' id='word_1_151' title='bbox 2507 1427 2606 1481; x_wconf 79' lang='grc' dir='ltr'>καὶ</span> <span class='ocrx_word' id='word_1_152' title='bbox 2650 1424 2828 1479; x_wconf 81' lang='grc' dir='ltr'><em>τινων</em></span> <span class='ocrx_word' id='word_1_153' title='bbox 2865 1417 3316 1494; x_wconf 63' lang='grc' dir='ltr'><strong>ἐμνημόνευσεν</strong></span> <span class='ocrx_word' id='word_1_154' title='bbox 3365 1417 3504 1492; x_wconf 82' lang='lat' dir='ltr'><strong>(Nic.</strong></span> <span class='ocrx_word' id='word_1_155' title='bbox 3538 1417 3611 1473; x_wconf 82' lang='lat' dir='ltr'><strong>ﬂ.</strong></span> <span class='ocrx_word' id='word_1_156' title='bbox 3656 1420 3714 1475; x_wconf 79' lang='grc' dir='ltr'><strong>Ε.</strong></span> 
     </span>
    </p>
   </div>
   <div class='ocr_carea' id='block_1_29' title="bbox 2224 1498 3724 1657">
    <p class='ocr_par' dir='ltr' id='par_1_29' title="bbox 2224 1498 3724 1657">
     <span class='ocr_line' id='line_1_29' title="bbox 2224 1498 3724 1657; baseline -0.006 -17"><span class='ocrx_word' id='word_1_157' title='bbox 2476 1582 2617 1639; x_wconf 84' lang='grc' dir='ltr'>κατὰ</span> <span class='ocrx_word' id='word_1_158' title='bbox 2648 1582 2866 1656; x_wconf 79' lang='grc' dir='ltr'>Φρύγας</span> <span class='ocrx_word' id='word_1_159' title='bbox 2911 1581 3246 1654; x_wconf 75' lang='grc' dir='ltr'>καλουμένης</span> <span class='ocrx_word' id='word_1_160' title='bbox 3286 1581 3587 1653; x_wconf 78' lang='grc' dir='ltr'>αἱρέσεως,</span> <span class='ocrx_word' id='word_1_161' title='bbox 3636 1578 3724 1632; x_wconf 78' lang='grc' dir='ltr'>καὶ</span> 
     </span>
    </p>
   </div>
   <div class='ocr_carea' id='block_1_30' title="bbox 2166 1672 3724 1748">
    <p class='ocr_par' dir='ltr' id='par_1_30' title="bbox 2166 1672 3724 1748">
     <span class='ocr_line' id='line_1_30' title="bbox 2166 1672 3724 1748; baseline -0.006 -13"><span class='ocrx_word' id='word_1_162' title='bbox 2166 1679 2538 1743; x_wconf 82' lang='grc' dir='ltr'>Ἀπολλώνιος,</span> <span class='ocrx_word' id='word_1_163' title='bbox 2573 1676 3021 1748; x_wconf 75' lang='grc' dir='ltr'>ὲκκλησιαστικδς</span> <span class='ocrx_word' id='word_1_164' title='bbox 3055 1678 3420 1746; x_wconf 82' lang='grc' dir='ltr'>συγγραφεὺς,</span> <span class='ocrx_word' id='word_1_165' title='bbox 3453 1672 3724 1746; x_wconf 76' lang='grc' dir='ltr'>ἀκμαζού-</span> 
     </span>
    </p>
   </div>
   <div class='ocr_carea' id='block_1_31' title="bbox 479 1756 2041 1843">
    <p class='ocr_par' dir='ltr' id='par_1_31' title="bbox 479 1756 2041 1834">
     <span class='ocr_line' id='line_1_31' title="bbox 479 1756 2041 1834; baseline 0.007 -24"><span class='ocrx_word' id='word_1_166' title='bbox 479 1756 755 1826; x_wconf 83' lang='lat' dir='ltr'><strong>vigentem</strong></span> <span class='ocrx_word' id='word_1_167' title='bbox 809 1760 1045 1816; x_wconf 78' lang='lat' dir='ltr'><strong>refutare</strong></span> <span class='ocrx_word' id='word_1_168' title='bbox 1105 1776 1415 1832; x_wconf 77' lang='lat' dir='ltr'><strong>aggressus,</strong></span> <span class='ocrx_word' id='word_1_169' title='bbox 1473 1765 1747 1834; x_wconf 86' lang='lat' dir='ltr'><strong>peculiare</strong></span> <span class='ocrx_word' id='word_1_170' title='bbox 1793 1767 2041 1821; x_wconf 82' lang='lat' dir='ltr'><strong>adversus</strong></span> 
     </span>
    </p>
   </div>
   <div class='ocr_carea' id='block_1_32' title="bbox 2149 1756 3724 1843">
    <p class='ocr_par' dir='ltr' id='par_1_32' title="bbox 2156 1765 3724 1843">
     <span class='ocr_line' id='line_1_32' title="bbox 2156 1765 3724 1843; baseline -0.004 -17"><span class='ocrx_word' id='word_1_171' title='bbox 2156 1791 2254 1843; x_wconf 89' lang='grc' dir='ltr'><strong>σης</strong></span> <span class='ocrx_word' id='word_1_172' title='bbox 2284 1771 2447 1826; x_wconf 81' lang='grc' dir='ltr'>εἰσέτι</span> <span class='ocrx_word' id='word_1_173' title='bbox 2473 1770 2594 1824; x_wconf 75' lang='grc' dir='ltr'>τότε</span> <span class='ocrx_word' id='word_1_174' title='bbox 2625 1768 2767 1823; x_wconf 82' lang='grc' dir='ltr'>κατὰ</span> <span class='ocrx_word' id='word_1_175' title='bbox 2808 1769 2906 1840; x_wconf 84' lang='grc' dir='ltr'>τὴν</span> <span class='ocrx_word' id='word_1_176' title='bbox 2928 1769 3162 1839; x_wconf 84' lang='grc' dir='ltr'>Φρυγίαν</span> <span class='ocrx_word' id='word_1_177' title='bbox 3197 1767 3413 1838; x_wconf 77' lang='grc' dir='ltr'>ἔλεγχον</span> <span class='ocrx_word' id='word_1_178' title='bbox 3463 1765 3724 1835; x_wconf 75' lang='grc' dir='ltr'>ἐνστησά-</span> 
     </span>
    </p>
   </div>
   <div class='ocr_carea' id='block_1_33' title="bbox 479 1846 2041 1938">
    <p class='ocr_par' dir='ltr' id='par_1_33' title="bbox 479 1849 2041 1929">
     <span class='ocr_line' id='line_1_33' title="bbox 479 1849 2041 1929; baseline 0.006 -26"><span class='ocrx_word' id='word_1_179' title='bbox 479 1863 575 1904; x_wconf 88' lang='lat' dir='ltr'><strong>eos</strong></span> <span class='ocrx_word' id='word_1_180' title='bbox 605 1849 858 1906; x_wconf 81' lang='lat' dir='ltr'><strong>volumen</strong></span> <span class='ocrx_word' id='word_1_181' title='bbox 899 1854 1162 1917; x_wconf 86' lang='lat' dir='ltr'><strong>condidit,</strong></span> <span class='ocrx_word' id='word_1_182' title='bbox 1204 1865 1314 1909; x_wconf 89' lang='lat' dir='ltr'><strong>tum</strong></span> <span class='ocrx_word' id='word_1_183' title='bbox 1361 1853 1524 1910; x_wconf 81' lang='lat' dir='ltr'><strong>falsas</strong></span> <span class='ocrx_word' id='word_1_184' title='bbox 1563 1858 1880 1926; x_wconf 89' lang='lat' dir='ltr'><strong>prophetias</strong></span> <span class='ocrx_word' id='word_1_185' title='bbox 1935 1874 2041 1929; x_wconf 85' lang='lat' dir='ltr'><strong>qua</strong></span> 
     </span>
    </p>
   </div>
   <div class='ocr_carea' id='block_1_34' title="bbox 2149 1846 3725 1938">
    <p class='ocr_par' dir='ltr' id='par_1_34' title="bbox 2162 1857 3725 1938">
     <span class='ocr_line' id='line_1_34' title="bbox 2162 1857 3725 1938; baseline -0.004 -21"><span class='ocrx_word' id='word_1_186' title='bbox 2162 1883 2336 1938; x_wconf 89' lang='grc' dir='ltr'>μενος,</span> <span class='ocrx_word' id='word_1_187' title='bbox 2369 1864 2498 1918; x_wconf 77' lang='grc' dir='ltr'>ἴδιον</span> <span class='ocrx_word' id='word_1_188' title='bbox 2531 1865 2652 1916; x_wconf 79' lang='grc' dir='ltr'>κατ’</span> <span class='ocrx_word' id='word_1_189' title='bbox 2685 1860 2864 1915; x_wconf 78' lang='grc' dir='ltr'>αὐτῶν</span> <span class='ocrx_word' id='word_1_190' title='bbox 2897 1861 3188 1931; x_wconf 76' lang='grc' dir='ltr'>πεποίηται</span> <span class='ocrx_word' id='word_1_191' title='bbox 3224 1859 3600 1931; x_wconf 86' lang='grc' dir='ltr'>σύγγραμμα,</span> <span class='ocrx_word' id='word_1_192' title='bbox 3630 1857 3725 1921; x_wconf 77' lang='grc' dir='ltr'>τὰς</span> 
     </span>
    </p>
   </div>
   <div class='ocr_carea' id='block_1_35' title="bbox 481 1941 2041 2022">
    <p class='ocr_par' dir='ltr' id='par_1_35' title="bbox 481 1941 2041 2019">
     <span class='ocr_line' id='line_1_35' title="bbox 481 1941 2041 2019; baseline 0.006 -24"><span class='ocrx_word' id='word_1_193' title='bbox 481 1941 548 1996; x_wconf 87' lang='lat' dir='ltr'><strong>ab</strong></span> <span class='ocrx_word' id='word_1_194' title='bbox 584 1942 691 1998; x_wconf 89' lang='lat' dir='ltr'><strong>illis</strong></span> <span class='ocrx_word' id='word_1_195' title='bbox 735 1944 1198 2001; x_wconf 83' lang='lat' dir='ltr'><strong>circumferuntur</strong></span> <span class='ocrx_word' id='word_1_196' title='bbox 1225 1948 1491 2003; x_wconf 85' lang='lat' dir='ltr'><strong>verbatim</strong></span> <span class='ocrx_word' id='word_1_197' title='bbox 1545 1951 1877 2019; x_wconf 82' lang='lat' dir='ltr'><strong>expendens,</strong></span> <span class='ocrx_word' id='word_1_198' title='bbox 1941 1961 2041 2007; x_wconf 80' lang='lat' dir='ltr'><strong>turr</strong></span> 
     </span>
    </p>
   </div>
   <div class='ocr_carea' id='block_1_36' title="bbox 2149 1941 3725 2022">
    <p class='ocr_par' dir='ltr' id='par_1_36' title="bbox 2160 1946 3725 2022">
     <span class='ocr_line' id='line_1_36' title="bbox 2160 1946 3725 2022; baseline -0.002 -19"><span class='ocrx_word' id='word_1_199' title='bbox 2160 1951 2256 2022; x_wconf 82' lang='grc' dir='ltr'>μὲν</span> <span class='ocrx_word' id='word_1_200' title='bbox 2281 1949 2582 2021; x_wconf 76' lang='grc' dir='ltr'>φερομένας</span> <span class='ocrx_word' id='word_1_201' title='bbox 2616 1948 2792 2001; x_wconf 80' lang='grc' dir='ltr'>αὐτῶν</span> <span class='ocrx_word' id='word_1_202' title='bbox 2818 1947 3151 2021; x_wconf 79' lang='grc' dir='ltr'>προφητείας</span> <span class='ocrx_word' id='word_1_203' title='bbox 3175 1946 3388 2018; x_wconf 75' lang='grc' dir='ltr'>ψευδεῖς</span> <span class='ocrx_word' id='word_1_204' title='bbox 3423 1946 3593 2010; x_wconf 73' lang='grc' dir='ltr'>οὔσας</span> <span class='ocrx_word' id='word_1_205' title='bbox 3633 1965 3725 2000; x_wconf 80' lang='grc' dir='ltr'>κα-</span> 
     </span>
    </p>
   </div>
   <div class='ocr_carea' id='block_1_37' title="bbox 479 2034 2041 2111">
    <p class='ocr_par' dir='ltr' id='par_1_37' title="bbox 479 2034 2041 2111">
     <span class='ocr_line' id='line_1_37' title="bbox 479 2034 2041 2111; baseline 0.008 -24"><span class='ocrx_word' id='word_1_206' title='bbox 479 2034 645 2089; x_wconf 85' lang='lat' dir='ltr'><strong>vitam</strong></span> <span class='ocrx_word' id='word_1_207' title='bbox 683 2051 970 2108; x_wconf 85' lang='lat' dir='ltr'><strong>moresque</strong></span> <span class='ocrx_word' id='word_1_208' title='bbox 1007 2055 1193 2095; x_wconf 91' lang='lat' dir='ltr'><strong>eorum</strong></span> <span class='ocrx_word' id='word_1_209' title='bbox 1223 2042 1312 2111; x_wconf 92' lang='lat' dir='ltr'><strong>qui</strong></span> <span class='ocrx_word' id='word_1_210' title='bbox 1355 2043 1580 2099; x_wconf 73' lang='lat' dir='ltr'><strong>hmresis</strong></span> <span class='ocrx_word' id='word_1_211' title='bbox 1616 2043 1762 2098; x_wconf 91' lang='lat' dir='ltr'><strong>illius</strong></span> <span class='ocrx_word' id='word_1_212' title='bbox 1808 2055 2041 2100; x_wconf 74' lang='lat' dir='ltr'><strong>auctores</strong></span> 
     </span>
    </p>
   </div>
   <div class='ocr_carea' id='block_1_38' title="bbox 2149 2034 3726 2111">
    <p class='ocr_par' dir='ltr' id='par_1_38' title="bbox 2154 2035 3726 2108">
     <span class='ocr_line' id='line_1_38' title="bbox 2154 2035 3726 2108; baseline -0.003 -15"><span class='ocrx_word' id='word_1_213' title='bbox 2154 2040 2221 2093; x_wconf 80' lang='grc' dir='ltr'>τὰ</span> <span class='ocrx_word' id='word_1_214' title='bbox 2253 2039 2396 2105; x_wconf 82' lang='grc' dir='ltr'>λέξιν</span> <span class='ocrx_word' id='word_1_215' title='bbox 2424 2037 2680 2101; x_wconf 80' lang='grc' dir='ltr'>εὐθύνων,</span> <span class='ocrx_word' id='word_1_216' title='bbox 2714 2038 2806 2091; x_wconf 79' lang='grc' dir='ltr'><strong>τὸν</strong></span> <span class='ocrx_word' id='word_1_217' title='bbox 2834 2037 2892 2091; x_wconf 81' lang='grc' dir='ltr'>δὲ</span> <span class='ocrx_word' id='word_1_218' title='bbox 2922 2036 3034 2108; x_wconf 83' lang='grc' dir='ltr'>βίον</span> <span class='ocrx_word' id='word_1_219' title='bbox 3061 2037 3170 2090; x_wconf 80' lang='grc' dir='ltr'><strong>τῶν</strong></span> <span class='ocrx_word' id='word_1_220' title='bbox 3197 2035 3295 2106; x_wconf 83' lang='grc' dir='ltr'>τῆς</span> <span class='ocrx_word' id='word_1_221' title='bbox 3326 2036 3595 2107; x_wconf 78' lang='grc' dir='ltr'>αἱρέσεως</span> <span class='ocrx_word' id='word_1_222' title='bbox 3635 2036 3726 2107; x_wconf 68' lang='lat' dir='ltr'><strong>op.</strong></span> 
     </span>
    </p>
   </div>
   <div class='ocr_carea' id='block_1_39' title="bbox 481 2127 2041 2205">
    <p class='ocr_par' dir='ltr' id='par_1_39' title="bbox 481 2128 2034 2205">
     <span class='ocr_line' id='line_1_39' title="bbox 481 2128 2034 2205; baseline 0.008 -26"><span class='ocrx_word' id='word_1_223' title='bbox 481 2128 723 2191; x_wconf 78' lang='lat' dir='ltr'><strong>fuerunt,</strong></span> <span class='ocrx_word' id='word_1_224' title='bbox 752 2129 1067 2186; x_wconf 89' lang='lat' dir='ltr'><strong>discutiens.</strong></span> <span class='ocrx_word' id='word_1_225' title='bbox 1095 2134 1170 2187; x_wconf 83' lang='lat' dir='ltr'><strong>Ac</strong></span> <span class='ocrx_word' id='word_1_226' title='bbox 1193 2135 1260 2189; x_wconf 89' lang='lat' dir='ltr'><strong>de</strong></span> <span class='ocrx_word' id='word_1_227' title='bbox 1312 2135 1567 2189; x_wconf 78' lang='lat' dir='ltr'><strong>Montano</strong></span> <span class='ocrx_word' id='word_1_228' title='bbox 1596 2137 1811 2205; x_wconf 87' lang='lat' dir='ltr'><strong>quidem</strong></span> <span class='ocrx_word' id='word_1_229' title='bbox 1856 2138 1976 2191; x_wconf 86' lang='lat' dir='ltr'><strong>audi</strong></span> <span class='ocrx_word' id='word_1_230' title='bbox 2009 2153 2034 2192; x_wconf 90' lang='lat' dir='ltr'><strong>s</strong></span> 
     </span>
    </p>
   </div>
   <div class='ocr_carea' id='block_1_40' title="bbox 2149 2127 3723 2205">
    <p class='ocr_par' dir='ltr' id='par_1_40' title="bbox 2155 2127 3723 2200">
     <span class='ocr_line' id='line_1_40' title="bbox 2155 2127 3723 2200; baseline -0.003 -18"><span class='ocrx_word' id='word_1_231' title='bbox 2155 2128 2360 2200; x_wconf 82' lang='grc' dir='ltr'>χηγῶν,</span> <span class='ocrx_word' id='word_1_232' title='bbox 2397 2128 2576 2191; x_wconf 83' lang='grc' dir='ltr'>ὁποῖός</span> <span class='ocrx_word' id='word_1_233' title='bbox 2601 2145 2683 2191; x_wconf 88' lang='grc' dir='ltr'><strong>τις</strong></span> <span class='ocrx_word' id='word_1_234' title='bbox 2714 2127 2924 2196; x_wconf 85' lang='grc' dir='ltr'>γέγονε,</span> <span class='ocrx_word' id='word_1_235' title='bbox 2965 2127 3274 2198; x_wconf 83' lang='grc' dir='ltr'>διελέγχων.</span> <span class='ocrx_word' id='word_1_236' title='bbox 3317 2128 3512 2190; x_wconf 73' lang='grc' dir='ltr'>Αύτοϊς</span> <span class='ocrx_word' id='word_1_237' title='bbox 3531 2127 3588 2179; x_wconf 81' lang='grc' dir='ltr'>δὲ</span> <span class='ocrx_word' id='word_1_238' title='bbox 3631 2129 3723 2198; x_wconf 76' lang='grc' dir='ltr'><strong>ῥή-</strong></span> 
     </span>
    </p>
   </div>
   <div class='ocr_carea' id='block_1_41' title="bbox 477 2218 2054 2297">
    <p class='ocr_par' dir='ltr' id='par_1_41' title="bbox 477 2218 2054 2297">
     <span class='ocr_line' id='line_1_41' title="bbox 477 2218 2054 2297; baseline 0.01 -27"><span class='ocrx_word' id='word_1_239' title='bbox 477 2218 656 2289; x_wconf 86' lang='lat' dir='ltr'><strong>placet</strong></span> <span class='ocrx_word' id='word_1_240' title='bbox 716 2237 838 2291; x_wconf 66' lang='lat' dir='ltr'><strong>quae</strong></span> <span class='ocrx_word' id='word_1_241' title='bbox 888 2223 1080 2278; x_wconf 81' lang='lat' dir='ltr'><strong>dicat:</strong></span> <span class='ocrx_word' id='word_1_242' title='bbox 1115 2226 1264 2282; x_wconf 72' lang='lat' dir='ltr'><strong>«Sed</strong></span> <span class='ocrx_word' id='word_1_243' title='bbox 1325 2229 1574 2297; x_wconf 86' lang='lat' dir='ltr'><strong>quisnam</strong></span> <span class='ocrx_word' id='word_1_244' title='bbox 1621 2237 1705 2282; x_wconf 88' lang='lat' dir='ltr'><strong>est</strong></span> <span class='ocrx_word' id='word_1_245' title='bbox 1745 2244 1918 2284; x_wconf 88' lang='lat' dir='ltr'><strong>novus</strong></span> <span class='ocrx_word' id='word_1_246' title='bbox 1968 2229 2054 2285; x_wconf 88' lang='lat' dir='ltr'><strong>ille</strong></span> 
     </span>
    </p>
   </div>
   <div class='ocr_carea' id='block_1_42' title="bbox 475 2309 2056 2392">
    <p class='ocr_par' dir='ltr' id='par_1_42' title="bbox 475 2309 2056 2392">
     <span class='ocr_line' id='line_1_42' title="bbox 475 2309 2056 2392; baseline 0.008 -28"><span class='ocrx_word' id='word_1_247' title='bbox 475 2309 670 2368; x_wconf 91' lang='lat' dir='ltr'><strong>doctor</strong></span> <span class='ocrx_word' id='word_1_248' title='bbox 699 2314 723 2367; x_wconf 87' lang='lat'><strong>?</strong></span> <span class='ocrx_word' id='word_1_249' title='bbox 751 2314 927 2382; x_wconf 88' lang='lat' dir='ltr'><strong>Opera</strong></span> <span class='ocrx_word' id='word_1_250' title='bbox 964 2318 1082 2387; x_wconf 85' lang='lat' dir='ltr'><strong>ejus</strong></span> <span class='ocrx_word' id='word_1_251' title='bbox 1122 2328 1177 2373; x_wconf 89' lang='lat' dir='ltr'><strong>et</strong></span> <span class='ocrx_word' id='word_1_252' title='bbox 1215 2319 1463 2374; x_wconf 86' lang='lat' dir='ltr'><strong>doctrina</strong></span> <span class='ocrx_word' id='word_1_253' title='bbox 1519 2320 1654 2374; x_wconf 87' lang='lat' dir='ltr'><strong>satis</strong></span> <span class='ocrx_word' id='word_1_254' title='bbox 1693 2331 1881 2389; x_wconf 83' lang='lat' dir='ltr'><strong>aperte</strong></span> <span class='ocrx_word' id='word_1_255' title='bbox 1928 2337 2056 2392; x_wconf 84' lang='lat' dir='ltr'><strong>pro-</strong></span> 
     </span>
    </p>
   </div>
   <div class='ocr_carea' id='block_1_43' title="bbox 475 2403 2048 2483">
    <p class='ocr_par' dir='ltr' id='par_1_43' title="bbox 475 2403 2048 2483">
     <span class='ocr_line' id='line_1_43' title="bbox 475 2403 2048 2483; baseline 0.006 -24"><span class='ocrx_word' id='word_1_256' title='bbox 475 2403 626 2459; x_wconf 89' lang='lat' dir='ltr'><strong>dunt.</strong></span> <span class='ocrx_word' id='word_1_257' title='bbox 669 2405 767 2460; x_wconf 85' lang='lat' dir='ltr'><strong>Hie</strong></span> <span class='ocrx_word' id='word_1_258' title='bbox 796 2416 879 2462; x_wconf 88' lang='lat' dir='ltr'><strong>est</strong></span> <span class='ocrx_word' id='word_1_259' title='bbox 907 2409 997 2478; x_wconf 85' lang='lat' dir='ltr'><strong>qui</strong></span> <span class='ocrx_word' id='word_1_260' title='bbox 1041 2412 1351 2480; x_wconf 87' lang='lat' dir='ltr'><strong>nuptiarum</strong></span> <span class='ocrx_word' id='word_1_261' title='bbox 1407 2411 1636 2466; x_wconf 88' lang='lat' dir='ltr'><strong>discidia</strong></span> <span class='ocrx_word' id='word_1_262' title='bbox 1701 2413 1924 2480; x_wconf 87' lang='lat' dir='ltr'><strong>docuit,</strong></span> <span class='ocrx_word' id='word_1_263' title='bbox 1960 2416 2048 2483; x_wconf 88' lang='lat' dir='ltr'><strong>qui</strong></span> 
     </span>
    </p>
   </div>
   <div class='ocr_carea' id='block_1_44' title="bbox 467 2497 2048 2578">
    <p class='ocr_par' dir='ltr' id='par_1_44' title="bbox 467 2497 2048 2578">
     <span class='ocr_line' id='line_1_44' title="bbox 467 2497 2048 2578; baseline 0.005 -25"><span class='ocrx_word' id='word_1_264' title='bbox 467 2497 801 2567; x_wconf 90' lang='lat' dir='ltr'><strong>jejuniorum</strong></span> <span class='ocrx_word' id='word_1_265' title='bbox 839 2501 985 2568; x_wconf 83' lang='lat' dir='ltr'><strong>leges</strong></span> <span class='ocrx_word' id='word_1_266' title='bbox 1021 2503 1323 2572; x_wconf 86' lang='lat' dir='ltr'><strong>imposuit;</strong></span> <span class='ocrx_word' id='word_1_267' title='bbox 1355 2507 1445 2572; x_wconf 88' lang='lat' dir='ltr'><strong>qui</strong></span> <span class='ocrx_word' id='word_1_268' title='bbox 1506 2503 1778 2575; x_wconf 82' lang='lat' dir='ltr'><strong>Pepuzam</strong></span> <span class='ocrx_word' id='word_1_269' title='bbox 1836 2516 1893 2560; x_wconf 91' lang='lat' dir='ltr'><strong>et</strong></span> <span class='ocrx_word' id='word_1_270' title='bbox 1939 2505 2048 2578; x_wconf 83' lang='lat' dir='ltr'><strong>Ty-</strong></span> 
     </span>
    </p>
   </div>
   <div class='ocr_carea' id='block_1_45' title="bbox 477 2591 2050 2665">
    <p class='ocr_par' dir='ltr' id='par_1_45' title="bbox 477 2591 2050 2665">
     <span class='ocr_line' id='line_1_45' title="bbox 477 2591 2050 2665; baseline 0.006 -21"><span class='ocrx_word' id='word_1_271' title='bbox 477 2591 664 2656; x_wconf 90' lang='lat' dir='ltr'><strong>minm,</strong></span> <span class='ocrx_word' id='word_1_272' title='bbox 697 2592 944 2664; x_wconf 75' lang='lat' dir='ltr'><strong>Phrygia:</strong></span> <span class='ocrx_word' id='word_1_273' title='bbox 984 2596 1580 2665; x_wconf 80' lang='lat' dir='ltr'><strong>oppidula,Jerusalem</strong></span> <span class='ocrx_word' id='word_1_274' title='bbox 1623 2597 1943 2663; x_wconf 90' lang='lat' dir='ltr'><strong>nominavit,</strong></span> <span class='ocrx_word' id='word_1_275' title='bbox 1992 2608 2050 2653; x_wconf 93' lang='lat' dir='ltr'><strong>ut</strong></span> 
     </span>
    </p>
   </div>
   <div class='ocr_carea' id='block_1_46' title="bbox 473 2688 2050 2760">
    <p class='ocr_par' dir='ltr' id='par_1_46' title="bbox 473 2688 2050 2760">
     <span class='ocr_line' id='line_1_46' title="bbox 473 2688 2050 2760; baseline 0.004 -22"><span class='ocrx_word' id='word_1_276' title='bbox 473 2693 700 2739; x_wconf 78' lang='lat' dir='ltr'><strong>Cunctos</strong></span> <span class='ocrx_word' id='word_1_277' title='bbox 725 2688 960 2755; x_wconf 88' lang='lat' dir='ltr'><strong>undique</strong></span> <span class='ocrx_word' id='word_1_278' title='bbox 995 2688 1241 2744; x_wconf 89' lang='lat' dir='ltr'><strong>homines</strong></span> <span class='ocrx_word' id='word_1_279' title='bbox 1280 2704 1346 2743; x_wconf 91' lang='lat' dir='ltr'><strong>eo</strong></span> <span class='ocrx_word' id='word_1_280' title='bbox 1378 2699 1737 2752; x_wconf 84' lang='lat' dir='ltr'><strong>convocaret;</strong></span> <span class='ocrx_word' id='word_1_281' title='bbox 1762 2691 1854 2760; x_wconf 91' lang='lat' dir='ltr'><strong>qui</strong></span> <span class='ocrx_word' id='word_1_282' title='bbox 1889 2705 2050 2759; x_wconf 84' lang='lat' dir='ltr'><strong>pecu-</strong></span> 
     </span>
    </p>
   </div>
   <div class='ocr_carea' id='block_1_47' title="bbox 476 2773 2047 2849">
    <p class='ocr_par' dir='ltr' id='par_1_47' title="bbox 476 2773 2047 2849">
     <span class='ocr_line' id='line_1_47' title="bbox 476 2773 2047 2849; baseline 0.006 -22"><span class='ocrx_word' id='word_1_283' title='bbox 476 2773 687 2829; x_wconf 88' lang='lat' dir='ltr'><strong>niarttm</strong></span> <span class='ocrx_word' id='word_1_284' title='bbox 724 2789 1006 2833; x_wconf 82' lang='lat' dir='ltr'><strong>exactores</strong></span> <span class='ocrx_word' id='word_1_285' title='bbox 1042 2780 1362 2847; x_wconf 87' lang='lat' dir='ltr'><strong>constituit;</strong></span> <span class='ocrx_word' id='word_1_286' title='bbox 1405 2782 1495 2849; x_wconf 89' lang='lat' dir='ltr'><strong>qui</strong></span> <span class='ocrx_word' id='word_1_287' title='bbox 1531 2781 1803 2836; x_wconf 88' lang='lat' dir='ltr'><strong>sordidam</strong></span> <span class='ocrx_word' id='word_1_288' title='bbox 1856 2797 2047 2837; x_wconf 87' lang='lat' dir='ltr'><strong>mune-</strong></span> 
     </span>
    </p>
   </div>
   <div class='ocr_carea' id='block_1_48' title="bbox 475 2868 2045 2936">
    <p class='ocr_par' dir='ltr' id='par_1_48' title="bbox 475 2868 2045 2936">
     <span class='ocr_line' id='line_1_48' title="bbox 475 2868 2045 2936; baseline 0.005 -18"><span class='ocrx_word' id='word_1_289' title='bbox 475 2879 593 2918; x_wconf 93' lang='lat' dir='ltr'><strong>rum</strong></span> <span class='ocrx_word' id='word_1_290' title='bbox 616 2868 975 2936; x_wconf 90' lang='lat' dir='ltr'><strong>captationem</strong></span> <span class='ocrx_word' id='word_1_291' title='bbox 999 2869 1335 2924; x_wconf 82' lang='lat' dir='ltr'><strong>oblationum</strong></span> <span class='ocrx_word' id='word_1_292' title='bbox 1372 2871 1592 2925; x_wconf 88' lang='lat' dir='ltr'><strong>nomine</strong></span> <span class='ocrx_word' id='word_1_293' title='bbox 1629 2871 1828 2926; x_wconf 88' lang='lat' dir='ltr'><strong>callide</strong></span> <span class='ocrx_word' id='word_1_294' title='bbox 1871 2872 2045 2926; x_wconf 84' lang='lat' dir='ltr'><strong>obve-</strong></span> 
     </span>
    </p>
   </div>
   <div class='ocr_carea' id='block_1_49' title="bbox 474 2954 2034 3032">
    <p class='ocr_par' dir='ltr' id='par_1_49' title="bbox 474 2954 2034 3032">
     <span class='ocr_line' id='line_1_49' title="bbox 474 2954 2034 3032; baseline 0.005 -23"><span class='ocrx_word' id='word_1_295' title='bbox 474 2954 644 3024; x_wconf 81' lang='lat' dir='ltr'><strong>lavit;</strong></span> <span class='ocrx_word' id='word_1_296' title='bbox 677 2959 767 3028; x_wconf 91' lang='lat' dir='ltr'><strong>qui</strong></span> <span class='ocrx_word' id='word_1_297' title='bbox 796 2959 1098 3014; x_wconf 87' lang='lat' dir='ltr'><strong>doctrinam</strong></span> <span class='ocrx_word' id='word_1_298' title='bbox 1147 2977 1299 3016; x_wconf 86' lang='lat' dir='ltr'><strong>suam</strong></span> <span class='ocrx_word' id='word_1_299' title='bbox 1346 2962 1767 3032; x_wconf 62' lang='lat' dir='ltr'><strong>praedicantibus</strong></span> <span class='ocrx_word' id='word_1_300' title='bbox 1829 2961 2034 3017; x_wconf 86' lang='lat' dir='ltr'><strong>salaria</strong></span> 
     </span>
    </p>
   </div>
   <div class='ocr_carea' id='block_1_50' title="bbox 473 3051 2042 3123">
    <p class='ocr_par' dir='ltr' id='par_1_50' title="bbox 473 3051 2042 3123">
     <span class='ocr_line' id='line_1_50' title="bbox 473 3051 2042 3123; baseline 0.002 -20"><span class='ocrx_word' id='word_1_301' title='bbox 473 3051 693 3119; x_wconf 67' lang='lat' dir='ltr'><strong>praabet,</strong></span> <span class='ocrx_word' id='word_1_302' title='bbox 734 3062 792 3106; x_wconf 89' lang='lat' dir='ltr'><strong>ut</strong></span> <span class='ocrx_word' id='word_1_303' title='bbox 821 3067 916 3122; x_wconf 93' lang='lat' dir='ltr'><strong>per</strong></span> <span class='ocrx_word' id='word_1_304' title='bbox 951 3053 1148 3108; x_wconf 70' lang='lat' dir='ltr'><strong>{tedam</strong></span> <span class='ocrx_word' id='word_1_305' title='bbox 1201 3055 1404 3109; x_wconf 87' lang='lat' dir='ltr'><strong>ventris</strong></span> <span class='ocrx_word' id='word_1_306' title='bbox 1441 3055 1732 3123; x_wconf 79' lang='lat' dir='ltr'><strong>ingluviem</strong></span> <span class='ocrx_word' id='word_1_307' title='bbox 1785 3053 2042 3108; x_wconf 88' lang='lat' dir='ltr'><strong>doctrina</strong></span> 
     </span>
    </p>
   </div>
   <div class='ocr_carea' id='block_1_51' title="bbox 471 3139 2040 3209">
    <p class='ocr_par' dir='ltr' id='par_1_51' title="bbox 471 3139 2040 3209">
     <span class='ocr_line' id='line_1_51' title="bbox 471 3139 2040 3209; baseline 0.004 -17"><span class='ocrx_word' id='word_1_308' title='bbox 471 3139 590 3209; x_wconf 85' lang='lat' dir='ltr'><strong>ejus</strong></span> <span class='ocrx_word' id='word_1_309' title='bbox 614 3144 983 3199; x_wconf 87' lang='lat' dir='ltr'><strong>convalescat.</strong></span> <span class='ocrx_word' id='word_1_310' title='bbox 1015 3164 1033 3196; x_wconf 76' lang='grc' dir='ltr'><strong>ι</strong></span> <span class='ocrx_word' id='word_1_311' title='bbox 1077 3145 1202 3200; x_wconf 66' lang='lat' dir='ltr'><strong>Haec</strong></span> <span class='ocrx_word' id='word_1_312' title='bbox 1234 3146 1322 3200; x_wconf 85' lang='lat' dir='ltr'><strong>ille</strong></span> <span class='ocrx_word' id='word_1_313' title='bbox 1349 3148 1415 3201; x_wconf 92' lang='lat' dir='ltr'><strong>de</strong></span> <span class='ocrx_word' id='word_1_314' title='bbox 1442 3147 1717 3202; x_wconf 81' lang='lat' dir='ltr'><strong>Montano.</strong></span> <span class='ocrx_word' id='word_1_315' title='bbox 1769 3146 1843 3200; x_wconf 92' lang='lat' dir='ltr'><strong>De</strong></span> <span class='ocrx_word' id='word_1_316' title='bbox 1887 3144 2040 3200; x_wconf 83' lang='lat' dir='ltr'><strong>Mon-</strong></span> 
     </span>
    </p>
   </div>
   <div class='ocr_carea' id='block_1_52' title="bbox 472 3233 2038 3307">
    <p class='ocr_par' dir='ltr' id='par_1_52' title="bbox 472 3233 2038 3307">
     <span class='ocr_line' id='line_1_52' title="bbox 472 3233 2038 3307; baseline 0.003 -22"><span class='ocrx_word' id='word_1_317' title='bbox 472 3233 586 3288; x_wconf 89' lang='lat' dir='ltr'><strong>tani</strong></span> <span class='ocrx_word' id='word_1_318' title='bbox 624 3250 752 3289; x_wconf 73' lang='lat' dir='ltr'><strong>vero</strong></span> <span class='ocrx_word' id='word_1_319' title='bbox 791 3237 1150 3306; x_wconf 85' lang='lat' dir='ltr'><strong>prephetissis</strong></span> <span class='ocrx_word' id='word_1_320' title='bbox 1187 3238 1469 3307; x_wconf 89' lang='lat' dir='ltr'><strong>aliquanto</strong></span> <span class='ocrx_word' id='word_1_321' title='bbox 1523 3248 1646 3307; x_wconf 87' lang='lat' dir='ltr'><strong>post</strong></span> <span class='ocrx_word' id='word_1_322' title='bbox 1693 3236 1933 3307; x_wconf 90' lang='lat' dir='ltr'><strong>loquitur</strong></span> <span class='ocrx_word' id='word_1_323' title='bbox 1984 3235 2038 3290; x_wconf 90' lang='lat' dir='ltr'><strong>in</strong></span> 
     </span>
    </p>
   </div>
   <div class='ocr_carea' id='block_1_53' title="bbox 472 3319 2042 3396">
    <p class='ocr_par' dir='ltr' id='par_1_53' title="bbox 472 3319 2042 3396">
     <span class='ocr_line' id='line_1_53' title="bbox 472 3319 2042 3396; baseline 0.003 -23"><span class='ocrx_word' id='word_1_324' title='bbox 472 3319 617 3376; x_wconf 86' lang='lat' dir='ltr'><strong>hunc</strong></span> <span class='ocrx_word' id='word_1_325' title='bbox 643 3321 858 3375; x_wconf 88' lang='lat' dir='ltr'><strong>modum</strong></span> <span class='ocrx_word' id='word_1_326' title='bbox 892 3343 905 3377; x_wconf 91' lang='lat'><strong>:</strong></span> <span class='ocrx_word' id='word_1_327' title='bbox 938 3323 1289 3380; x_wconf 89' lang='lat' dir='ltr'><strong>Ostendimus</strong></span> <span class='ocrx_word' id='word_1_328' title='bbox 1317 3327 1504 3395; x_wconf 70' lang='lat' dir='ltr'><strong>igitur,</strong></span> <span class='ocrx_word' id='word_1_329' title='bbox 1535 3327 1728 3396; x_wconf 88' lang='lat' dir='ltr'><strong>inquit,</strong></span> <span class='ocrx_word' id='word_1_330' title='bbox 1761 3328 1857 3380; x_wconf 89' lang='lat' dir='ltr'><strong>has</strong></span> <span class='ocrx_word' id='word_1_331' title='bbox 1892 3325 2042 3396; x_wconf 91' lang='lat' dir='ltr'><strong>prin-</strong></span> 
     </span>
    </p>
   </div>
   <div class='ocr_carea' id='block_1_54' title="bbox 473 3412 2038 3490">
    <p class='ocr_par' dir='ltr' id='par_1_54' title="bbox 473 3412 2038 3490">
     <span class='ocr_line' id='line_1_54' title="bbox 473 3412 2038 3490; baseline 0.002 -23"><span class='ocrx_word' id='word_1_332' title='bbox 473 3412 623 3482; x_wconf 90' lang='lat' dir='ltr'><strong>cipes</strong></span> <span class='ocrx_word' id='word_1_333' title='bbox 647 3413 1019 3483; x_wconf 81' lang='lat' dir='ltr'><strong>prophetissas</strong></span> <span class='ocrx_word' id='word_1_334' title='bbox 1049 3416 1210 3470; x_wconf 90' lang='lat' dir='ltr'><strong>simul</strong></span> <span class='ocrx_word' id='word_1_335' title='bbox 1251 3431 1314 3472; x_wconf 87' lang='lat' dir='ltr'><strong>ac</strong></span> <span class='ocrx_word' id='word_1_336' title='bbox 1366 3420 1556 3489; x_wconf 87' lang='lat' dir='ltr'><strong>spiritu</strong></span> <span class='ocrx_word' id='word_1_337' title='bbox 1611 3419 1846 3490; x_wconf 70' lang='lat' dir='ltr'><strong>impletae</strong></span> <span class='ocrx_word' id='word_1_338' title='bbox 1891 3427 2038 3485; x_wconf 89' lang='lat' dir='ltr'><strong>sunt,</strong></span> 
     </span>
    </p>
   </div>
   <div class='ocr_carea' id='block_1_55' title="bbox 468 3502 2039 3581">
    <p class='ocr_par' dir='ltr' id='par_1_55' title="bbox 468 3502 2039 3581">
     <span class='ocr_line' id='line_1_55' title="bbox 468 3502 2039 3581; baseline 0.005 -25"><span class='ocrx_word' id='word_1_339' title='bbox 468 3502 620 3558; x_wconf 86' lang='lat' dir='ltr'><strong>viros</strong></span> <span class='ocrx_word' id='word_1_340' title='bbox 649 3520 776 3558; x_wconf 90' lang='lat' dir='ltr'><strong>suos</strong></span> <span class='ocrx_word' id='word_1_341' title='bbox 805 3505 1094 3562; x_wconf 88' lang='lat' dir='ltr'><strong>dimisisse.</strong></span> <span class='ocrx_word' id='word_1_342' title='bbox 1127 3525 1144 3557; x_wconf 81' lang='grc' dir='ltr'><strong>ι</strong></span> <span class='ocrx_word' id='word_1_343' title='bbox 1171 3507 1514 3578; x_wconf 79' lang='lat' dir='ltr'><strong>Quanmpere</strong></span> <span class='ocrx_word' id='word_1_344' title='bbox 1535 3525 1666 3581; x_wconf 85' lang='lat' dir='ltr'><strong>ergo</strong></span> <span class='ocrx_word' id='word_1_345' title='bbox 1700 3509 2039 3566; x_wconf 86' lang='lat' dir='ltr'><strong>mentieban-</strong></span> 
     </span>
    </p>
   </div>
   <div class='ocr_carea' id='block_1_56' title="bbox 470 3583 2037 3668">
    <p class='ocr_par' dir='ltr' id='par_1_56' title="bbox 470 3583 2037 3668">
     <span class='ocr_line' id='line_1_56' title="bbox 470 3583 2037 3668; baseline 0.005 -22"><span class='ocrx_word' id='word_1_346' title='bbox 470 3603 561 3647; x_wconf 90' lang='lat' dir='ltr'><strong>tur</strong></span> <span class='ocrx_word' id='word_1_347' title='bbox 577 3594 666 3662; x_wconf 90' lang='lat' dir='ltr'><strong>qui</strong></span> <span class='ocrx_word' id='word_1_348' title='bbox 701 3593 946 3650; x_wconf 82' lang='lat' dir='ltr'><strong>Priseam</strong></span> <span class='ocrx_word' id='word_1_349' title='bbox 989 3583 1252 3668; x_wconf 81' lang='lat' dir='ltr'><strong>virginem</strong></span> <span class='ocrx_word' id='word_1_350' title='bbox 1285 3601 1592 3655; x_wconf 82' lang='lat' dir='ltr'><strong>vocabant?</strong></span> <span class='ocrx_word' id='word_1_351' title='bbox 1623 3619 1641 3653; x_wconf 75' lang='grc' dir='ltr'><strong>ι</strong></span> <span class='ocrx_word' id='word_1_352' title='bbox 1684 3601 1886 3656; x_wconf 84' lang='lat' dir='ltr'><strong>Deinde</strong></span> <span class='ocrx_word' id='word_1_353' title='bbox 1907 3599 2037 3654; x_wconf 86' lang='lat' dir='ltr'><strong>sub-</strong></span> 
     </span>
    </p>
   </div>
   <div class='ocr_carea' id='block_1_57' title="bbox 467 3684 2038 3763">
    <p class='ocr_par' dir='ltr' id='par_1_57' title="bbox 467 3684 2038 3763">
     <span class='ocr_line' id='line_1_57' title="bbox 467 3684 2038 3763; baseline 0.006 -25"><span class='ocrx_word' id='word_1_354' title='bbox 467 3684 648 3757; x_wconf 80' lang='lat' dir='ltr'><strong>jungit</strong></span> <span class='ocrx_word' id='word_1_355' title='bbox 703 3685 819 3742; x_wconf 65' lang='lat' dir='ltr'><strong>hinc</strong></span> <span class='ocrx_word' id='word_1_356' title='bbox 871 3687 1079 3744; x_wconf 88' lang='lat' dir='ltr'><strong>verba:</strong></span> <span class='ocrx_word' id='word_1_357' title='bbox 1117 3691 1277 3746; x_wconf 71' lang='lat' dir='ltr'><strong>«Non</strong></span> <span class='ocrx_word' id='word_1_358' title='bbox 1327 3693 1427 3748; x_wconf 91' lang='lat' dir='ltr'><strong>tibi</strong></span> <span class='ocrx_word' id='word_1_359' title='bbox 1482 3693 1702 3748; x_wconf 89' lang='lat' dir='ltr'><strong>videtur</strong></span> <span class='ocrx_word' id='word_1_360' title='bbox 1758 3691 2038 3763; x_wconf 88' lang='lat' dir='ltr'><strong>Scriptura</strong></span> 
     </span>
    </p>
   </div>
   <div class='ocr_carea' id='block_1_58' title="bbox 539 3926 2038 4005">
    <p class='ocr_par' dir='ltr' id='par_1_58' title="bbox 539 3926 2038 4005">
     <span class='ocr_line' id='line_1_58' title="bbox 539 3926 2038 4005; baseline 0.005 -24"><span class='ocrx_word' id='word_1_361' title='bbox 539 3926 653 3998; x_wconf 78' lang='lat' dir='ltr'><strong>(i3)</strong></span> <span class='ocrx_word' id='word_1_362' title='bbox 682 3931 1022 4005; x_wconf 59' lang='lat' dir='ltr'><strong>Koajuxoiig</strong></span> <span class='ocrx_word' id='word_1_363' title='bbox 1043 3931 1357 4002; x_wconf 78' lang='grc' dir='ltr'>ἄρχοντας.</span> <span class='ocrx_word' id='word_1_364' title='bbox 1388 3931 1747 4005; x_wconf 76' lang='lat' dir='ltr'><strong>Hieronymus</strong></span> <span class='ocrx_word' id='word_1_365' title='bbox 1779 3941 1834 3988; x_wconf 87' lang='lat' dir='ltr'><strong>et</strong></span> <span class='ocrx_word' id='word_1_366' title='bbox 1886 3931 2038 4005; x_wconf 75' lang='lat' dir='ltr'><strong>Rufi-</strong></span> 
     </span>
    </p>
   </div>
   <div class='ocr_carea' id='block_1_59' title="bbox 469 4003 2036 4072">
    <p class='ocr_par' dir='ltr' id='par_1_59' title="bbox 469 4003 2036 4072">
     <span class='ocr_line' id='line_1_59' title="bbox 469 4003 2036 4072; baseline 0.003 -21"><span class='ocrx_word' id='word_1_367' title='bbox 469 4011 593 4060; x_wconf 88' lang='lat' dir='ltr'><strong>nus,</strong></span> <span class='ocrx_word' id='word_1_368' title='bbox 621 4011 822 4072; x_wconf 78' lang='lat' dir='ltr'><strong>eosque</strong></span> <span class='ocrx_word' id='word_1_369' title='bbox 855 4003 1024 4072; x_wconf 70' lang='lat' dir='ltr'><strong>secuti</strong></span> <span class='ocrx_word' id='word_1_370' title='bbox 1059 4005 1237 4060; x_wconf 51' lang='lat' dir='ltr'><strong>exteri</strong></span> <span class='ocrx_word' id='word_1_371' title='bbox 1269 4003 1616 4072; x_wconf 72' lang='lat' dir='ltr'><strong>interpretes,</strong></span> <span class='ocrx_word' id='word_1_372' title='bbox 1661 4005 1774 4057; x_wconf 68' lang='lat' dir='ltr'><strong>hinc</strong></span> <span class='ocrx_word' id='word_1_373' title='bbox 1815 4005 1882 4058; x_wconf 88' lang='lat' dir='ltr'><strong>de</strong></span> <span class='ocrx_word' id='word_1_374' title='bbox 1931 4004 2036 4057; x_wconf 82' lang='lat' dir='ltr'><strong>im-</strong></span> 
     </span>
    </p>
   </div>
   <div class='ocr_carea' id='block_1_60' title="bbox 468 4069 2038 4191">
    <p class='ocr_par' dir='ltr' id='par_1_60' title="bbox 468 4069 2038 4191">
     <span class='ocr_line' id='line_1_60' title="bbox 468 4069 2038 4191; baseline 0.004 -71"><span class='ocrx_word' id='word_1_375' title='bbox 468 4069 814 4191; x_wconf 46' lang='lat' dir='ltr'><strong>Renum-ibus</strong></span> <span class='ocrx_word' id='word_1_376' title='bbox 867 4071 1128 4126; x_wconf 82' lang='lat' dir='ltr'><strong>Romanis</strong></span> <span class='ocrx_word' id='word_1_377' title='bbox 1189 4073 1296 4127; x_wconf 90' lang='lat' dir='ltr'><strong>dici</strong></span> <span class='ocrx_word' id='word_1_378' title='bbox 1361 4069 1782 4135; x_wconf 80' lang='lat' dir='ltr'><strong>existimarunt,</strong></span> <span class='ocrx_word' id='word_1_379' title='bbox 1842 4073 2038 4142; x_wconf 81' lang='lat' dir='ltr'><strong>quibus</strong></span> 
     </span>
     <span class='ocr_line' id='line_1_61' title="bbox 529 4137 2036 4191; baseline 0.001 -1"><span class='ocrx_word' id='word_1_380' title='bbox 529 4137 737 4191; x_wconf 87' lang='lat' dir='ltr'><strong>iltiades</strong></span> <span class='ocrx_word' id='word_1_381' title='bbox 762 4141 1152 4191; x_wconf 67' lang='lat' dir='ltr'><strong>Analoaeticum</strong></span> <span class='ocrx_word' id='word_1_382' title='bbox 1180 4156 1337 4191; x_wconf 87' lang='lat' dir='ltr'><strong>suum</strong></span> <span class='ocrx_word' id='word_1_383' title='bbox 1369 4141 1876 4191; x_wconf 77' lang='lat' dir='ltr'><strong>nuncunasset.Eim</strong></span> <span class='ocrx_word' id='word_1_384' title='bbox 1906 4159 2036 4191; x_wconf 72' lang='lat' dir='ltr'><strong>vero</strong></span> 
     </span>
    </p>
   </div>
   <div class='ocr_carea' id='block_1_61' title="bbox 529 4137 2036 4214">
    <p class='ocr_par' dir='ltr' id='par_1_61' title="bbox 529 4137 2036 4214">
     <span class='ocr_line' id='line_1_62' title="bbox 529 4137 2036 4214; baseline 0.005 -24"><span class='ocrx_word' id='word_1_385' title='bbox 529 4137 737 4193; x_wconf 87' lang='lat' dir='ltr'><strong>iltiades</strong></span> <span class='ocrx_word' id='word_1_386' title='bbox 762 4141 1165 4214; x_wconf 40' lang='lat' dir='ltr'><strong>Apri/ageticum</strong></span> <span class='ocrx_word' id='word_1_387' title='bbox 1180 4156 1337 4196; x_wconf 88' lang='lat' dir='ltr'><strong>suum</strong></span> <span class='ocrx_word' id='word_1_388' title='bbox 1369 4137 1876 4214; x_wconf 72' lang='lat' dir='ltr'><strong>nuncupasset.Ego</strong></span> <span class='ocrx_word' id='word_1_389' title='bbox 1906 4159 2036 4199; x_wconf 84' lang='lat' dir='ltr'><strong>vero</strong></span> 
     </span>
    </p>
   </div>
   <div class='ocr_carea' id='block_1_62' title="bbox 467 4212 2038 4282">
    <p class='ocr_par' dir='ltr' id='par_1_62' title="bbox 467 4212 2038 4282">
     <span class='ocr_line' id='line_1_63' title="bbox 467 4212 2038 4282; baseline 0.004 -21"><span class='ocrx_word' id='word_1_390' title='bbox 467 4221 588 4261; x_wconf 91' lang='lat' dir='ltr'><strong>cum</strong></span> <span class='ocrx_word' id='word_1_391' title='bbox 622 4223 686 4282; x_wconf 69' lang='grc' dir='ltr'><strong>ορ</strong></span> <span class='ocrx_word' id='word_1_392' title='bbox 719 4219 961 4279; x_wconf 85' lang='lat' dir='ltr'><strong>tempore</strong></span> <span class='ocrx_word' id='word_1_393' title='bbox 989 4227 1097 4265; x_wconf 92' lang='lat' dir='ltr'><strong>non</strong></span> <span class='ocrx_word' id='word_1_394' title='bbox 1119 4212 1339 4280; x_wconf 89' lang='lat' dir='ltr'><strong>plures;</strong></span> <span class='ocrx_word' id='word_1_395' title='bbox 1373 4213 1465 4268; x_wconf 84' lang='lat' dir='ltr'><strong>sed</strong></span> <span class='ocrx_word' id='word_1_396' title='bbox 1503 4228 1643 4268; x_wconf 91' lang='lat' dir='ltr'><strong>unus</strong></span> <span class='ocrx_word' id='word_1_397' title='bbox 1671 4212 1836 4268; x_wconf 79' lang='lat' dir='ltr'><strong>fuerit</strong></span> <span class='ocrx_word' id='word_1_398' title='bbox 1869 4215 2038 4282; x_wconf 89' lang='lat' dir='ltr'><strong>impe-</strong></span> 
     </span>
    </p>
   </div>
   <div class='ocr_carea' id='block_1_63' title="bbox 469 4277 2037 4353">
    <p class='ocr_par' dir='ltr' id='par_1_63' title="bbox 469 4277 2037 4353">
     <span class='ocr_line' id='line_1_64' title="bbox 469 4277 2037 4353; baseline 0.006 -24"><span class='ocrx_word' id='word_1_399' title='bbox 469 4288 618 4353; x_wconf 78' lang='lat' dir='ltr'><strong>rator</strong></span> <span class='ocrx_word' id='word_1_400' title='bbox 648 4277 947 4353; x_wconf 81' lang='lat' dir='ltr'><strong>Romanus.</strong></span> <span class='ocrx_word' id='word_1_401' title='bbox 979 4277 1608 4353; x_wconf 42' lang='lat' dir='ltr'><strong>Comittodns&#39;videlicet,</strong></span> <span class='ocrx_word' id='word_1_402' title='bbox 1645 4294 1886 4338; x_wconf 91' lang='lat' dir='ltr'><strong>rectores</strong></span> <span class='ocrx_word' id='word_1_403' title='bbox 1908 4277 2037 4353; x_wconf 77' lang='lat' dir='ltr'><strong>pro-</strong></span> 
     </span>
    </p>
   </div>
   <div class='ocr_carea' id='block_1_64' title="bbox 469 4347 2035 4425">
    <p class='ocr_par' dir='ltr' id='par_1_64' title="bbox 469 4347 2035 4425">
     <span class='ocr_line' id='line_1_65' title="bbox 469 4347 2035 4425; baseline 0.005 -26"><span class='ocrx_word' id='word_1_404' title='bbox 469 4347 768 4425; x_wconf 66' lang='lat' dir='ltr'><strong>vinciarum</strong></span> <span class='ocrx_word' id='word_1_405' title='bbox 822 4351 1007 4405; x_wconf 88' lang='lat' dir='ltr'><strong>malim</strong></span> <span class='ocrx_word' id='word_1_406' title='bbox 1040 4351 1386 4425; x_wconf 68' lang='lat' dir='ltr'><strong>intelligere.</strong></span> <span class='ocrx_word' id='word_1_407' title='bbox 1432 4351 1568 4406; x_wconf 84' lang='lat' dir='ltr'><strong>Nam</strong></span> <span class='ocrx_word' id='word_1_408' title='bbox 1622 4347 2035 4425; x_wconf 31' lang='lat' dir='ltr'><strong>vox‘dpxo&#39;vrsg</strong></span> 
     </span>
    </p>
   </div>
   <div class='ocr_carea' id='block_1_65' title="bbox 469 4414 2034 4491">
    <p class='ocr_par' dir='ltr' id='par_1_65' title="bbox 469 4414 2034 4491">
     <span class='ocr_line' id='line_1_66' title="bbox 469 4414 2034 4491; baseline 0.005 -21"><span class='ocrx_word' id='word_1_409' title='bbox 469 4414 580 4491; x_wconf 68' lang='lat' dir='ltr'><strong>fere</strong></span> <span class='ocrx_word' id='word_1_410' title='bbox 610 4435 824 4487; x_wconf 82' lang='lat' dir='ltr'><strong>semper</strong></span> <span class='ocrx_word' id='word_1_411' title='bbox 854 4422 1112 4491; x_wconf 60' lang='lat' dir='ltr'><strong>praesides</strong></span> <span class='ocrx_word' id='word_1_412' title='bbox 1144 4414 1545 4491; x_wconf 64' lang='lat' dir='ltr'><strong>provinciarum</strong></span> <span class='ocrx_word' id='word_1_413' title='bbox 1592 4414 1882 4489; x_wconf 46' lang='lat' dir='ltr'><strong>significat:</strong></span> <span class='ocrx_word' id='word_1_414' title='bbox 1940 4414 2034 4478; x_wconf 80' lang='lat' dir='ltr'><strong>His</strong></span> 
     </span>
    </p>
   </div>
   <div class='ocr_carea' id='block_1_66' title="bbox 469 4474 2107 4560">
    <p class='ocr_par' dir='ltr' id='par_1_66' title="bbox 469 4474 2107 4560">
     <span class='ocr_line' id='line_1_67' title="bbox 469 4474 2107 4560; baseline 0.003 -19"><span class='ocrx_word' id='word_1_415' title='bbox 469 4484 632 4560; x_wconf 51' lang='lat' dir='ltr'><strong>igitur</strong></span> <span class='ocrx_word' id='word_1_416' title='bbox 653 4474 1048 4560; x_wconf 49' lang='lat' dir='ltr'><strong>Apologiatieum</strong></span> <span class='ocrx_word' id='word_1_417' title='bbox 1099 4474 1255 4545; x_wconf 72' lang='lat' dir='ltr'><strong>StItttu</strong></span> <span class='ocrx_word' id='word_1_418' title='bbox 1279 4474 1520 4546; x_wconf 58' lang='lat' dir='ltr'><strong>dicavit</strong></span> <span class='ocrx_word' id='word_1_419' title='bbox 2065 4474 2107 4528; x_wconf 68' lang='grc' dir='ltr'>Β</span> 
     </span>
    </p>
   </div>
   <div class='ocr_carea' id='block_1_67' title="bbox 466 4555 2036 4631">
    <p class='ocr_par' dir='ltr' id='par_1_67' title="bbox 466 4555 2036 4631">
     <span class='ocr_line' id='line_1_68' title="bbox 466 4555 2036 4631; baseline 0.003 -18"><span class='ocrx_word' id='word_1_420' title='bbox 466 4555 844 4631; x_wconf 69' lang='lat' dir='ltr'><strong>Tertullianus</strong></span> <span class='ocrx_word' id='word_1_421' title='bbox 867 4572 1054 4630; x_wconf 86' lang='lat' dir='ltr'><strong>pestea</strong></span> <span class='ocrx_word' id='word_1_422' title='bbox 1087 4562 1232 4617; x_wconf 82' lang='lat' dir='ltr'><strong>fecit.</strong></span> <span class='ocrx_word' id='word_1_423' title='bbox 1265 4561 1400 4615; x_wconf 77' lang='lat' dir='ltr'><strong>Nam</strong></span> <span class='ocrx_word' id='word_1_424' title='bbox 1426 4562 1788 4631; x_wconf 83' lang='lat' dir='ltr'><strong>Apologeticus</strong></span> <span class='ocrx_word' id='word_1_425' title='bbox 1822 4555 2036 4631; x_wconf 82' lang='lat' dir='ltr'><strong>quidem</strong></span> 
     </span>
    </p>
   </div>
   <div class='ocr_carea' id='block_1_68' title="bbox 465 4628 2038 4701">
    <p class='ocr_par' dir='ltr' id='par_1_68' title="bbox 465 4628 2038 4701">
     <span class='ocr_line' id='line_1_69' title="bbox 465 4628 2038 4701; baseline 0.007 -22"><span class='ocrx_word' id='word_1_426' title='bbox 465 4628 580 4701; x_wconf 82' lang='lat' dir='ltr'><strong>ejus</strong></span> <span class='ocrx_word' id='word_1_427' title='bbox 605 4631 670 4683; x_wconf 92' lang='lat' dir='ltr'><strong>ad</strong></span> <span class='ocrx_word' id='word_1_428' title='bbox 699 4628 894 4686; x_wconf 77' lang='lat' dir='ltr'><strong>omnes</strong></span> <span class='ocrx_word' id='word_1_429' title='bbox 924 4631 1254 4698; x_wconf 80' lang='lat' dir='ltr'><strong>generaliter</strong></span> <span class='ocrx_word' id='word_1_430' title='bbox 1313 4628 1717 4701; x_wconf 72' lang='lat' dir='ltr'><strong>provinciarum</strong></span> <span class='ocrx_word' id='word_1_431' title='bbox 1778 4628 2038 4701; x_wconf 71' lang='lat' dir='ltr'><strong>praesides</strong></span> 
     </span>
    </p>
   </div>
   <div class='ocr_carea' id='block_1_69' title="bbox 463 4698 2039 4772">
    <p class='ocr_par' dir='ltr' id='par_1_69' title="bbox 463 4698 2039 4772">
     <span class='ocr_line' id='line_1_70' title="bbox 463 4698 2039 4772; baseline 0.004 -21"><span class='ocrx_word' id='word_1_432' title='bbox 463 4698 702 4772; x_wconf 72' lang='lat' dir='ltr'><strong>directus</strong></span> <span class='ocrx_word' id='word_1_433' title='bbox 720 4713 826 4772; x_wconf 79' lang='lat' dir='ltr'><strong>est.</strong></span> <span class='ocrx_word' id='word_1_434' title='bbox 863 4701 1184 4772; x_wconf 86' lang='lat' dir='ltr'><strong>Specialiter</strong></span> <span class='ocrx_word' id='word_1_435' title='bbox 1209 4698 1338 4772; x_wconf 67' lang='lat' dir='ltr'><strong>vero</strong></span> <span class='ocrx_word' id='word_1_436' title='bbox 1369 4702 1435 4772; x_wconf 82' lang='lat' dir='ltr'><strong>ad</strong></span> <span class='ocrx_word' id='word_1_437' title='bbox 1471 4698 2039 4772; x_wconf 38' lang='lat' dir='ltr'><strong>Scapulam,’procon-</strong></span> 
     </span>
    </p>
   </div>
   <div class='ocr_carea' id='block_1_70' title="bbox 463 4767 2037 4840">
    <p class='ocr_par' dir='ltr' id='par_1_70' title="bbox 463 4767 2037 4840">
     <span class='ocr_line' id='line_1_71' title="bbox 463 4767 2037 4840; baseline 0.006 -22"><span class='ocrx_word' id='word_1_438' title='bbox 463 4767 637 4840; x_wconf 69' lang='lat' dir='ltr'><strong>sulem</strong></span> <span class='ocrx_word' id='word_1_439' title='bbox 663 4769 884 4831; x_wconf 65' lang='lat' dir='ltr'><strong>Africae,</strong></span> <span class='ocrx_word' id='word_1_440' title='bbox 907 4767 1115 4824; x_wconf 79' lang='lat' dir='ltr'><strong>librum</strong></span> <span class='ocrx_word' id='word_1_441' title='bbox 1151 4785 1249 4840; x_wconf 87' lang='lat' dir='ltr'><strong>pro</strong></span> <span class='ocrx_word' id='word_1_442' title='bbox 1284 4767 1611 4827; x_wconf 77' lang='lat' dir='ltr'><strong>Christianis</strong></span> <span class='ocrx_word' id='word_1_443' title='bbox 1649 4774 1787 4826; x_wconf 85' lang='lat' dir='ltr'><strong>idem</strong></span> <span class='ocrx_word' id='word_1_444' title='bbox 1810 4767 2037 4828; x_wconf 51' lang='lat' dir='ltr'><strong>&#39;Tertul-</strong></span> 
     </span>
    </p>
   </div>
   <div class='ocr_carea' id='block_1_71' title="bbox 464 4835 2036 4897">
    <p class='ocr_par' dir='ltr' id='par_1_71' title="bbox 464 4835 2036 4897">
     <span class='ocr_line' id='line_1_72' title="bbox 464 4835 2036 4897; baseline 0.006 -9"><span class='ocrx_word' id='word_1_445' title='bbox 464 4835 642 4893; x_wconf 71' lang='lat' dir='ltr'><strong>lienus</strong></span> <span class='ocrx_word' id='word_1_446' title='bbox 666 4843 832 4895; x_wconf 87' lang='lat' dir='ltr'><strong>misit.</strong></span> <span class='ocrx_word' id='word_1_447' title='bbox 857 4840 1003 4895; x_wconf 84' lang='lat' dir='ltr'><strong>Pene</strong></span> <span class='ocrx_word' id='word_1_448' title='bbox 1051 4835 1344 4893; x_wconf 76' lang='lat' dir='ltr'><strong>omiserant</strong></span> <span class='ocrx_word' id='word_1_449' title='bbox 1392 4841 1535 4896; x_wconf 89' lang='lat' dir='ltr'><strong>hunc</strong></span> <span class='ocrx_word' id='word_1_450' title='bbox 1593 4841 1884 4896; x_wconf 83' lang='lat' dir='ltr'><strong>Miltiadem</strong></span> <span class='ocrx_word' id='word_1_451' title='bbox 1935 4845 2036 4897; x_wconf 86' lang='lat' dir='ltr'><strong>Ec-</strong></span> 
     </span>
    </p>
   </div>
   <div class='ocr_carea' id='block_1_72' title="bbox 465 4906 2036 5031">
    <p class='ocr_par' dir='ltr' id='par_1_72' title="bbox 465 4906 2036 5031">
     <span class='ocr_line' id='line_1_73' title="bbox 465 4906 2036 5031; baseline 0.005 -71"><span class='ocrx_word' id='word_1_452' title='bbox 465 4906 750 5031; x_wconf 53' lang='lat' dir='ltr'><strong>cLesiarum</strong></span> <span class='ocrx_word' id='word_1_453' title='bbox 788 4912 1091 4981; x_wconf 89' lang='lat' dir='ltr'><strong>sophistam</strong></span> <span class='ocrx_word' id='word_1_454' title='bbox 1127 4910 1309 4964; x_wconf 89' lang='lat' dir='ltr'><strong>vocari</strong></span> <span class='ocrx_word' id='word_1_455' title='bbox 1356 4927 1386 4965; x_wconf 90' lang='lat' dir='ltr'><strong>a</strong></span> <span class='ocrx_word' id='word_1_456' title='bbox 1451 4909 1808 4980; x_wconf 82' lang='lat' dir='ltr'><strong>Tertulliano,</strong></span> <span class='ocrx_word' id='word_1_457' title='bbox 1843 4914 1896 4967; x_wconf 92' lang='lat' dir='ltr'><strong>id</strong></span> <span class='ocrx_word' id='word_1_458' title='bbox 1923 4921 2036 4970; x_wconf 63' lang='lat' dir='ltr'><strong>eest</strong></span> 
     </span>
     <span class='ocr_line' id='line_1_74' title="bbox 465 4987 755 5031; baseline 0 0"><span class='ocrx_word' id='word_1_459' title='bbox 465 4991 492 5031; x_wconf 85' lang='lat' dir='ltr'><strong>r</strong></span> <span class='ocrx_word' id='word_1_460' title='bbox 534 4987 755 5031; x_wconf 88' lang='lat' dir='ltr'><strong>elorem.</strong></span> 
     </span>
    </p>
   </div>
   <div class='ocr_carea' id='block_1_73' title="bbox 463 4987 755 5034">
    <p class='ocr_par' dir='ltr' id='par_1_73' title="bbox 463 4987 755 5034">
     <span class='ocr_line' id='line_1_75' title="bbox 463 4987 755 5034; baseline 0.003 -3"><span class='ocrx_word' id='word_1_461' title='bbox 463 4987 755 5034; x_wconf 79' lang='lat' dir='ltr'><strong>rhetorem.</strong></span> 
     </span>
    </p>
   </div>
   <div class='ocr_carea' id='block_1_74' title="bbox 535 5049 2034 5122">
    <p class='ocr_par' dir='ltr' id='par_1_74' title="bbox 535 5049 2034 5122">
     <span class='ocr_line' id='line_1_76' title="bbox 535 5049 2034 5122; baseline 0.005 -22"><span class='ocrx_word' id='word_1_462' title='bbox 535 5049 647 5122; x_wconf 64' lang='grc' dir='ltr'>(ιι)</span> <span class='ocrx_word' id='word_1_463' title='bbox 690 5049 745 5102; x_wconf 88' lang='lat'><strong>&#39;0</strong></span> <span class='ocrx_word' id='word_1_464' title='bbox 773 5049 1064 5122; x_wconf 73' lang='grc' dir='ltr'>νηστείας</span> <span class='ocrx_word' id='word_1_465' title='bbox 1087 5050 1517 5119; x_wconf 79' lang='grc' dir='ltr'>νομοθετήσας.</span> <span class='ocrx_word' id='word_1_466' title='bbox 1574 5051 1711 5122; x_wconf 79' lang='lat' dir='ltr'><strong>Tres</strong></span> <span class='ocrx_word' id='word_1_467' title='bbox 1744 5054 2034 5122; x_wconf 89' lang='lat' dir='ltr'><strong>quotannis</strong></span> 
     </span>
    </p>
   </div>
   <div class='ocr_carea' id='block_1_75' title="bbox 463 5119 2031 5193">
    <p class='ocr_par' dir='ltr' id='par_1_75' title="bbox 463 5119 2031 5193">
     <span class='ocr_line' id='line_1_77' title="bbox 463 5119 2031 5193; baseline 0.005 -24"><span class='ocrx_word' id='word_1_468' title='bbox 463 5119 932 5193; x_wconf 73' lang='lat' dir='ltr'><strong>quadragesimas,</strong></span> <span class='ocrx_word' id='word_1_469' title='bbox 966 5135 1029 5173; x_wconf 86' lang='lat' dir='ltr'><strong>ac</strong></span> <span class='ocrx_word' id='word_1_470' title='bbox 1059 5131 1319 5193; x_wconf 73' lang='lat' dir='ltr'><strong>praeterea</strong></span> <span class='ocrx_word' id='word_1_471' title='bbox 1371 5124 1506 5177; x_wconf 88' lang='lat' dir='ltr'><strong>duas</strong></span> <span class='ocrx_word' id='word_1_472' title='bbox 1566 5119 2031 5193; x_wconf 49' lang='lat' dir='ltr'><strong>Xeropl&#39;tagiarum</strong></span> 
     </span>
    </p>
   </div>
   <div class='ocr_carea' id='block_1_76' title="bbox 465 5188 2034 5262">
    <p class='ocr_par' dir='ltr' id='par_1_76' title="bbox 465 5188 2034 5262">
     <span class='ocr_line' id='line_1_78' title="bbox 465 5188 2034 5262; baseline 0.003 -21"><span class='ocrx_word' id='word_1_473' title='bbox 465 5188 838 5262; x_wconf 78' lang='lat' dir='ltr'><strong>hebdomadas</strong></span> <span class='ocrx_word' id='word_1_474' title='bbox 864 5188 1154 5262; x_wconf 80' lang='lat' dir='ltr'><strong>Montanu_s</strong></span> <span class='ocrx_word' id='word_1_475' title='bbox 1183 5190 1511 5262; x_wconf 82' lang='lat' dir='ltr'><strong>instituerat.</strong></span> <span class='ocrx_word' id='word_1_476' title='bbox 1547 5193 1624 5246; x_wconf 88' lang='lat' dir='ltr'><strong>Ac</strong></span> <span class='ocrx_word' id='word_1_477' title='bbox 1651 5188 1729 5246; x_wconf 61' lang='lat' dir='ltr'><strong>de&#39;</strong></span> <span class='ocrx_word' id='word_1_478' title='bbox 1760 5188 2034 5262; x_wconf 57' lang='lat' dir='ltr'><strong>Xe&#39;ropha-</strong></span> 
     </span>
    </p>
   </div>
   <div class='ocr_carea' id='block_1_77' title="bbox 463 5258 2025 5331">
    <p class='ocr_par' dir='ltr' id='par_1_77' title="bbox 463 5258 2025 5331">
     <span class='ocr_line' id='line_1_79' title="bbox 463 5258 2025 5331; baseline 0.004 -21"><span class='ocrx_word' id='word_1_479' title='bbox 463 5258 568 5331; x_wconf 82' lang='lat' dir='ltr'><strong>giis</strong></span> <span class='ocrx_word' id='word_1_480' title='bbox 591 5260 808 5331; x_wconf 82' lang='lat' dir='ltr'><strong>quidem</strong></span> <span class='ocrx_word' id='word_1_481' title='bbox 839 5269 1070 5313; x_wconf 91' lang='lat' dir='ltr'><strong>testatur</strong></span> <span class='ocrx_word' id='word_1_482' title='bbox 1096 5259 1463 5331; x_wconf 82' lang='lat' dir='ltr'><strong>Tertullianus</strong></span> <span class='ocrx_word' id='word_1_483' title='bbox 1489 5263 1542 5317; x_wconf 93' lang='lat' dir='ltr'><strong>in</strong></span> <span class='ocrx_word' id='word_1_484' title='bbox 1574 5263 1711 5316; x_wconf 92' lang='lat' dir='ltr'><strong>libro</strong></span> <span class='ocrx_word' id='word_1_485' title='bbox 1765 5263 1838 5316; x_wconf 86' lang='lat' dir='ltr'><strong>De</strong></span> <span class='ocrx_word' id='word_1_486' title='bbox 1879 5258 2025 5331; x_wconf 72' lang='lat' dir='ltr'><strong>jeju-</strong></span> 
     </span>
    </p>
   </div>
   <div class='ocr_carea' id='block_1_78' title="bbox 465 5329 2029 5400">
    <p class='ocr_par' dir='ltr' id='par_1_78' title="bbox 465 5329 2029 5400">
     <span class='ocr_line' id='line_1_80' title="bbox 465 5329 2029 5400; baseline 0.004 -20"><span class='ocrx_word' id='word_1_487' title='bbox 465 5329 586 5383; x_wconf 79' lang='lat' dir='ltr'><strong>niis.</strong></span> <span class='ocrx_word' id='word_1_488' title='bbox 622 5329 696 5383; x_wconf 88' lang='lat' dir='ltr'><strong>De</strong></span> <span class='ocrx_word' id='word_1_489' title='bbox 727 5330 900 5384; x_wconf 89' lang='lat' dir='ltr'><strong>tribus</strong></span> <span class='ocrx_word' id='word_1_490' title='bbox 928 5343 1055 5383; x_wconf 83' lang='lat' dir='ltr'><strong>vero</strong></span> <span class='ocrx_word' id='word_1_491' title='bbox 1077 5329 1507 5400; x_wconf 81' lang='lat' dir='ltr'><strong>quadragesimis</strong></span> <span class='ocrx_word' id='word_1_492' title='bbox 1530 5333 1686 5387; x_wconf 88' lang='lat' dir='ltr'><strong>testis</strong></span> <span class='ocrx_word' id='word_1_493' title='bbox 1719 5343 1802 5387; x_wconf 89' lang='lat' dir='ltr'><strong>est</strong></span> <span class='ocrx_word' id='word_1_494' title='bbox 1838 5329 2029 5387; x_wconf 25' lang='lat' dir='ltr'><strong>l&#39;lie’ro-</strong></span> 
     </span>
    </p>
   </div>
   <div class='ocr_carea' id='block_1_79' title="bbox 463 5400 2029 5468">
    <p class='ocr_par' dir='ltr' id='par_1_79' title="bbox 463 5400 2029 5468">
     <span class='ocr_line' id='line_1_81' title="bbox 463 5400 2029 5468; baseline 0.001 -16"><span class='ocrx_word' id='word_1_495' title='bbox 463 5413 681 5468; x_wconf 81' lang='lat' dir='ltr'><strong>nytnns,</strong></span> <span class='ocrx_word' id='word_1_496' title='bbox 716 5409 828 5452; x_wconf 91' lang='lat' dir='ltr'><strong>tum</strong></span> <span class='ocrx_word' id='word_1_497' title='bbox 867 5401 918 5452; x_wconf 91' lang='lat' dir='ltr'><strong>in</strong></span> <span class='ocrx_word' id='word_1_498' title='bbox 950 5400 1179 5467; x_wconf 87' lang='lat' dir='ltr'><strong>epistola</strong></span> <span class='ocrx_word' id='word_1_499' title='bbox 1201 5401 1265 5454; x_wconf 86' lang='lat' dir='ltr'><strong>ad</strong></span> <span class='ocrx_word' id='word_1_500' title='bbox 1299 5400 1629 5465; x_wconf 82' lang='lat' dir='ltr'><strong>Marcellam,</strong></span> <span class='ocrx_word' id='word_1_501' title='bbox 1651 5411 1759 5461; x_wconf 88' lang='lat' dir='ltr'><strong>tum</strong></span> <span class='ocrx_word' id='word_1_502' title='bbox 1789 5403 1840 5455; x_wconf 92' lang='lat' dir='ltr'><strong>in</strong></span> <span class='ocrx_word' id='word_1_503' title='bbox 1872 5401 2029 5456; x_wconf 86' lang='lat' dir='ltr'><strong>Com-</strong></span> 
     </span>
    </p>
   </div>
   <div class='ocr_carea' id='block_1_80' title="bbox 463 5468 2029 5539">
    <p class='ocr_par' dir='ltr' id='par_1_80' title="bbox 463 5468 2029 5539">
     <span class='ocr_line' id='line_1_82' title="bbox 463 5468 2029 5539; baseline 0.004 -21"><span class='ocrx_word' id='word_1_504' title='bbox 463 5468 735 5539; x_wconf 77' lang='lat' dir='ltr'><strong>mentariis</strong></span> <span class='ocrx_word' id='word_1_505' title='bbox 757 5471 822 5522; x_wconf 89' lang='lat' dir='ltr'><strong>ad</strong></span> <span class='ocrx_word' id='word_1_506' title='bbox 849 5479 1008 5538; x_wconf 90' lang='lat' dir='ltr'><strong>caput</strong></span> <span class='ocrx_word' id='word_1_507' title='bbox 1041 5485 1060 5523; x_wconf 82' lang='grc' dir='ltr'><strong>ι</strong></span> <span class='ocrx_word' id='word_1_508' title='bbox 1087 5471 1288 5539; x_wconf 77' lang='lat' dir='ltr'><strong>Aggtei,</strong></span> <span class='ocrx_word' id='word_1_509' title='bbox 1309 5474 1379 5524; x_wconf 89' lang='lat' dir='ltr'><strong>ita</strong></span> <span class='ocrx_word' id='word_1_510' title='bbox 1407 5473 1649 5526; x_wconf 83' lang='lat' dir='ltr'><strong>scribens</strong></span> <span class='ocrx_word' id='word_1_511' title='bbox 1678 5487 1691 5522; x_wconf 91' lang='lat'><strong>:</strong></span> <span class='ocrx_word' id='word_1_512' title='bbox 1721 5469 1791 5524; x_wconf 86' lang='lat' dir='ltr'><strong>Et</strong></span> <span class='ocrx_word' id='word_1_513' title='bbox 1827 5487 2029 5524; x_wconf 81' lang='lat' dir='ltr'><strong>omnem</strong></span> 
     </span>
    </p>
   </div>
   <div class='ocr_carea' id='block_1_81' title="bbox 463 5535 2029 5609">
    <p class='ocr_par' dir='ltr' id='par_1_81' title="bbox 463 5535 2029 5609">
     <span class='ocr_line' id='line_1_83' title="bbox 463 5535 2029 5609; baseline 0.004 -22"><span class='ocrx_word' id='word_1_514' title='bbox 463 5535 693 5609; x_wconf 81' lang='lat' dir='ltr'><strong>laborem</strong></span> <span class='ocrx_word' id='word_1_515' title='bbox 722 5535 992 5609; x_wconf 79' lang='lat' dir='ltr'><strong>manuum.</strong></span> <span class='ocrx_word' id='word_1_516' title='bbox 1016 5535 1335 5607; x_wconf 66' lang='lat' dir='ltr'><strong>accipiamus</strong></span> <span class='ocrx_word' id='word_1_517' title='bbox 1350 5540 1556 5609; x_wconf 84' lang='lat' dir='ltr'><strong>jejunio</strong></span> <span class='ocrx_word' id='word_1_518' title='bbox 1577 5556 1755 5592; x_wconf 85' lang='lat' dir='ltr'><strong>eorum</strong></span> <span class='ocrx_word' id='word_1_519' title='bbox 1778 5551 1824 5593; x_wconf 84' lang='lat' dir='ltr'><strong>et</strong></span> <span class='ocrx_word' id='word_1_520' title='bbox 1854 5541 2029 5593; x_wconf 86' lang='lat' dir='ltr'><strong>obser-</strong></span> 
     </span>
    </p>
   </div>
   <div class='ocr_carea' id='block_1_82' title="bbox 462 5606 2023 5679">
    <p class='ocr_par' dir='ltr' id='par_1_82' title="bbox 462 5606 2023 5679">
     <span class='ocr_line' id='line_1_84' title="bbox 462 5606 2023 5679; baseline 0.003 -20"><span class='ocrx_word' id='word_1_521' title='bbox 462 5606 696 5679; x_wconf 78' lang='lat' dir='ltr'><strong>vationes</strong></span> <span class='ocrx_word' id='word_1_522' title='bbox 729 5607 926 5679; x_wconf 72' lang='lat' dir='ltr'><strong>varias,</strong></span> <span class='ocrx_word' id='word_1_523' title='bbox 953 5617 1002 5660; x_wconf 93' lang='lat' dir='ltr'><strong>et</strong></span> <span class='ocrx_word' id='word_1_524' title='bbox 1058 5606 1472 5679; x_wconf 43' lang='grc' dir='ltr'>χαμευνίαςᾟὶά</span> <span class='ocrx_word' id='word_1_525' title='bbox 1519 5616 1618 5672; x_wconf 87' lang='lat' dir='ltr'><strong>est,</strong></span> <span class='ocrx_word' id='word_1_526' title='bbox 1679 5610 2023 5663; x_wconf 82' lang='lat' dir='ltr'><strong>humidormi-</strong></span> 
     </span>
    </p>
   </div>
   <div class='ocr_carea' id='block_1_83' title="bbox 464 5675 2023 5748">
    <p class='ocr_par' dir='ltr' id='par_1_83' title="bbox 464 5675 2023 5748">
     <span class='ocr_line' id='line_1_85' title="bbox 464 5675 2023 5748; baseline 0.003 -21"><span class='ocrx_word' id='word_1_527' title='bbox 464 5675 630 5728; x_wconf 81' lang='lat' dir='ltr'><strong>tiones</strong></span> <span class='ocrx_word' id='word_1_528' title='bbox 674 5695 694 5733; x_wconf 91' lang='lat'><strong><em>:</em></strong></span> <span class='ocrx_word' id='word_1_529' title='bbox 729 5678 830 5748; x_wconf 54' lang='lat' dir='ltr'><strong>qui:</strong></span> <span class='ocrx_word' id='word_1_530' title='bbox 856 5678 1024 5730; x_wconf 86' lang='lat' dir='ltr'><strong>tribus</strong></span> <span class='ocrx_word' id='word_1_531' title='bbox 1058 5675 1478 5746; x_wconf 72' lang='lat' dir='ltr'><strong>quadragesimis</strong></span> <span class='ocrx_word' id='word_1_532' title='bbox 1515 5693 1608 5747; x_wconf 81' lang='lat' dir='ltr'><strong>per</strong></span> <span class='ocrx_word' id='word_1_533' title='bbox 1645 5694 1841 5731; x_wconf 86' lang='lat' dir='ltr'><strong>annum</strong></span> <span class='ocrx_word' id='word_1_534' title='bbox 1871 5679 2023 5748; x_wconf 79' lang='lat' dir='ltr'><strong>jeju-</strong></span> 
     </span>
    </p>
   </div>
   <div class='ocr_carea' id='block_1_84' title="bbox 466 5744 2019 5816">
    <p class='ocr_par' dir='ltr' id='par_1_84' title="bbox 466 5744 2019 5816">
     <span class='ocr_line' id='line_1_86' title="bbox 466 5744 2019 5816; baseline 0.005 -20"><span class='ocrx_word' id='word_1_535' title='bbox 466 5753 669 5810; x_wconf 74' lang='lat' dir='ltr'><strong>nantes,</strong></span> <span class='ocrx_word' id='word_1_536' title='bbox 706 5744 754 5802; x_wconf 76' lang='lat' dir='ltr'><strong>et</strong></span> <span class='ocrx_word' id='word_1_537' title='bbox 805 5744 1161 5816; x_wconf 78' lang='grc' dir='ltr'>ξηροφαγίαις</span> <span class='ocrx_word' id='word_1_538' title='bbox 1203 5744 1536 5802; x_wconf 67' lang='lat' dir='ltr'><strong>numinum</strong></span> <span class='ocrx_word' id='word_1_539' title='bbox 1587 5748 1815 5802; x_wconf 86' lang='lat' dir='ltr'><strong>animam</strong></span> <span class='ocrx_word' id='word_1_540' title='bbox 1851 5744 2019 5813; x_wconf 68' lang='lat' dir='ltr'><strong>suam,</strong></span> 
     </span>
    </p>
   </div>
   <div class='ocr_carea' id='block_1_85' title="bbox 2157 2217 3722 2291">
    <p class='ocr_par' dir='ltr' id='par_1_85' title="bbox 2157 2217 3722 2291">
     <span class='ocr_line' id='line_1_87' title="bbox 2157 2217 3722 2291; baseline -0.002 -18"><span class='ocrx_word' id='word_1_541' title='bbox 2157 2238 2288 2291; x_wconf 87' lang='grc' dir='ltr'>μασι</span> <span class='ocrx_word' id='word_1_542' title='bbox 2330 2219 2458 2289; x_wconf 76' lang='grc' dir='ltr'>περὶ</span> <span class='ocrx_word' id='word_1_543' title='bbox 2508 2219 2600 2273; x_wconf 77' lang='grc' dir='ltr'><strong>τοῦ</strong></span> <span class='ocrx_word' id='word_1_544' title='bbox 2653 2218 2930 2273; x_wconf 83' lang='grc' dir='ltr'>Μοντανοῦ</span> <span class='ocrx_word' id='word_1_545' title='bbox 2992 2219 3162 2272; x_wconf 78' lang='grc' dir='ltr'>ταῦτα</span> <span class='ocrx_word' id='word_1_546' title='bbox 3217 2219 3466 2286; x_wconf 75' lang='grc' dir='ltr'>λέγοντος</span> <span class='ocrx_word' id='word_1_547' title='bbox 3527 2217 3722 2271; x_wconf 73' lang='grc' dir='ltr'>ἄκουε’</span> 
     </span>
    </p>
   </div>
   <div class='ocr_carea' id='block_1_86' title="bbox 2158 2305 3725 2382">
    <p class='ocr_par' dir='ltr' id='par_1_86' title="bbox 2158 2305 3725 2382">
     <span class='ocr_line' id='line_1_88' title="bbox 2158 2305 3725 2382; baseline 0 -19"><span class='ocrx_word' id='word_1_548' title='bbox 2158 2330 2176 2363; x_wconf 75' lang='grc' dir='ltr'><strong>ι</strong></span> <span class='ocrx_word' id='word_1_549' title='bbox 2221 2311 2378 2364; x_wconf 82' lang='grc' dir='ltr'>Ἀλλὰ</span> <span class='ocrx_word' id='word_1_550' title='bbox 2410 2309 2492 2374; x_wconf 85' lang='grc' dir='ltr'><strong>τίς</strong></span> <span class='ocrx_word' id='word_1_551' title='bbox 2515 2311 2658 2364; x_wconf 80' lang='grc' dir='ltr'>ἐστιν</span> <span class='ocrx_word' id='word_1_552' title='bbox 2685 2305 2838 2374; x_wconf 74' lang='grc' dir='ltr'>οὗτος</span> <span class='ocrx_word' id='word_1_553' title='bbox 2863 2313 2892 2364; x_wconf 86' lang='grc' dir='ltr'>ὁ</span> <span class='ocrx_word' id='word_1_554' title='bbox 2925 2310 3230 2382; x_wconf 78' lang='grc' dir='ltr'>πρόσφατος</span> <span class='ocrx_word' id='word_1_555' title='bbox 3271 2309 3594 2372; x_wconf 78' lang='grc' dir='ltr'>διδάσκαλος</span> <span class='ocrx_word' id='word_1_556' title='bbox 3613 2347 3628 2372; x_wconf 95' lang='grc'><strong>,</strong></span> <span class='ocrx_word' id='word_1_557' title='bbox 3663 2310 3725 2363; x_wconf 74' lang='grc' dir='ltr'><strong>τὰ</strong></span> 
     </span>
    </p>
   </div>
   <div class='ocr_carea' id='block_1_87' title="bbox 2151 2396 3724 2474">
    <p class='ocr_par' dir='ltr' id='par_1_87' title="bbox 2151 2396 3724 2474">
     <span class='ocr_line' id='line_1_89' title="bbox 2151 2396 3724 2474; baseline -0.001 -18"><span class='ocrx_word' id='word_1_558' title='bbox 2151 2402 2286 2474; x_wconf 78' lang='grc' dir='ltr'>ἔργα</span> <span class='ocrx_word' id='word_1_559' title='bbox 2314 2403 2475 2457; x_wconf 75' lang='grc' dir='ltr'>αὑτοῦ</span> <span class='ocrx_word' id='word_1_560' title='bbox 2509 2405 2604 2457; x_wconf 70' lang='grc' dir='ltr'>καὶ</span> <span class='ocrx_word' id='word_1_561' title='bbox 2633 2405 2666 2474; x_wconf 81' lang='grc' dir='ltr'><strong>ἡ</strong></span> <span class='ocrx_word' id='word_1_562' title='bbox 2696 2401 3011 2456; x_wconf 87' lang='grc' dir='ltr'>διδασκαλία</span> <span class='ocrx_word' id='word_1_563' title='bbox 3035 2401 3324 2456; x_wconf 83' lang='grc' dir='ltr'>δείκνυσιν.</span> <span class='ocrx_word' id='word_1_564' title='bbox 3359 2396 3533 2465; x_wconf 75' lang='grc' dir='ltr'>Οὗτός</span> <span class='ocrx_word' id='word_1_565' title='bbox 3582 2403 3724 2455; x_wconf 63' lang='grc' dir='ltr'>ὲσαν</span> 
     </span>
    </p>
   </div>
   <div class='ocr_carea' id='block_1_88' title="bbox 2149 2491 3724 2566">
    <p class='ocr_par' dir='ltr' id='par_1_88' title="bbox 2149 2491 3724 2566">
     <span class='ocr_line' id='line_1_90' title="bbox 2149 2491 3724 2566; baseline -0.001 -17"><span class='ocrx_word' id='word_1_566' title='bbox 2149 2497 2178 2549; x_wconf 72' lang='grc' dir='ltr'><strong>ὁ</strong></span> <span class='ocrx_word' id='word_1_567' title='bbox 2225 2495 2444 2562; x_wconf 78' lang='grc' dir='ltr'>διδάξας</span> <span class='ocrx_word' id='word_1_568' title='bbox 2505 2495 2684 2558; x_wconf 81' lang='grc' dir='ltr'>λύσεις</span> <span class='ocrx_word' id='word_1_569' title='bbox 2729 2494 2940 2565; x_wconf 85' lang='grc' dir='ltr'>γάμων,</span> <span class='ocrx_word' id='word_1_570' title='bbox 2991 2496 3019 2547; x_wconf 84' lang='grc' dir='ltr'>ὁ</span> <span class='ocrx_word' id='word_1_571' title='bbox 3061 2494 3311 2566; x_wconf 83' lang='grc' dir='ltr'>νηστείας</span> <span class='ocrx_word' id='word_1_572' title='bbox 3359 2491 3724 2565; x_wconf 70' lang='grc' dir='ltr'>νομοθετήσας</span> 
     </span>
    </p>
   </div>
   <div class='ocr_carea' id='block_1_89' title="bbox 2151 2584 3724 2659">
    <p class='ocr_par' dir='ltr' id='par_1_89' title="bbox 2151 2584 3724 2659">
     <span class='ocr_line' id='line_1_91' title="bbox 2151 2584 3724 2659; baseline -0.003 -17"><span class='ocrx_word' id='word_1_573' title='bbox 2151 2587 2286 2659; x_wconf 77' lang='grc'>(14),</span> <span class='ocrx_word' id='word_1_574' title='bbox 2313 2591 2341 2642; x_wconf 84' lang='grc' dir='ltr'>ὁ</span> <span class='ocrx_word' id='word_1_575' title='bbox 2374 2586 2655 2651; x_wconf 79' lang='grc' dir='ltr'>Πέπουζαν</span> <span class='ocrx_word' id='word_1_576' title='bbox 2694 2587 2787 2640; x_wconf 69' lang='grc' dir='ltr'>καὶ</span> <span class='ocrx_word' id='word_1_577' title='bbox 2823 2586 3027 2657; x_wconf 88' lang='grc' dir='ltr'>Τύμιον</span> <span class='ocrx_word' id='word_1_578' title='bbox 3062 2584 3416 2657; x_wconf 85' lang='grc' dir='ltr'>Ἰερουσαλὴμ</span> <span class='ocrx_word' id='word_1_579' title='bbox 3450 2585 3724 2656; x_wconf 83' lang='grc' dir='ltr'>ὀνομάσας</span> 
     </span>
    </p>
   </div>
   <div class='ocr_carea' id='block_1_90' title="bbox 2149 2670 3724 2751">
    <p class='ocr_par' dir='ltr' id='par_1_90' title="bbox 2149 2670 3724 2751">
     <span class='ocr_line' id='line_1_92' title="bbox 2149 2670 3724 2751; baseline -0.003 -17"><span class='ocrx_word' id='word_1_580' title='bbox 2149 2681 2354 2751; x_wconf 84' lang='grc' dir='ltr'>(πόλεις</span> <span class='ocrx_word' id='word_1_581' title='bbox 2391 2678 2447 2732; x_wconf 78' lang='grc' dir='ltr'><strong>δέ</strong></span> <span class='ocrx_word' id='word_1_582' title='bbox 2491 2680 2628 2732; x_wconf 84' lang='grc' dir='ltr'>εἰσιν</span> <span class='ocrx_word' id='word_1_583' title='bbox 2679 2670 2838 2732; x_wconf 73' lang='grc' dir='ltr'>αὗται</span> <span class='ocrx_word' id='word_1_584' title='bbox 2887 2679 3078 2749; x_wconf 75' lang='grc' dir='ltr'>μικραὶ</span> <span class='ocrx_word' id='word_1_585' title='bbox 3124 2677 3224 2748; x_wconf 85' lang='grc' dir='ltr'>τῆς</span> <span class='ocrx_word' id='word_1_586' title='bbox 3269 2677 3566 2749; x_wconf 83' lang='grc' dir='ltr'>Φρυγίας),</span> <span class='ocrx_word' id='word_1_587' title='bbox 3603 2678 3724 2740; x_wconf 78' lang='grc' dir='ltr'>τοὺς</span> 
     </span>
    </p>
   </div>
   <div class='ocr_carea' id='block_1_91' title="bbox 2148 2772 3723 2844">
    <p class='ocr_par' dir='ltr' id='par_1_91' title="bbox 2148 2772 3723 2844">
     <span class='ocr_line' id='line_1_93' title="bbox 2148 2772 3723 2844; baseline -0.003 -16"><span class='ocrx_word' id='word_1_588' title='bbox 2148 2773 2484 2844; x_wconf 82' lang='grc' dir='ltr'>πανταχόθεν</span> <span class='ocrx_word' id='word_1_589' title='bbox 2523 2774 2640 2827; x_wconf 81' lang='grc' dir='ltr'>ἐκεῖ</span> <span class='ocrx_word' id='word_1_590' title='bbox 2689 2775 3011 2842; x_wconf 80' lang='grc' dir='ltr'>συναγαγεῖν</span> <span class='ocrx_word' id='word_1_591' title='bbox 3059 2773 3293 2833; x_wconf 81' lang='grc' dir='ltr'>ἐθέλων,</span> <span class='ocrx_word' id='word_1_592' title='bbox 3325 2773 3354 2826; x_wconf 83' lang='grc' dir='ltr'>ὁ</span> <span class='ocrx_word' id='word_1_593' title='bbox 3396 2772 3723 2844; x_wconf 63' lang='grc' dir='ltr'>πμκτῆρας</span> 
     </span>
    </p>
   </div>
   <div class='ocr_carea' id='block_1_92' title="bbox 2145 2865 3722 2940">
    <p class='ocr_par' dir='ltr' id='par_1_92' title="bbox 2145 2865 3722 2940">
     <span class='ocr_line' id='line_1_94' title="bbox 2145 2865 3722 2940; baseline -0.004 -16"><span class='ocrx_word' id='word_1_594' title='bbox 2145 2868 2443 2940; x_wconf 85' lang='grc' dir='ltr'>χρημάτων</span> <span class='ocrx_word' id='word_1_595' title='bbox 2488 2867 2830 2938; x_wconf 87' lang='grc' dir='ltr'>καταστήσας</span> <span class='ocrx_word' id='word_1_596' title='bbox 2853 2905 2868 2928; x_wconf 90' lang='grc'><strong>,</strong></span> <span class='ocrx_word' id='word_1_597' title='bbox 2919 2869 2947 2920; x_wconf 83' lang='grc' dir='ltr'><strong>ὁ</strong></span> <span class='ocrx_word' id='word_1_598' title='bbox 2994 2868 3078 2919; x_wconf 75' lang='grc' dir='ltr'><strong>ἐπ’</strong></span> <span class='ocrx_word' id='word_1_599' title='bbox 3123 2865 3345 2937; x_wconf 77' lang='grc' dir='ltr'>ὀνόματι</span> <span class='ocrx_word' id='word_1_600' title='bbox 3393 2866 3722 2938; x_wconf 82' lang='grc' dir='ltr'>προσφορῶν</span> 
     </span>
    </p>
   </div>
   <div class='ocr_carea' id='block_1_93' title="bbox 2145 2955 3723 3032">
    <p class='ocr_par' dir='ltr' id='par_1_93' title="bbox 2145 2955 3723 3032">
     <span class='ocr_line' id='line_1_95' title="bbox 2145 2955 3723 3032; baseline -0.004 -18"><span class='ocrx_word' id='word_1_601' title='bbox 2145 2961 2243 3031; x_wconf 82' lang='grc' dir='ltr'>τὴν</span> <span class='ocrx_word' id='word_1_602' title='bbox 2276 2958 2615 3032; x_wconf 73' lang='grc' dir='ltr'>δωροληψίαν</span> <span class='ocrx_word' id='word_1_603' title='bbox 2656 2957 3112 3027; x_wconf 71' lang='grc' dir='ltr'>ἐπιτεχνώμενος,</span> <span class='ocrx_word' id='word_1_604' title='bbox 3155 2958 3185 3010; x_wconf 82' lang='grc' dir='ltr'><strong>ὀ</strong></span> <span class='ocrx_word' id='word_1_605' title='bbox 3214 2955 3449 3028; x_wconf 82' lang='grc' dir='ltr'>σαλάρια</span> <span class='ocrx_word' id='word_1_606' title='bbox 3472 2955 3723 3027; x_wconf 65' lang='lat' dir='ltr'><strong>xop&#39;qytiw</strong></span> 
     </span>
    </p>
   </div>
   <div class='ocr_carea' id='block_1_94' title="bbox 2143 3045 3725 3122">
    <p class='ocr_par' dir='ltr' id='par_1_94' title="bbox 2143 3045 3725 3122">
     <span class='ocr_line' id='line_1_96' title="bbox 2143 3045 3725 3122; baseline -0.004 -17"><span class='ocrx_word' id='word_1_607' title='bbox 2143 3053 2255 3115; x_wconf 81' lang='grc' dir='ltr'>τοῖς</span> <span class='ocrx_word' id='word_1_608' title='bbox 2276 3049 2632 3122; x_wconf 82' lang='grc' dir='ltr'>κηρύττουσιν</span> <span class='ocrx_word' id='word_1_609' title='bbox 2659 3049 2822 3103; x_wconf 80' lang='grc' dir='ltr'>αὐτοῦ</span> <span class='ocrx_word' id='word_1_610' title='bbox 2843 3047 2930 3100; x_wconf 77' lang='grc' dir='ltr'>τὸν</span> <span class='ocrx_word' id='word_1_611' title='bbox 2949 3045 3123 3116; x_wconf 86' lang='grc' dir='ltr'>λόγον,</span> <span class='ocrx_word' id='word_1_612' title='bbox 3159 3046 3244 3100; x_wconf 84' lang='grc' dir='ltr'>ἵνα</span> <span class='ocrx_word' id='word_1_613' title='bbox 3269 3045 3357 3099; x_wconf 78' lang='grc' dir='ltr'><strong>διὰ</strong></span> <span class='ocrx_word' id='word_1_614' title='bbox 3371 3046 3472 3116; x_wconf 75' lang='grc' dir='ltr'>τῆς</span> <span class='ocrx_word' id='word_1_615' title='bbox 3502 3062 3725 3116; x_wconf 75' lang='grc' dir='ltr'>γαστρι-</span> 
     </span>
    </p>
   </div>
   <div class='ocr_carea' id='block_1_95' title="bbox 2149 3135 3721 3213">
    <p class='ocr_par' dir='ltr' id='par_1_95' title="bbox 2149 3135 3721 3213">
     <span class='ocr_line' id='line_1_97' title="bbox 2149 3135 3721 3213; baseline -0.006 -17"><span class='ocrx_word' id='word_1_616' title='bbox 2149 3142 2386 3213; x_wconf 84' lang='grc' dir='ltr'>μαργίας</span> <span class='ocrx_word' id='word_1_617' title='bbox 2429 3143 2463 3212; x_wconf 83' lang='grc' dir='ltr'><strong>ἡ</strong></span> <span class='ocrx_word' id='word_1_618' title='bbox 2489 3138 2799 3194; x_wconf 87' lang='grc' dir='ltr'>διδασκαλία</span> <span class='ocrx_word' id='word_1_619' title='bbox 2839 3137 2931 3192; x_wconf 78' lang='grc' dir='ltr'><strong>τοῦ</strong></span> <span class='ocrx_word' id='word_1_620' title='bbox 2972 3137 3129 3206; x_wconf 75' lang='grc' dir='ltr'>λόγου</span> <span class='ocrx_word' id='word_1_621' title='bbox 3167 3137 3523 3208; x_wconf 85' lang='grc' dir='ltr'>κρατύνηται.</span> <span class='ocrx_word' id='word_1_622' title='bbox 3564 3157 3588 3189; x_wconf 66' lang='grc' dir='ltr'><strong>ι</strong></span> <span class='ocrx_word' id='word_1_623' title='bbox 3619 3135 3721 3190; x_wconf 69' lang='grc' dir='ltr'><strong>Καὶ</strong></span> 
     </span>
    </p>
   </div>
   <div class='ocr_carea' id='block_1_96' title="bbox 2144 3229 3710 3306">
    <p class='ocr_par' dir='ltr' id='par_1_96' title="bbox 2144 3229 3710 3306">
     <span class='ocr_line' id='line_1_98' title="bbox 2144 3229 3710 3306; baseline -0.003 -19"><span class='ocrx_word' id='word_1_624' title='bbox 2144 3235 2318 3289; x_wconf 76' lang='grc' dir='ltr'>ταῦτα</span> <span class='ocrx_word' id='word_1_625' title='bbox 2347 3234 2444 3306; x_wconf 85' lang='grc' dir='ltr'>μὲν</span> <span class='ocrx_word' id='word_1_626' title='bbox 2473 3233 2599 3304; x_wconf 72' lang='grc' dir='ltr'>περὶ</span> <span class='ocrx_word' id='word_1_627' title='bbox 2625 3230 2718 3285; x_wconf 80' lang='grc' dir='ltr'>τοῦ</span> <span class='ocrx_word' id='word_1_628' title='bbox 2741 3230 3018 3286; x_wconf 82' lang='grc' dir='ltr'>Μοντανοῦ</span> <span class='ocrx_word' id='word_1_629' title='bbox 3037 3247 3050 3260; x_wconf 76' lang='grc'><strong><em>⁸</em></strong></span> <span class='ocrx_word' id='word_1_630' title='bbox 3080 3229 3173 3283; x_wconf 67' lang='grc' dir='ltr'><strong>καὶ</strong></span> <span class='ocrx_word' id='word_1_631' title='bbox 3196 3231 3323 3300; x_wconf 76' lang='grc' dir='ltr'>περὶ</span> <span class='ocrx_word' id='word_1_632' title='bbox 3350 3230 3470 3282; x_wconf 77' lang='grc' dir='ltr'><strong>τῶν</strong></span> <span class='ocrx_word' id='word_1_633' title='bbox 3511 3246 3710 3300; x_wconf 75' lang='grc' dir='ltr'>προφη·</span> 
     </span>
    </p>
   </div>
   <div class='ocr_carea' id='block_1_97' title="bbox 2145 3321 3719 3394">
    <p class='ocr_par' dir='ltr' id='par_1_97' title="bbox 2145 3321 3719 3394">
     <span class='ocr_line' id='line_1_99' title="bbox 2145 3321 3719 3394; baseline -0.005 -11"><span class='ocrx_word' id='word_1_634' title='bbox 2145 3329 2303 3384; x_wconf 86' lang='grc' dir='ltr'>τίδων</span> <span class='ocrx_word' id='word_1_635' title='bbox 2327 3327 2383 3381; x_wconf 84' lang='grc' dir='ltr'>δὲ</span> <span class='ocrx_word' id='word_1_636' title='bbox 2411 3326 2574 3382; x_wconf 75' lang='grc' dir='ltr'>αὑτοῦ</span> <span class='ocrx_word' id='word_1_637' title='bbox 2603 3326 2952 3389; x_wconf 76' lang='grc' dir='ltr'>ὑποκαταϐὰς</span> <span class='ocrx_word' id='word_1_638' title='bbox 2993 3324 3133 3379; x_wconf 76' lang='grc' dir='ltr'>οὓτω</span> <span class='ocrx_word' id='word_1_639' title='bbox 3172 3323 3408 3394; x_wconf 74' lang='grc' dir='ltr'>γράφειο</span> <span class='ocrx_word' id='word_1_640' title='bbox 3449 3341 3468 3373; x_wconf 72' lang='grc' dir='ltr'><strong>ι</strong></span> <span class='ocrx_word' id='word_1_641' title='bbox 3503 3321 3719 3376; x_wconf 82' lang='grc' dir='ltr'>Δείκνυ-</span> 
     </span>
    </p>
   </div>
   <div class='ocr_carea' id='block_1_98' title="bbox 2149 3413 3720 3490">
    <p class='ocr_par' dir='ltr' id='par_1_98' title="bbox 2149 3413 3720 3490">
     <span class='ocr_line' id='line_1_100' title="bbox 2149 3413 3720 3490; baseline -0.004 -18"><span class='ocrx_word' id='word_1_642' title='bbox 2149 3436 2247 3490; x_wconf 90' lang='grc' dir='ltr'><strong>μεν</strong></span> <span class='ocrx_word' id='word_1_643' title='bbox 2271 3413 2364 3472; x_wconf 75' lang='grc' dir='ltr'>οὖν</span> <span class='ocrx_word' id='word_1_644' title='bbox 2388 3415 2558 3481; x_wconf 77' lang='grc' dir='ltr'>αὐτὰς</span> <span class='ocrx_word' id='word_1_645' title='bbox 2585 3414 2804 3486; x_wconf 86' lang='grc' dir='ltr'>πρώτας</span> <span class='ocrx_word' id='word_1_646' title='bbox 2839 3416 2937 3480; x_wconf 78' lang='grc' dir='ltr'><strong>τὰς</strong></span> <span class='ocrx_word' id='word_1_647' title='bbox 2981 3415 3315 3486; x_wconf 83' lang='grc' dir='ltr'>προφήτιδας</span> <span class='ocrx_word' id='word_1_648' title='bbox 3360 3413 3570 3476; x_wconf 80' lang='grc' dir='ltr'>ταύτας</span> <span class='ocrx_word' id='word_1_649' title='bbox 3589 3452 3605 3475; x_wconf 90' lang='grc'><strong>,</strong></span> <span class='ocrx_word' id='word_1_650' title='bbox 3631 3414 3720 3481; x_wconf 78' lang='grc' dir='ltr'><strong>ἀφ’</strong></span> 
     </span>
    </p>
   </div>
   <div class='ocr_carea' id='block_1_99' title="bbox 2144 3501 3721 3577">
    <p class='ocr_par' dir='ltr' id='par_1_99' title="bbox 2144 3501 3721 3577">
     <span class='ocr_line' id='line_1_101' title="bbox 2144 3501 3721 3577; baseline -0.001 -17"><span class='ocrx_word' id='word_1_651' title='bbox 2144 3501 2207 3562; x_wconf 76' lang='grc' dir='ltr'><strong>οὗ</strong></span> <span class='ocrx_word' id='word_1_652' title='bbox 2239 3505 2332 3560; x_wconf 80' lang='grc' dir='ltr'>τοῦ</span> <span class='ocrx_word' id='word_1_653' title='bbox 2369 3505 2674 3577; x_wconf 87' lang='grc' dir='ltr'>πνεύματος</span> <span class='ocrx_word' id='word_1_654' title='bbox 2704 3504 3095 3577; x_wconf 75' lang='grc' dir='ltr'>ἐπληρώθησαν</span> <span class='ocrx_word' id='word_1_655' title='bbox 3115 3545 3129 3568; x_wconf 92' lang='grc'><strong>,</strong></span> <span class='ocrx_word' id='word_1_656' title='bbox 3157 3505 3283 3568; x_wconf 80' lang='grc' dir='ltr'>τοὺς</span> <span class='ocrx_word' id='word_1_657' title='bbox 3323 3503 3527 3574; x_wconf 77' lang='grc' dir='ltr'>ἄνδρας</span> <span class='ocrx_word' id='word_1_658' title='bbox 3557 3521 3721 3558; x_wconf 68' lang='lat' dir='ltr'><strong>stara-</strong></span> 
     </span>
    </p>
   </div>
   <div class='ocr_carea' id='block_1_100' title="bbox 2146 3594 3721 3668">
    <p class='ocr_par' dir='ltr' id='par_1_100' title="bbox 2146 3594 3721 3668">
     <span class='ocr_line' id='line_1_102' title="bbox 2146 3594 3721 3668; baseline -0.003 -16"><span class='ocrx_word' id='word_1_659' title='bbox 2146 3598 2424 3663; x_wconf 88' lang='grc' dir='ltr'>λιπούσας.</span> <span class='ocrx_word' id='word_1_660' title='bbox 2453 3597 2577 3663; x_wconf 85' lang='grc' dir='ltr'>Πῶς</span> <span class='ocrx_word' id='word_1_661' title='bbox 2606 3594 2711 3654; x_wconf 78' lang='grc' dir='ltr'>,οὖν</span> <span class='ocrx_word' id='word_1_662' title='bbox 2755 3597 3035 3667; x_wconf 73' lang='grc' dir='ltr'>ἐψεύδοντο</span> <span class='ocrx_word' id='word_1_663' title='bbox 3071 3595 3404 3668; x_wconf 84' lang='grc' dir='ltr'>Πρίσκιλλαν</span> <span class='ocrx_word' id='word_1_664' title='bbox 3451 3596 3721 3668; x_wconf 83' lang='grc' dir='ltr'>παρθένον</span> 
     </span>
    </p>
   </div>
   <div class='ocr_carea' id='block_1_101' title="bbox 2147 3686 3720 3764">
    <p class='ocr_par' dir='ltr' id='par_1_101' title="bbox 2147 3686 3720 3764">
     <span class='ocr_line' id='line_1_103' title="bbox 2147 3686 3720 3764; baseline -0.003 -18"><span class='ocrx_word' id='word_1_665' title='bbox 2147 3691 2258 3764; x_wconf 82' lang='grc'>(15)</span> <span class='ocrx_word' id='word_1_666' title='bbox 2281 3691 2712 3759; x_wconf 82' lang='grc' dir='ltr'>ὰποκαλοῦντες;</span> <span class='ocrx_word' id='word_1_667' title='bbox 2748 3710 2766 3742; x_wconf 75' lang='lat' dir='ltr'><strong>t</strong></span> <span class='ocrx_word' id='word_1_668' title='bbox 2806 3686 2918 3744; x_wconf 77' lang='grc' dir='ltr'><strong>Εἶτ’</strong></span> <span class='ocrx_word' id='word_1_669' title='bbox 2955 3689 3202 3761; x_wconf 82' lang='grc' dir='ltr'>ἐπιφέρει</span> <span class='ocrx_word' id='word_1_670' title='bbox 3241 3689 3417 3760; x_wconf 83' lang='grc' dir='ltr'>λέγων</span> <span class='ocrx_word' id='word_1_671' title='bbox 3440 3708 3455 3720; x_wconf 88' lang='grc'><strong>·</strong></span> <span class='ocrx_word' id='word_1_672' title='bbox 3511 3709 3540 3743; x_wconf 68' lang='grc' dir='ltr'><strong>ιΔ</strong></span> <span class='ocrx_word' id='word_1_673' title='bbox 3569 3691 3720 3748; x_wconf 83' lang='grc' dir='ltr'><strong>Δοκεὶ</strong></span> 
     </span>
    </p>
   </div>
   <div class='ocr_carea' id='block_1_102' title="bbox 2143 3930 3716 4002">
    <p class='ocr_par' dir='ltr' id='par_1_102' title="bbox 2143 3930 3716 4002">
     <span class='ocr_line' id='line_1_104' title="bbox 2143 3930 3716 4002; baseline 0.001 -17"><span class='ocrx_word' id='word_1_674' title='bbox 2143 3942 2191 3985; x_wconf 77' lang='lat' dir='ltr'><strong>et</strong></span> <span class='ocrx_word' id='word_1_675' title='bbox 2222 3932 2297 3987; x_wconf 81' lang='lat' dir='ltr'><strong>vel</strong></span> <span class='ocrx_word' id='word_1_676' title='bbox 2322 3932 2550 3986; x_wconf 78' lang='lat' dir='ltr'><strong>maxime</strong></span> <span class='ocrx_word' id='word_1_677' title='bbox 2579 3932 2658 4002; x_wconf 82' lang='lat' dir='ltr'><strong>de</strong></span> <span class='ocrx_word' id='word_1_678' title='bbox 2698 3930 2910 3986; x_wconf 84' lang='lat' dir='ltr'><strong>Tatiani</strong></span> <span class='ocrx_word' id='word_1_679' title='bbox 2961 3932 3134 4002; x_wconf 58' lang='lat' dir='ltr'><strong>radice</strong></span> <span class='ocrx_word' id='word_1_680' title='bbox 3185 3943 3477 3989; x_wconf 82' lang='lat' dir='ltr'><strong>crescentes</strong></span> <span class='ocrx_word' id='word_1_681' title='bbox 3500 3973 3515 3994; x_wconf 92' lang='lat'><strong>,</strong></span> <span class='ocrx_word' id='word_1_682' title='bbox 3563 3951 3716 4002; x_wconf 80' lang='lat' dir='ltr'><strong>super</strong></span> 
     </span>
    </p>
   </div>
   <div class='ocr_carea' id='block_1_103' title="bbox 2141 3998 3716 4072">
    <p class='ocr_par' dir='ltr' id='par_1_103' title="bbox 2141 3998 3716 4072">
     <span class='ocr_line' id='line_1_105' title="bbox 2141 3998 3716 4072; baseline 0.002 -17"><span class='ocrx_word' id='word_1_683' title='bbox 2141 4003 2446 4072; x_wconf 85' lang='lat' dir='ltr'><strong>Itujusmodi</strong></span> <span class='ocrx_word' id='word_1_684' title='bbox 2471 4001 2735 4056; x_wconf 78' lang='lat' dir='ltr'><strong>laboribus</strong></span> <span class='ocrx_word' id='word_1_685' title='bbox 2771 4002 2992 4056; x_wconf 82' lang='lat' dir='ltr'><strong>audiunt</strong></span> <span class='ocrx_word' id='word_1_686' title='bbox 3028 4018 3046 4057; x_wconf 91' lang='lat'><strong><em>:</em></strong></span> <span class='ocrx_word' id='word_1_687' title='bbox 3082 3998 3252 4056; x_wconf 80' lang='lat' dir='ltr'><strong>Tanta</strong></span> <span class='ocrx_word' id='word_1_688' title='bbox 3277 4006 3422 4070; x_wconf 75' lang='lat' dir='ltr'><strong>passi</strong></span> <span class='ocrx_word' id='word_1_689' title='bbox 3457 4005 3587 4058; x_wconf 84' lang='lat' dir='ltr'><strong>estis</strong></span> <span class='ocrx_word' id='word_1_690' title='bbox 3608 3998 3716 4059; x_wconf 80' lang='lat' dir='ltr'><strong>sine</strong></span> 
     </span>
    </p>
   </div>
   <div class='ocr_carea' id='block_1_104' title="bbox 2139 4072 3712 4144">
    <p class='ocr_par' dir='ltr' id='par_1_104' title="bbox 2139 4072 3712 4144">
     <span class='ocr_line' id='line_1_106' title="bbox 2139 4072 3712 4144; baseline 0.001 -18"><span class='ocrx_word' id='word_1_691' title='bbox 2139 4090 2323 4128; x_wconf 82' lang='lat' dir='ltr'><strong>causa.</strong></span> <span class='ocrx_word' id='word_1_692' title='bbox 2349 4072 2618 4144; x_wconf 69' lang='lat' dir='ltr'><strong>Cmterum</strong></span> <span class='ocrx_word' id='word_1_693' title='bbox 2645 4073 2937 4144; x_wconf 83' lang='lat' dir='ltr'><strong>notandum</strong></span> <span class='ocrx_word' id='word_1_694' title='bbox 2962 4081 3044 4144; x_wconf 85' lang='lat' dir='ltr'><strong>est</strong></span> <span class='ocrx_word' id='word_1_695' title='bbox 3074 4074 3195 4144; x_wconf 12' lang='lat' dir='ltr'><strong>hoc,</strong></span> <span class='ocrx_word' id='word_1_696' title='bbox 3221 4072 3340 4128; x_wconf 92' lang='lat' dir='ltr'><strong>loco</strong></span> <span class='ocrx_word' id='word_1_697' title='bbox 3367 4073 3712 4144; x_wconf 82' lang='lat' dir='ltr'><strong>Apollonium</strong></span> 
     </span>
    </p>
   </div>
   <div class='ocr_carea' id='block_1_105' title="bbox 2141 4141 3711 4212">
    <p class='ocr_par' dir='ltr' id='par_1_105' title="bbox 2141 4141 3711 4212">
     <span class='ocr_line' id='line_1_107' title="bbox 2141 4141 3711 4212; baseline 0.003 -16"><span class='ocrx_word' id='word_1_698' title='bbox 2141 4152 2397 4212; x_wconf 85' lang='lat' dir='ltr'><strong>tanquam</strong></span> <span class='ocrx_word' id='word_1_699' title='bbox 2448 4142 2829 4212; x_wconf 82' lang='lat' dir='ltr'><strong>gravissimum</strong></span> <span class='ocrx_word' id='word_1_700' title='bbox 2890 4141 3102 4197; x_wconf 77' lang='lat' dir='ltr'><strong>facinus</strong></span> <span class='ocrx_word' id='word_1_701' title='bbox 3149 4143 3389 4212; x_wconf 89' lang='lat' dir='ltr'><strong>objicere</strong></span> <span class='ocrx_word' id='word_1_702' title='bbox 3419 4141 3711 4208; x_wconf 80' lang='lat' dir='ltr'><strong>Montano,</strong></span> 
     </span>
    </p>
   </div>
   <div class='ocr_carea' id='block_1_106' title="bbox 2137 4209 3715 4282">
    <p class='ocr_par' dir='ltr' id='par_1_106' title="bbox 2137 4209 3715 4282">
     <span class='ocr_line' id='line_1_108' title="bbox 2137 4209 3715 4282; baseline 0.001 -17"><span class='ocrx_word' id='word_1_703' title='bbox 2137 4209 2278 4281; x_wconf 84' lang='lat' dir='ltr'><strong>quod</strong></span> <span class='ocrx_word' id='word_1_704' title='bbox 2304 4209 2506 4280; x_wconf 83' lang='lat' dir='ltr'><strong>jejunia</strong></span> <span class='ocrx_word' id='word_1_705' title='bbox 2533 4213 2633 4266; x_wconf 85' lang='lat' dir='ltr'><strong>sub</strong></span> <span class='ocrx_word' id='word_1_706' title='bbox 2661 4209 2807 4282; x_wconf 80' lang='lat' dir='ltr'><strong>lege,</strong></span> <span class='ocrx_word' id='word_1_707' title='bbox 2832 4227 2894 4266; x_wconf 90' lang='lat' dir='ltr'><strong>ac</strong></span> <span class='ocrx_word' id='word_1_708' title='bbox 2924 4212 3024 4266; x_wconf 88' lang='lat' dir='ltr'><strong>sub</strong></span> <span class='ocrx_word' id='word_1_709' title='bbox 3055 4209 3310 4282; x_wconf 62' lang='lat' dir='ltr'><strong>praecepti</strong></span> <span class='ocrx_word' id='word_1_710' title='bbox 3341 4212 3520 4268; x_wconf 81' lang='lat' dir='ltr'><strong>forma</strong></span> <span class='ocrx_word' id='word_1_711' title='bbox 3587 4228 3715 4269; x_wconf 89' lang='lat' dir='ltr'><strong>con-</strong></span> 
     </span>
    </p>
   </div>
   <div class='ocr_carea' id='block_1_107' title="bbox 2137 4281 3710 4353">
    <p class='ocr_par' dir='ltr' id='par_1_107' title="bbox 2137 4281 3710 4353">
     <span class='ocr_line' id='line_1_109' title="bbox 2137 4281 3710 4353; baseline 0.001 -17"><span class='ocrx_word' id='word_1_712' title='bbox 2137 4282 2404 4353; x_wconf 88' lang='lat' dir='ltr'><strong>stituisset</strong></span> <span class='ocrx_word' id='word_1_713' title='bbox 2439 4296 2454 4336; x_wconf 90' lang='lat'><strong>:</strong></span> <span class='ocrx_word' id='word_1_714' title='bbox 2488 4297 2608 4353; x_wconf 84' lang='lat' dir='ltr'><strong>non_</strong></span> <span class='ocrx_word' id='word_1_715' title='bbox 2629 4281 2770 4353; x_wconf 82' lang='lat' dir='ltr'><strong>quod</strong></span> <span class='ocrx_word' id='word_1_716' title='bbox 2793 4281 3039 4353; x_wconf 82' lang='lat' dir='ltr'><strong>jejunare</strong></span> <span class='ocrx_word' id='word_1_717' title='bbox 3066 4281 3276 4337; x_wconf 83' lang='lat' dir='ltr'><strong>crimen</strong></span> <span class='ocrx_word' id='word_1_718' title='bbox 3305 4283 3392 4347; x_wconf 90' lang='lat' dir='ltr'><strong>sit,</strong></span> <span class='ocrx_word' id='word_1_719' title='bbox 3431 4293 3526 4340; x_wconf 87' lang='lat' dir='ltr'><strong>aut</strong></span> <span class='ocrx_word' id='word_1_720' title='bbox 3563 4285 3710 4353; x_wconf 89' lang='lat' dir='ltr'><strong>quasi</strong></span> 
     </span>
    </p>
   </div>
   <div class='ocr_carea' id='block_1_108' title="bbox 2136 4351 3711 4422">
    <p class='ocr_par' dir='ltr' id='par_1_108' title="bbox 2136 4351 3711 4422">
     <span class='ocr_line' id='line_1_110' title="bbox 2136 4351 3711 4422; baseline 0.003 -19"><span class='ocrx_word' id='word_1_721' title='bbox 2136 4352 2454 4421; x_wconf 86' lang='lat' dir='ltr'><strong>quibusdam</strong></span> <span class='ocrx_word' id='word_1_722' title='bbox 2493 4351 2546 4422; x_wconf 90' lang='lat' dir='ltr'><strong>in</strong></span> <span class='ocrx_word' id='word_1_723' title='bbox 2569 4351 2805 4422; x_wconf 84' lang='lat' dir='ltr'><strong>Ecclesia</strong></span> <span class='ocrx_word' id='word_1_724' title='bbox 2827 4367 2937 4422; x_wconf 81' lang='lat' dir='ltr'><strong>non</strong></span> <span class='ocrx_word' id='word_1_725' title='bbox 2973 4351 3152 4422; x_wconf 81' lang='lat' dir='ltr'><strong>liceat,</strong></span> <span class='ocrx_word' id='word_1_726' title='bbox 3184 4365 3516 4422; x_wconf 83' lang='lat' dir='ltr'><strong>semperque</strong></span> <span class='ocrx_word' id='word_1_727' title='bbox 3545 4351 3711 4410; x_wconf 83' lang='lat' dir='ltr'><strong>licue—</strong></span> 
     </span>
    </p>
   </div>
   <div class='ocr_carea' id='block_1_109' title="bbox 2137 4421 3710 4492">
    <p class='ocr_par' dir='ltr' id='par_1_109' title="bbox 2137 4421 3710 4492">
     <span class='ocr_line' id='line_1_111' title="bbox 2137 4421 3710 4492; baseline 0.001 -16"><span class='ocrx_word' id='word_1_728' title='bbox 2137 4424 2208 4476; x_wconf 92' lang='lat' dir='ltr'><strong>rit</strong></span> <span class='ocrx_word' id='word_1_729' title='bbox 2241 4421 2782 4492; x_wconf 86' lang='lat' dir='ltr'><strong>indicere_jejunia._</strong></span> <span class='ocrx_word' id='word_1_730' title='bbox 2820 4421 2952 4492; x_wconf 79' lang='lat' dir='ltr'><strong>Nam</strong></span> <span class='ocrx_word' id='word_1_731' title='bbox 3011 4429 3065 4476; x_wconf 85' lang='lat' dir='ltr'><strong>et</strong></span> <span class='ocrx_word' id='word_1_732' title='bbox 3119 4421 3362 4477; x_wconf 79' lang='lat' dir='ltr'><strong>Joannes</strong></span> <span class='ocrx_word' id='word_1_733' title='bbox 3425 4421 3710 4492; x_wconf 78' lang='lat' dir='ltr'><strong>apostolus</strong></span> 
     </span>
    </p>
   </div>
   <div class='ocr_carea' id='block_1_110' title="bbox 2139 4489 3707 4566">
    <p class='ocr_par' dir='ltr' id='par_1_110' title="bbox 2139 4489 3707 4566">
     <span class='ocr_line' id='line_1_112' title="bbox 2139 4489 3707 4566; baseline 0.002 -21"><span class='ocrx_word' id='word_1_734' title='bbox 2139 4492 2442 4566; x_wconf 80' lang='lat' dir='ltr'><strong>triduantnn</strong></span> <span class='ocrx_word' id='word_1_735' title='bbox 2476 4489 3030 4566; x_wconf 58' lang='lat' dir='ltr'><strong>Ephesiisjejunium</strong></span> <span class='ocrx_word' id='word_1_736' title='bbox 3065 4492 3258 4566; x_wconf 78' lang='lat' dir='ltr'><strong>indixit</strong></span> <span class='ocrx_word' id='word_1_737' title='bbox 3289 4489 3625 4566; x_wconf 61' lang='lat' dir='ltr'><strong>priusquam</strong></span> <span class='ocrx_word' id='word_1_738' title='bbox 3643 4495 3707 4548; x_wconf 86' lang='lat' dir='ltr'><strong>ad</strong></span> 
     </span>
    </p>
   </div>
   <div class='ocr_carea' id='block_1_111' title="bbox 2139 4561 3706 4629">
    <p class='ocr_par' dir='ltr' id='par_1_111' title="bbox 2139 4561 3706 4629">
     <span class='ocr_line' id='line_1_113' title="bbox 2139 4561 3706 4629; baseline 0.003 -15"><span class='ocrx_word' id='word_1_739' title='bbox 2139 4562 2480 4615; x_wconf 89' lang='lat' dir='ltr'><strong>scribendum</strong></span> <span class='ocrx_word' id='word_1_740' title='bbox 2510 4561 2858 4629; x_wconf 72' lang='lat' dir='ltr'><strong>Evangelium</strong></span> <span class='ocrx_word' id='word_1_741' title='bbox 2891 4577 2950 4617; x_wconf 92' lang='lat' dir='ltr'><strong>se</strong></span> <span class='ocrx_word' id='word_1_742' title='bbox 2975 4561 3265 4616; x_wconf 84' lang='lat' dir='ltr'><strong>conferret.</strong></span> <span class='ocrx_word' id='word_1_743' title='bbox 3313 4561 3515 4617; x_wconf 82' lang='lat' dir='ltr'><strong>Veran</strong></span> <span class='ocrx_word' id='word_1_744' title='bbox 3558 4564 3706 4619; x_wconf 75' lang='lat' dir='ltr'><strong>Mou-</strong></span> 
     </span>
    </p>
   </div>
   <div class='ocr_carea' id='block_1_112' title="bbox 2140 4630 3706 4698">
    <p class='ocr_par' dir='ltr' id='par_1_112' title="bbox 2140 4630 3706 4698">
     <span class='ocr_line' id='line_1_114' title="bbox 2140 4630 3706 4698; baseline 0.001 -12"><span class='ocrx_word' id='word_1_745' title='bbox 2140 4641 2266 4686; x_wconf 90' lang='lat' dir='ltr'><strong>tano</strong></span> <span class='ocrx_word' id='word_1_746' title='bbox 2297 4632 2346 4685; x_wconf 93' lang='lat' dir='ltr'><strong>id</strong></span> <span class='ocrx_word' id='word_1_747' title='bbox 2379 4630 2559 4686; x_wconf 81' lang='lat' dir='ltr'><strong>facere</strong></span> <span class='ocrx_word' id='word_1_748' title='bbox 2589 4631 3125 4698; x_wconf 86' lang='lat' dir='ltr'><strong>nullatenuslicebat,</strong></span> <span class='ocrx_word' id='word_1_749' title='bbox 3164 4632 3365 4687; x_wconf 88' lang='lat' dir='ltr'><strong>homini</strong></span> <span class='ocrx_word' id='word_1_750' title='bbox 3421 4634 3706 4697; x_wconf 79' lang='lat' dir='ltr'><strong>baeretico,</strong></span> 
     </span>
    </p>
   </div>
   <div class='ocr_carea' id='block_1_113' title="bbox 2138 4700 3706 4772">
    <p class='ocr_par' dir='ltr' id='par_1_113' title="bbox 2138 4700 3706 4772">
     <span class='ocr_line' id='line_1_115' title="bbox 2138 4700 3706 4772; baseline 0.004 -20"><span class='ocrx_word' id='word_1_751' title='bbox 2138 4711 2193 4755; x_wconf 84' lang='lat' dir='ltr'><strong>et</strong></span> <span class='ocrx_word' id='word_1_752' title='bbox 2223 4703 2291 4772; x_wconf 88' lang='lat' dir='ltr'><strong>ab</strong></span> <span class='ocrx_word' id='word_1_753' title='bbox 2317 4700 2575 4756; x_wconf 73' lang='lat' dir='ltr'><strong>Ecclesiae</strong></span> <span class='ocrx_word' id='word_1_754' title='bbox 2596 4715 2824 4772; x_wconf 74' lang='lat' dir='ltr'><strong>corpore</strong></span> <span class='ocrx_word' id='word_1_755' title='bbox 2846 4711 3146 4772; x_wconf 80' lang='lat' dir='ltr'><strong>segregato,</strong></span> <span class='ocrx_word' id='word_1_756' title='bbox 3181 4717 3281 4756; x_wconf 89' lang='lat' dir='ltr'><strong>nec</strong></span> <span class='ocrx_word' id='word_1_757' title='bbox 3319 4703 3489 4756; x_wconf 89' lang='lat' dir='ltr'><strong>ullum</strong></span> <span class='ocrx_word' id='word_1_758' title='bbox 3521 4719 3706 4760; x_wconf 86' lang='lat' dir='ltr'><strong>sacer-</strong></span> 
     </span>
    </p>
   </div>
   <div class='ocr_carea' id='block_1_114' title="bbox 2138 4771 3708 4842">
    <p class='ocr_par' dir='ltr' id='par_1_114' title="bbox 2138 4771 3708 4842">
     <span class='ocr_line' id='line_1_116' title="bbox 2138 4771 3708 4842; baseline 0.002 -16"><span class='ocrx_word' id='word_1_759' title='bbox 2138 4771 2342 4842; x_wconf 91' lang='lat' dir='ltr'><strong>dotium</strong></span> <span class='ocrx_word' id='word_1_760' title='bbox 2371 4773 2601 4841; x_wconf 89' lang='lat' dir='ltr'><strong>gerenti.</strong></span> <span class='ocrx_word' id='word_1_761' title='bbox 2648 4771 2838 4842; x_wconf 84' lang='lat' dir='ltr'><strong>Merito</strong></span> <span class='ocrx_word' id='word_1_762' title='bbox 2873 4771 3035 4842; x_wconf 83' lang='lat' dir='ltr'><strong>igitur</strong></span> <span class='ocrx_word' id='word_1_763' title='bbox 3069 4786 3193 4826; x_wconf 86' lang='lat' dir='ltr'><strong>eum</strong></span> <span class='ocrx_word' id='word_1_764' title='bbox 3249 4774 3606 4841; x_wconf 81' lang='lat' dir='ltr'><strong>reprehendit</strong></span> <span class='ocrx_word' id='word_1_765' title='bbox 3637 4776 3708 4829; x_wconf 85' lang='lat' dir='ltr'><strong>A-</strong></span> 
     </span>
    </p>
   </div>
   <div class='ocr_carea' id='block_1_115' title="bbox 2137 4841 3704 4912">
    <p class='ocr_par' dir='ltr' id='par_1_115' title="bbox 2137 4841 3704 4912">
     <span class='ocr_line' id='line_1_117' title="bbox 2137 4841 3704 4912; baseline 0.003 -16"><span class='ocrx_word' id='word_1_766' title='bbox 2137 4841 2434 4911; x_wconf 88' lang='lat' dir='ltr'><strong>pollonius;</strong></span> <span class='ocrx_word' id='word_1_767' title='bbox 2463 4843 2603 4912; x_wconf 89' lang='lat' dir='ltr'><strong>quod</strong></span> <span class='ocrx_word' id='word_1_768' title='bbox 2625 4856 2690 4896; x_wconf 81' lang='lat' dir='ltr'><strong>ex</strong></span> <span class='ocrx_word' id='word_1_769' title='bbox 2722 4841 2950 4912; x_wconf 89' lang='lat' dir='ltr'><strong>arbitrio</strong></span> <span class='ocrx_word' id='word_1_770' title='bbox 2988 4857 3108 4909; x_wconf 90' lang='lat' dir='ltr'><strong>suo,</strong></span> <span class='ocrx_word' id='word_1_771' title='bbox 3134 4857 3245 4912; x_wconf 86' lang='lat' dir='ltr'><strong>non</strong></span> <span class='ocrx_word' id='word_1_772' title='bbox 3287 4857 3354 4896; x_wconf 79' lang='lat' dir='ltr'><strong>ex</strong></span> <span class='ocrx_word' id='word_1_773' title='bbox 3402 4845 3704 4912; x_wconf 62' lang='lat' dir='ltr'><strong>apostolici</strong></span> 
     </span>
    </p>
   </div>
   <div class='ocr_carea' id='block_1_116' title="bbox 2139 4911 3703 4979">
    <p class='ocr_par' dir='ltr' id='par_1_116' title="bbox 2139 4911 3703 4979">
     <span class='ocr_line' id='line_1_118' title="bbox 2139 4911 3703 4979; baseline 0.003 -15"><span class='ocrx_word' id='word_1_774' title='bbox 2139 4912 2430 4966; x_wconf 90' lang='lat' dir='ltr'><strong>traditione</strong></span> <span class='ocrx_word' id='word_1_775' title='bbox 2461 4911 2832 4967; x_wconf 87' lang='lat' dir='ltr'><strong>constituisset</strong></span> <span class='ocrx_word' id='word_1_776' title='bbox 2857 4911 3089 4979; x_wconf 85' lang='lat' dir='ltr'><strong>jejunia.</strong></span> <span class='ocrx_word' id='word_1_777' title='bbox 3131 4911 3262 4966; x_wconf 86' lang='lat' dir='ltr'><strong>Nam</strong></span> <span class='ocrx_word' id='word_1_778' title='bbox 3290 4911 3703 4969; x_wconf 77' lang='lat' dir='ltr'><strong>Calliclieorum</strong></span> 
     </span>
    </p>
   </div>
   <div class='ocr_carea' id='block_1_117' title="bbox 2135 4981 3702 5050">
    <p class='ocr_par' dir='ltr' id='par_1_117' title="bbox 2135 4981 3702 5050">
     <span class='ocr_line' id='line_1_119' title="bbox 2135 4981 3702 5050; baseline 0.003 -16"><span class='ocrx_word' id='word_1_779' title='bbox 2135 4981 2352 5050; x_wconf 88' lang='lat' dir='ltr'><strong>quidem</strong></span> <span class='ocrx_word' id='word_1_780' title='bbox 2378 4981 2578 5050; x_wconf 85' lang='lat' dir='ltr'><strong>jejunia</strong></span> <span class='ocrx_word' id='word_1_781' title='bbox 2608 4997 2674 5036; x_wconf 79' lang='lat' dir='ltr'><strong>ex</strong></span> <span class='ocrx_word' id='word_1_782' title='bbox 2705 4983 3071 5050; x_wconf 89' lang='lat' dir='ltr'><strong>apostolorum</strong></span> <span class='ocrx_word' id='word_1_783' title='bbox 3108 4981 3403 5036; x_wconf 87' lang='lat' dir='ltr'><strong>traditione</strong></span> <span class='ocrx_word' id='word_1_784' title='bbox 3443 4995 3702 5048; x_wconf 88' lang='lat' dir='ltr'><strong>manant;</strong></span> 
     </span>
    </p>
   </div>
   <div class='ocr_carea' id='block_1_118' title="bbox 2136 5050 3700 5123">
    <p class='ocr_par' dir='ltr' id='par_1_118' title="bbox 2136 5050 3700 5123">
     <span class='ocr_line' id='line_1_120' title="bbox 2136 5050 3700 5123; baseline 0.004 -21"><span class='ocrx_word' id='word_1_785' title='bbox 2136 5056 2203 5123; x_wconf 85' lang='lat' dir='ltr'><strong>de</strong></span> <span class='ocrx_word' id='word_1_786' title='bbox 2234 5050 2567 5123; x_wconf 86' lang='lat' dir='ltr'><strong>solemnibus</strong></span> <span class='ocrx_word' id='word_1_787' title='bbox 2591 5067 2658 5123; x_wconf 86' lang='lat' dir='ltr'><strong>ac</strong></span> <span class='ocrx_word' id='word_1_788' title='bbox 2679 5052 2906 5121; x_wconf 91' lang='lat' dir='ltr'><strong>publicis</strong></span> <span class='ocrx_word' id='word_1_789' title='bbox 2930 5050 3152 5123; x_wconf 33' lang='lat' dir='ltr'><strong>j’ejuttiis</strong></span> <span class='ocrx_word' id='word_1_790' title='bbox 3180 5051 3394 5122; x_wconf 86' lang='lat' dir='ltr'><strong>loquor,</strong></span> <span class='ocrx_word' id='word_1_791' title='bbox 3430 5069 3555 5122; x_wconf 69' lang='lat' dir='ltr'><strong>qua:</strong></span> <span class='ocrx_word' id='word_1_792' title='bbox 3586 5071 3700 5110; x_wconf 87' lang='lat' dir='ltr'><strong>cer-</strong></span> 
     </span>
    </p>
   </div>
   <div class='ocr_carea' id='block_1_119' title="bbox 2136 5121 3700 5190">
    <p class='ocr_par' dir='ltr' id='par_1_119' title="bbox 2136 5121 3700 5190">
     <span class='ocr_line' id='line_1_121' title="bbox 2136 5121 3700 5190; baseline 0.003 -17"><span class='ocrx_word' id='word_1_793' title='bbox 2136 5122 2205 5190; x_wconf 78' lang='lat' dir='ltr'><strong>tis</strong></span> <span class='ocrx_word' id='word_1_794' title='bbox 2234 5121 2424 5175; x_wconf 87' lang='lat' dir='ltr'><strong>diebus</strong></span> <span class='ocrx_word' id='word_1_795' title='bbox 2480 5124 2533 5176; x_wconf 94' lang='lat' dir='ltr'><strong>in</strong></span> <span class='ocrx_word' id='word_1_796' title='bbox 2583 5122 2826 5177; x_wconf 84' lang='lat' dir='ltr'><strong>Ecclesia</strong></span> <span class='ocrx_word' id='word_1_797' title='bbox 2891 5121 3188 5190; x_wconf 84' lang='lat' dir='ltr'><strong>quotannis</strong></span> <span class='ocrx_word' id='word_1_798' title='bbox 3237 5121 3700 5180; x_wconf 75' lang='lat' dir='ltr'><strong>Observabantur.</strong></span> 
     </span>
    </p>
   </div>
   <div class='ocr_carea' id='block_1_120' title="bbox 2135 5189 3700 5262">
    <p class='ocr_par' dir='ltr' id='par_1_120' title="bbox 2135 5189 3700 5262">
     <span class='ocr_line' id='line_1_122' title="bbox 2135 5189 3700 5262; baseline 0.004 -20"><span class='ocrx_word' id='word_1_799' title='bbox 2135 5189 2520 5245; x_wconf 66' lang='lat' dir='ltr'><strong>llmreticorum</strong></span> <span class='ocrx_word' id='word_1_800' title='bbox 2550 5202 2727 5246; x_wconf 90' lang='lat' dir='ltr'><strong>autem</strong></span> <span class='ocrx_word' id='word_1_801' title='bbox 2751 5189 2956 5261; x_wconf 83' lang='lat' dir='ltr'><strong>jejunia</strong></span> <span class='ocrx_word' id='word_1_802' title='bbox 2988 5207 3055 5246; x_wconf 80' lang='lat' dir='ltr'><strong>ex</strong></span> <span class='ocrx_word' id='word_1_803' title='bbox 3085 5191 3229 5246; x_wconf 89' lang='lat' dir='ltr'><strong>inani</strong></span> <span class='ocrx_word' id='word_1_804' title='bbox 3253 5196 3700 5262; x_wconf 63' lang='lat' dir='ltr'><strong>praasuntptione,</strong></span> 
     </span>
    </p>
   </div>
   <div class='ocr_carea' id='block_1_121' title="bbox 2133 5262 3698 5334">
    <p class='ocr_par' dir='ltr' id='par_1_121' title="bbox 2133 5262 3698 5334">
     <span class='ocr_line' id='line_1_123' title="bbox 2133 5262 3698 5334; baseline 0.003 -21"><span class='ocrx_word' id='word_1_805' title='bbox 2133 5271 2188 5334; x_wconf 76' lang='lat' dir='ltr'><strong>et</strong></span> <span class='ocrx_word' id='word_1_806' title='bbox 2239 5263 2548 5334; x_wconf 75' lang='lat' dir='ltr'><strong>sanctitatis</strong></span> <span class='ocrx_word' id='word_1_807' title='bbox 2605 5265 2951 5334; x_wconf 80' lang='lat' dir='ltr'><strong>simulatione</strong></span> <span class='ocrx_word' id='word_1_808' title='bbox 3004 5263 3327 5334; x_wconf 87' lang='lat' dir='ltr'><strong>procedunt.</strong></span> <span class='ocrx_word' id='word_1_809' title='bbox 3382 5262 3698 5334; x_wconf 75' lang='lat' dir='ltr'><strong>Cuiusmodi</strong></span> 
     </span>
    </p>
   </div>
   <div class='ocr_carea' id='block_1_122' title="bbox 2134 5329 3704 5401">
    <p class='ocr_par' dir='ltr' id='par_1_122' title="bbox 2134 5329 3704 5401">
     <span class='ocr_line' id='line_1_124' title="bbox 2134 5329 3704 5401; baseline 0.004 -20"><span class='ocrx_word' id='word_1_810' title='bbox 2134 5329 2283 5385; x_wconf 77' lang='lat' dir='ltr'><strong>fuere</strong></span> <span class='ocrx_word' id='word_1_811' title='bbox 2305 5329 2508 5401; x_wconf 81' lang='lat' dir='ltr'><strong>jejunia</strong></span> <span class='ocrx_word' id='word_1_812' title='bbox 2535 5347 2655 5401; x_wconf 66' lang='lat' dir='ltr'><strong>quae</strong></span> <span class='ocrx_word' id='word_1_813' title='bbox 2681 5331 2964 5387; x_wconf 86' lang='lat' dir='ltr'><strong>Montanus</strong></span> <span class='ocrx_word' id='word_1_814' title='bbox 3003 5329 3362 5388; x_wconf 69' lang='lat' dir='ltr'><strong>Sectatoribus</strong></span> <span class='ocrx_word' id='word_1_815' title='bbox 3415 5329 3537 5389; x_wconf 72' lang='lat' dir='ltr'><strong>suis</strong></span> <span class='ocrx_word' id='word_1_816' title='bbox 3586 5344 3704 5388; x_wconf 86' lang='lat' dir='ltr'><strong>tan-</strong></span> 
     </span>
    </p>
   </div>
   <div class='ocr_carea' id='block_1_123' title="bbox 2131 5400 2876 5470">
    <p class='ocr_par' dir='ltr' id='par_1_123' title="bbox 2131 5400 2876 5470">
     <span class='ocr_line' id='line_1_125' title="bbox 2131 5400 2876 5470; baseline 0.007 -18"><span class='ocrx_word' id='word_1_817' title='bbox 2131 5415 2291 5470; x_wconf 82' lang='lat' dir='ltr'><strong>quam</strong></span> <span class='ocrx_word' id='word_1_818' title='bbox 2323 5400 2634 5456; x_wconf 84' lang='lat' dir='ltr'><strong>Paracletus</strong></span> <span class='ocrx_word' id='word_1_819' title='bbox 2666 5402 2876 5457; x_wconf 87' lang='lat' dir='ltr'><strong>indixit.</strong></span> 
     </span>
    </p>
   </div>
   <div class='ocr_carea' id='block_1_124' title="bbox 2201 5468 3698 5542">
    <p class='ocr_par' dir='ltr' id='par_1_124' title="bbox 2201 5468 3698 5542">
     <span class='ocr_line' id='line_1_126' title="bbox 2201 5468 3698 5542; baseline 0.002 -18"><span class='ocrx_word' id='word_1_820' title='bbox 2201 5468 2312 5542; x_wconf 76' lang='lat' dir='ltr'><strong>(l5)</strong></span> <span class='ocrx_word' id='word_1_821' title='bbox 2360 5471 2736 5542; x_wconf 61' lang='grc' dir='ltr'>ιζρίσκιλλαν</span> <span class='ocrx_word' id='word_1_822' title='bbox 2791 5471 3114 5542; x_wconf 79' lang='grc' dir='ltr'>Παρθένον.</span> <span class='ocrx_word' id='word_1_823' title='bbox 3164 5471 3221 5526; x_wconf 88' lang='lat' dir='ltr'><strong>In</strong></span> <span class='ocrx_word' id='word_1_824' title='bbox 3277 5473 3472 5527; x_wconf 82' lang='lat' dir='ltr'><strong>codice</strong></span> <span class='ocrx_word' id='word_1_825' title='bbox 3523 5472 3698 5538; x_wconf 60' lang='lat' dir='ltr'><strong>Mam,</strong></span> 
     </span>
    </p>
   </div>
   <div class='ocr_carea' id='block_1_125' title="bbox 2128 5538 3698 5616">
    <p class='ocr_par' dir='ltr' id='par_1_125' title="bbox 2128 5538 3698 5616">
     <span class='ocr_line' id='line_1_127' title="bbox 2128 5538 3698 5616; baseline 0.002 -23"><span class='ocrx_word' id='word_1_826' title='bbox 2128 5538 2270 5594; x_wconf 80' lang='lat' dir='ltr'><strong>Med.</strong></span> <span class='ocrx_word' id='word_1_827' title='bbox 2294 5538 2354 5595; x_wconf 81' lang='lat' dir='ltr'><strong>et</strong></span> <span class='ocrx_word' id='word_1_828' title='bbox 2381 5541 2516 5616; x_wconf 69' lang='lat' dir='ltr'><strong>Euk.</strong></span> <span class='ocrx_word' id='word_1_829' title='bbox 2545 5551 2600 5596; x_wconf 90' lang='lat' dir='ltr'><strong>et</strong></span> <span class='ocrx_word' id='word_1_830' title='bbox 2632 5538 3164 5616; x_wconf 72' lang='lat' dir='ltr'><strong>apud_Niéephorum</strong></span> <span class='ocrx_word' id='word_1_831' title='bbox 3178 5542 3396 5616; x_wconf 49' lang='lat' dir='ltr'><strong>degitur</strong></span> <span class='ocrx_word' id='word_1_832' title='bbox 3428 5542 3698 5616; x_wconf 75' lang='grc' dir='ltr'>Πρίσκαν,</span> 
     </span>
    </p>
   </div>
   <div class='ocr_carea' id='block_1_126' title="bbox 2127 5611 3698 5732">
    <p class='ocr_par' dir='ltr' id='par_1_126' title="bbox 2127 5611 3698 5732">
     <span class='ocr_line' id='line_1_128' title="bbox 2127 5611 3698 5732; baseline 0.005 -72"><span class='ocrx_word' id='word_1_833' title='bbox 2127 5624 2290 5732; x_wconf 56' lang='lat' dir='ltr'><strong>quam</strong></span> <span class='ocrx_word' id='word_1_834' title='bbox 2319 5611 2955 5694; x_wconf 58' lang='lat' dir='ltr'><strong>scripturamconiirtuat</strong></span> <span class='ocrx_word' id='word_1_835' title='bbox 2983 5614 3144 5694; x_wconf 75' lang='lat' dir='ltr'><strong>etiam</strong></span> <span class='ocrx_word' id='word_1_836' title='bbox 3177 5611 3430 5695; x_wconf 30' lang='lat' dir='ltr'><strong>Ru‘linus.</strong></span> <span class='ocrx_word' id='word_1_837' title='bbox 3481 5611 3589 5670; x_wconf 76' lang='lat' dir='ltr'><strong>Sed</strong></span> <span class='ocrx_word' id='word_1_838' title='bbox 3645 5622 3698 5695; x_wconf 73' lang='lat' dir='ltr'><strong>et</strong></span> 
     </span>
     <span class='ocr_line' id='line_1_129' title="bbox 2174 5679 3693 5732; baseline 0 0"><span class='ocrx_word' id='word_1_839' title='bbox 2174 5681 2492 5732; x_wconf 83' lang='lat' dir='ltr'><strong>erlulltanus</strong></span> <span class='ocrx_word' id='word_1_840' title='bbox 2523 5690 2576 5732; x_wconf 84' lang='lat' dir='ltr'><strong>et</strong></span> <span class='ocrx_word' id='word_1_841' title='bbox 2608 5679 2952 5732; x_wconf 82' lang='lat' dir='ltr'><strong>Ftrunlianns</strong></span> <span class='ocrx_word' id='word_1_842' title='bbox 2983 5685 3184 5732; x_wconf 83' lang='lat' dir='ltr'><strong>alttaue</strong></span> <span class='ocrx_word' id='word_1_843' title='bbox 3238 5681 3485 5732; x_wconf 71' lang='lat' dir='ltr'><strong>Priscum</strong></span> <span class='ocrx_word' id='word_1_844' title='bbox 3517 5698 3693 5732; x_wconf 80' lang='lat' dir='ltr'><strong>numi-</strong></span> 
     </span>
    </p>
   </div>
   <div class='ocr_carea' id='block_1_127' title="bbox 2174 5679 3693 5752">
    <p class='ocr_par' dir='ltr' id='par_1_127' title="bbox 2174 5679 3693 5752">
     <span class='ocr_line' id='line_1_130' title="bbox 2174 5679 3693 5752; baseline 0.003 -19"><span class='ocrx_word' id='word_1_845' title='bbox 2174 5681 2492 5738; x_wconf 84' lang='lat' dir='ltr'><strong>ertullianus</strong></span> <span class='ocrx_word' id='word_1_846' title='bbox 2523 5690 2576 5738; x_wconf 87' lang='lat' dir='ltr'><strong>et</strong></span> <span class='ocrx_word' id='word_1_847' title='bbox 2607 5679 2952 5741; x_wconf 86' lang='lat' dir='ltr'><strong>Firtnilianus</strong></span> <span class='ocrx_word' id='word_1_848' title='bbox 2983 5683 3184 5752; x_wconf 84' lang='lat' dir='ltr'><strong>aliique</strong></span> <span class='ocrx_word' id='word_1_849' title='bbox 3238 5681 3496 5740; x_wconf 68' lang='lat' dir='ltr'><strong>Prisc-ant</strong></span> <span class='ocrx_word' id='word_1_850' title='bbox 3517 5683 3693 5740; x_wconf 84' lang='lat' dir='ltr'><strong>nomi-</strong></span> 
     </span>
    </p>
   </div>
  </div>
