3878 6490
174 375 254 434 ιπ

174 515 237 551 σοι
262 493 356 565 (l6)
385 493 528 548 πᾶσα
555 489 749 564 Γραφὴ
787 491 1018 547 κωλύειν
1068 495 1354 566 προφήτην
1401 492 1696 563 λαμϐάνειν
1725 495 1769 550 Α

173 590 290 661 δῶρα
310 586 394 640 καὶ
415 585 701 658 χρήματα;
735 587 903 640 Ὅταν
949 581 1040 640 οὖν
1069 586 1162 641 ἰδω
1196 585 1295 658 τὴν
1321 585 1588 658 προφῆτιν
1620 585 1698 637 εἰ-

173 682 363 751 ληφυῖαν
412 677 500 731 καὶ
547 675 752 748 χρυσον
816 676 912 729 καὶ
965 677 1204 748 ἄργυρον
1247 678 1340 731 καὶ
1391 675 1696 738 πολυτελεῖς

1144 369 1500 429 HISTORle
1539 362 2098 428 ECCLESIASTICAS
2137 359 2264 416 LIB.
2310 357 2372 417 ν.

3263 353 3368 408 478

1801 487 2052 542 universa
2087 481 2410 552 prohibere,
2447 490 2514 532 ne
2535 472 2798 546 prepheta
2841 486 3066 530 munera
3097 482 3151 529 et
3200 489 3368 545 pecu-

1799 579 1920 634 nias
1943 573 2213 644 accipiat?
2235 573 2369 627 Cum
2401 570 2562 641 igitur
2596 569 2804 622 videam
2843 567 3244 638 prophetissam
3269 581 3371 617 an-

1796 686 1916 726 rum
1971 679 2024 725 et
2074 675 2355 738 argentum
2404 671 2694 730 vestesque
2755 661 3024 730 pretiosas
3067 660 3364 728 accepisse,

175 772 383 842 ἐσθῆτας,
412 769 523 832 πῶς
564 768 734 840 αὐτὴν
776 769 849 839 μὴ
896 771 1340 839 παραιτήσομαι;
1380 787 1398 820 ι
1445 763 1610 830 Αὖθις
1639 765 1696 819 δὲ

1805 761 2066 832 quomodo
2092 774 2210 814 eam
2249 772 2356 812 non
2391 753 2761 825 repudiabo?»
2810 752 2876 806 Et
2925 751 3083 822 paulo
3122 760 3243 821 post
3295 752 3361 804 de

174 860 494 926 ὑποκαταϐὰς,
525 860 655 932 περί
684 879 826 925 τινος
852 860 956 914 τῶν
985 863 1103 914 κατ’
1133 862 1327 924 αὐτοὺς
1354 858 1696 932 ὁμολογητῶν

1805 853 2026 924 quodam
2072 866 2140 906 ex
2176 864 2362 904 eorum
2415 860 2642 901 numero
2695 845 2784 914 qui
2843 845 3182 898 confessores
3220 843 3360 911 apud

171 955 312 1010 ταῦτά
335 969 486 1022 φησιν
511 968 523 982 ·
568 971 586 1004 ι
635 953 755 1005 Ἔτι
785 953 841 1006 δὲ
881 954 974 1006 καὶ
1009 953 1256 1024 Θεμίσων
1298 954 1326 1006 ὁ
1350 953 1448 1023 τὴν
1487 951 1696 1018 ἀξιόπι-

172 1063 270 1099 στον
310 1043 606 1108 πλεονεξίαν
646 1045 760 1114 (l7)
786 1044 1190 1115 ἠμφιεσμένος,
1234 1045 1262 1097 ὁ
1308 1046 1381 1116 μη
1427 1043 1699 1114 βαστάσας

171 1137 248 1206 τῆς
269 1133 533 1206 ὁμολογίας
562 1133 623 1186 τὸ
657 1138 884 1206 σημεῖον
913 1133 1023 1205 (18)
1045 1173 1058 1196 ,
1085 1132 1217 1186 ἀλλὰ
1249 1133 1441 1205 πλήθει
1484 1131 1699 1204 χρημά-

169 1244 254 1279 των
278 1225 592 1296 ἀποθέμενος
624 1225 696 1280 τά
727 1226 922 1297 δεσμά,
957 1226 1073 1279 δέον
1104 1226 1195 1279 ἐπὶ
1239 1224 1414 1296 τούτῳ
1452 1241 1699 1278 ταπεινο-

171 1320 375 1388 φφνείν,
401 1316 474 1380 ὡς
518 1317 727 1388 μάρτυς
765 1315 1136 1388 καυχώμενος,
1195 1316 1459 1387 ἐτόλμησε
1506 1314 1701 1386 μιμού-

173 1426 299 1480 μενος
324 1411 406 1463 τὸν
439 1407 790 1473 Ἀπόστολον,
819 1407 1108 1480 καθολικὴν
1143 1425 1262 1460 τινα
1306 1407 1700 1478 συνταξάμενος

171 1501 434 1570 ἐπιστολὴν,
467 1503 734 1572 κατηχείν
771 1501 870 1571 μὲν
920 1502 1045 1564 τοὺς
1089 1501 1308 1571 ἄμεινον
1340 1500 1504 1554 αὑτοῦ
1544 1517 1702 1553 πεπι-

171 1592 437 1655 στευκὸτας,
470 1589 935 1660 συναγωνίζεσθαι
989 1591 1046 1646 δὲ
1091 1595 1203 1656 τοῖς
1239 1592 1338 1662 τῆς
1372 1591 1701 1660 κενοφωνίας

169 1685 329 1751 λόγοις,
361 1682 746 1755 βλασφημῆσαι
775 1684 831 1736 δὲ
855 1685 935 1747 εἰς
960 1684 1054 1736 τὸν
1081 1685 1282 1756 Κύριον
1305 1684 1546 1748 καὶτοὺς
1571 1684 1703 1738 ἀπο-

169 1774 364 1838 στόλους,
391 1776 482 1827 καὶ
511 1775 610 1846 τὴν
638 1775 801 1844 ἁγίαν
841 1775 1183 1846 Ἐκκλησίαν.
1228 1795 1248 1828 ι
1290 1778 1398 1830 Καὶ
1424 1776 1552 1848 περί
1584 1775 1701 1828 ἑτέ-

1797 945 1941 1014 ipsos
1983 944 2274 1005 habentur,
2336 941 2448 994 haec
2495 939 2664 1014 dicit:
2700 938 3012 992 «Praeterea
3064 937 3357 990 Themison

1797 1037 2044 1106 speciosa
2075 1033 2310 1087 avaritia
2349 1031 2508 1103 185
2537 1013 2854 1094 obvelatus,
2882 1030 2974 1100 qui
3010 1028 3371 1085 confessionis

1798 1130 2009 1199 signum
2040 1143 2146 1182 non
2183 1126 2430 1198 pertulit,
2457 1127 2550 1179 sed
2587 1140 2780 1195 magna
2809 1125 3051 1194 pecunia:
3080 1122 3126 1176 vi
3152 1131 3368 1188 erogata

1798 1224 2013 1278 vincula
2059 1222 2258 1292 abiecit
2293 1235 2454 1275 :cum
2505 1219 2573 1273 ob
2626 1234 2744 1272 eam
2801 1233 3017 1272 causam
3076 1214 3372 1270 modestius

1799 1316 2053 1384 deinceps
2111 1328 2174 1366 ac
2221 1310 2544 1364 submissius
2600 1323 2763 1378 agere
2811 1306 3068 1371 deberet,
3112 1315 3368 1373 tanquam

1800 1418 2006 1478 martyr
2043 1420 2162 1460 sese
2197 1401 2464 1464 eﬂerens,
2501 1416 2667 1455 ausus
2699 1408 2780 1454 est
2836 1398 3084 1467 exemplo
3123 1396 3369 1466 Apostoli

1799 1503 2107 1569 conseripta
2138 1495 2364 1565 epistola
2391 1493 2656 1547 catholica
2696 1507 2792 1546 eos
2822 1490 3061 1559 quidem,
3109 1489 3196 1557 qui
3234 1487 3371 1542 lide-

1801 1593 1965 1648 liores
2019 1593 2137 1658 ipso
2189 1587 2548 1648 exstiterant,
2608 1585 2935 1646 instituere,
2985 1597 3137 1636 novae
3189 1591 3370 1636 autem

1802 1681 2060 1737 doctrina:
2098 1675 2426 1748 patrociuari
2461 1715 2477 1738 ,
2517 1689 2582 1728 ac
2633 1681 2905 1741 postremo
2956 1673 3007 1726 in
3065 1672 3370 1736 Dominum.

1805 1774 1858 1827 in
1890 1771 2184 1842 apostolos,
2235 1777 2289 1823 et
2325 1769 2376 1821 iu
2418 1775 2824 1821 sacrosanctam
2871 1765 3168 1820 Ecclesium
3213 1766 3374 1844 impio

168 1866 322 1938 ρωνδὲ
359 1862 512 1930 αὖθις
555 1866 666 1919 τῶν
718 1868 838 1920 κατ’
882 1869 1079 1931 αὐτοὺς
1122 1847 1507 1940 τετιμημένων
1530 1867 1606 1931 ὼς
1635 1867 1699 1939 δὴ

1805 1864 1976 1934 loqui.
1999 1881 2018 1915 ι
2048 1861 2258 1916 Rursus
2291 1857 2355 1912 dc
2386 1855 2493 1912 alio
2522 1857 2754 1924 quodam
2802 1871 2865 1911 ex
2919 1869 3147 1912 numero
3186 1869 3371 1910 eorum

168 1959 450 2031 μαρτύρων,
493 1957 640 2013 οῦτω
685 1960 920 2033 γράφειο
955 1978 974 2012 ι
1010 1961 1128 2015 Ἵνα
1166 1961 1224 2015 δὲ
1254 1960 1328 2032 μὴ
1359 1962 1488 2036 περὶ
1527 1961 1704 2014 πλειό-

164 2070 246 2105 νων
269 2051 524 2122 λέγωμεν,
550 2054 584 2124 ἠ
619 2053 887 2125 προφῆτις
911 2055 1040 2125 ἡμῖν
1068 2053 1272 2108 εἰπάτω
1300 2053 1368 2108 τὰ
1391 2053 1531 2107 κατὰ
1566 2052 1702 2106 Ἀλέ-

165 2143 348 2215 ξανδρον
380 2143 469 2196 τὸν
514 2144 742 2213 λέγοντα
788 2145 976 2199 ἑαυτὸν
1030 2145 1314 2218 μάρτυρα,
1421 2148 1700 2200 συνεστιᾶ-

162 2251 262 2297 ται,
287 2228 330 2300 ᾧ
354 2235 719 2308 προσκυνοῦσι
768 2237 862 2291 καὶ
899 2237 1046 2309 αὐτῷ
1087 2237 1270 2292 πολλοὶ
1295 2238 1410 2310 (19)
1435 2278 1451 2302 ,
1499 2233 1560 2293 οὗ
1603 2238 1701 2302 τάς

163 2326 376 2396 λῃστείας
407 2329 500 2381 καὶ
523 2327 594 2381 τὰ
621 2327 756 2383 ἄλλα
783 2328 1106 2401 τολμήματα
1137 2329 1220 2399 ἐφ’
1250 2324 1331 2395 οἷς
1353 2329 1698 2393 κεκόλασται,

163 2416 237 2485 οὐχ
273 2417 409 2486 ἡμᾶς
451 2416 535 2470 δεῖ
566 2416 768 2486 λέγειν,
817 2418 952 2471 ἀλλὰ
979 2421 1007 2473 ὁ
1048 2419 1400 2491 ὀπισθόδομος
1425 2421 1536 2490 (20)
1566 2421 1698 2492 ἔχει.

163 2507 236 2570 Τίς
262 2505 346 2561 οὖν
378 2508 482 2562 τίνι
525 2509 812 2581 χαρίζεται
854 2511 922 2564 τὰ
963 2513 1372 2584 άμαρτήματα;
1422 2513 1647 2584 πότερον
1672 2512 1702 2564 ὁ

163 2600 404 2670 προφήτης
435 2599 535 2663 τὰς
562 2600 820 2673 λῃστείας
856 2600 935 2672 τῷ
961 2601 1230 2674 μάρτυρι,
1262 2602 1295 2672 ἢ
1331 2604 1360 2656 ὁ
1385 2602 1593 2673 μάρτυς
1622 2601 1702 2674 τῷ

163 2692 374 2763 προφήτῃ
397 2691 496 2754 τὰς
524 2691 837 2757 πλεονεξίας
863 2709 876 2756 ;
911 2693 1191 2765 εἰρηκότος
1216 2692 1322 2765 γὰρ
1341 2692 1435 2746 τοῦ
1471 2693 1698 2764 Κυρίου,

162 2781 235 2853 Μὴ
260 2783 518 2856 κτήσησθε
545 2785 766 2855 χρυσὸν,
803 2787 936 2858 μήτε
959 2787 1214 2858 ἄργυρον,
1248 2787 1382 2858 μήτε
1419 2786 1512 2840 δύο
1540 2785 1702 2857 χιτῶ-

161 2891 256 2936 νας,
303 2870 437 2929 οὗτοι
503 2879 611 2930 πᾶν
666 2875 996 2939 τούναντίον,
1038 2875 1534 2947 πεπλημμελήκασι
1575 2875 1701 2946 περὶ

161 2961 242 3024 τὰς
270 2963 459 3017 τούτων
511 2966 622 3018 τῶν
661 2964 1124 3036 ἀπηγορευμένων
1163 2967 1402 3035 κτήσεις.
1445 2963 1700 3034 Δείξομεν

161 3051 248 3123 γὰρ
267 3056 379 3118 τοὺς
401 3055 728 3126 λεγομένους
761 3055 888 3127 παρ’
915 3057 1096 3118 αὐτοῖς
1127 3057 1406 3127 προφήτας
1432 3056 1527 3108 καὶ
1560 3055 1701 3126 μάρ-

159 3159 316 3212 τυρας,
363 3146 433 3217 μὴ
466 3146 628 3216 μόνον
675 3145 828 3217 παρὰ
871 3144 1138 3198 πλουσίων
1159 3186 1172 3210 ,
1224 3144 1359 3198 ἀλλὰ
1408 3147 1503 3200 καὶ
1545 3145 1698 3216 παρὰ

161 3238 355 3308 πτωχῶν
387 3241 479 3293 καὶ
523 3239 780 3310 ὀρφανῶν
822 3241 916 3296 καὶ
950 3240 1132 3313 χηρῶν
1173 3241 1690 3313 κερματιζομὲνους.

160 3331 248 3384 Καὶ
275 3333 317 3384 εἰ
342 3332 662 3404 πεποίθησιν
703 3333 916 3403 ἔχουσιν
957 3336 1015 3388 ὲν
1042 3333 1214 3406 τούτῳ
1235 3375 1249 3396 ,
1292 3337 1570 3405 στήτωσαν
1601 3334 1696 3387 καὶ⁵

157 3419 541 3492 διορισάσθωσαν
581 3424 674 3477 ἐπὶ
705 3424 915 3488 τούτοις
957 3424 1091 3497 (2!),
1137 3426 1224 3480 ἴνα
1250 3425 1343 3478 ἐὰν
1375 3423 1695 3495 ἐλεγχθῶσι,

158 3511 240 3566 κᾶν
259 3515 342 3568 τοῦ
379 3516 566 3570 λοιποῦ
601 3517 913 3572 παύσωνται
955 3518 1397 3592 πλημμελοῦντες
1416 3535 1430 3548 ο
1462 3519 1544 3571 δεῖ
1576 3516 1684 3588 γάρ

157 3607 258 3671 τοὺς
281 3611 516 3681 καρποὺς
544 3609 931 3682 δοκιμάζεσθαι
957 3611 1050 3664 τοῦ
1089 3612 1370 3683 προφήτου
1389 3627 1402 3641 ⁸
1435 3609 1544 3664 ἀπὸ
1588 3609 1698 3682 γὰρ

157 3697 229 3751 τοῦ
254 3701 453 3772 καρποῦ
475 3703 538 3756 τὸ
570 3702 788 3774 δένδρον
823 3704 1163 3773 γινώσκεται.
1203 3705 1318 3756 Ἵνα
1347 3703 1402 3757 δὲ
1433 3705 1546 3766 τοῖς
1575 3702 1698 3772 βου-

157 3786 364 3860 λομένοις
385 3793 452 3846 τὰ
480 3793 624 3847 κατὰ
666 3794 1010 3866 Ἀλέξανδρον
1128 3783 1399 3866 γνώριμα,
1447 3794 1697 3867 κέκριται

158 3877 241 3932 ὑπὸ
266 3882 498 3950 Αἰμιλίου
544 3885 836 3956 Φροντίνου
882 3884 1191 3940 ἀνθυπάτου
1239 3888 1296 3939 ὲν
1342 3885 1587 3956 Ἐφέσῳ,
1634 3885 1694 3938 ού

156 3967 226 4022 διὰ
250 3970 305 4024 τὸ
357 3973 560 4045 δνομα,
608 3973 745 4027 ἀλλὰ
790 3975 857 4028 δι’
897 3974 964 4040 ἃς
996 3976 1256 4047 ἐτόλμησε
1306 3976 1590 4048 λῃστείας,
1623 3975 1699 4029 ὢν

157 4057 236 4131 ἤδη
281 4064 598 4135 παραϐάτης
647 4065 760 4136 (22)
787 4082 802 4096 ·
857 4059 975 4119 εἶτα
1023 4067 1456 4138 ἐπιψευσάμενος
1484 4067 1560 4138 τῷ
1587 4069 1700 4122 ὀνό-

211 4214 311 4297 (ιο)
336 4217 508 4271 Δοκεῖ
530 4235 653 4297 σοι.
687 4218 1024 4297 Nicephorus
1065 4221 1138 4297 iu‘
1167 4220 1260 4297 lib.
1313 4237 1387 4297 tv,
1433 4237 1553 4291 cap.
1603 4223 1694 4282 26.

157 4290 422 4352 negativam
483 4290 636 4342 addit
682 4291 1024 4359 particulam,
1086 4290 1147 4344 ού
1205 4291 1353 4344 δοκεῖ
1404 4290 1512 4353 σοι,
1561 4303 1693 4358 ete.;

156 4365 293 4476 Vatque
315 4358 386 4412 ita
420 4360 660 4414 Savihus
685 4358 767 4413 ad
798 4361 1092 4430 marginem
1147 4365 1228 4415 sui
1267 4363 1388 4416 libri
1440 4363 1699 4417 emenda-

208 4493 310 4568 (l7)
339 4498 454 4566 Τὴν
477 4499 836 4565 ἀξιόπιστον
864 4500 1242 4566 πλεονεξίαν.
1280 4500 1550 4557 Musculus
1581 4518 1700 4556 ver-

1803 1971 1938 2026 quos
1959 1954 2034 2008 illi
2065 1963 2321 2023 tanquam
2356 1959 2620 2021 martyres
2661 1957 3010 2014 venerantur,
3045 1948 3117 2001 ita
3137 1946 3326 2002 scribit
3356 1965 3371 2001 :

1807 2067 1828 2103 ι
1863 2047 1971 2104 Sed
2005 2061 2072 2101 ne
2109 2046 2174 2099 de
2215 2043 2462 2114 pluribus
2511 2041 2818 2111 loquamur,
2865 2040 3189 2110 respondeat
3221 2037 3377 2094 nobis

1803 2138 2142 2211 prophetissa
2182 2136 2248 2191 de
2275 2133 2582 2188 Alexandro
2623 2133 2714 2202 qui
2749 2147 2808 2186 se
2845 2143 3143 2204 martyrem
3176 2131 3374 2202 praedi-

1801 2242 1925 2290 cet:
1959 2246 2189 2304 quocum
2229 2230 2348 2300 ipsa
2384 2229 2736 2295 convivatur;
2771 2229 2862 2298 qui
2913 2228 3169 2284 adorator
3211 2227 3373 2283 etiam

1801 2325 1920 2396 ipse
1944 2339 1974 2378 a
2010 2322 2213 2377 multis.
2249 2320 2418 2391 Cujus
2447 2319 2736 2374 latrocinia
2782 2327 2838 2374 et
2875 2319 3082 2388 reliqua
3129 2317 3374 2372 facinora

1799 2431 1900 2488 pro
1931 2414 2130 2486 quibus
2155 2427 2352 2480 poenas
2387 2413 2556 2476 dedit,
2587 2411 2720 2466 nihil
2752 2426 2888 2481 opus
2927 2421 3008 2465 est
3043 2426 3144 2466 uos
3174 2412 3374 2480 dicere,

1801 2507 2100 2577 presertim
2134 2520 2257 2560 cum
2286 2501 2342 2556 in
2366 2503 2635 2558 tabulario
2661 2505 3076 2558 contineantur.
3119 2503 3248 2558 Uter
3269 2503 3373 2573 igi-

1803 2608 1889 2654 tur
1917 2599 2131 2652 illornm
2173 2597 2328 2653 alteri
2373 2605 2591 2668 peccata
2624 2597 2937 2652 condonet?
2973 2597 3052 2650 Au
3086 2594 3378 2664 prophetes

1801 2690 2022 2762 martyri
2048 2689 2369 2744 latrocinia!
2407 2705 2474 2742 au
2507 2702 2715 2758 martyr
2756 2689 3035 2757 prophetae
3064 2685 3378 2745 avaritiam?

1799 2783 1932 2838 Cum
1985 2783 2132 2838 enim
2176 2781 2436 2836 Dominus
2478 2782 2840 2850 praeceperit:
2880 2779 3054 2832 Nolite
3103 2777 3380 2846 possidere

1800 2889 1989 2927 aurum
2024 2887 2201 2941 neque
2235 2882 2518 2942 argentum
2547 2911 2562 2935 ,
2612 2886 2785 2939 neque
2829 2871 2964 2923 duas
2992 2869 3238 2932 tunicas;
3288 2869 3378 2922 ἰειί

1799 2974 1986 3020 contra
2015 2965 2065 3018 iu
2092 2978 2269 3016 rerum
2291 2964 2577 3015 vetitarum
2622 2961 2960 3029 possessione
2985 2961 3226 3028 graviter
3246 2957 3380 3011 deli-

1797 3064 2054 3125 querunt.
2083 3053 2363 3128 Quileuim
2409 3053 2479 3106 ab
2522 3051 2652 3120 ipsis
2677 3051 2955 3118 propheta:
3005 3057 3059 3102 et
3103 3057 3376 3115 martyres

1801 3149 2077 3211 dicuntur,
2112 3161 2206 3200 eos
2241 3161 2344 3200 non
2373 3146 2547 3198 solum
2603 3158 2630 3195 a
2679 3141 2960 3205 divitibus,
3012 3141 3104 3196 sed
3148 3143 3310 3194 etiam
3343 3154 3375 3193 α

1801 3238 2086 3304 mendicis,
2153 3235 2369 3307 pupillis
2433 3245 2487 3290 et
2541 3233 2717 3287 viduis
2767 3233 3027 3304 pecunias
3086 3244 3376 3300 corrogare

1801 3330 2318 3387 demonstrabimus.
2373 3328 2528 3395 Quod
2565 3329 2608 3383 si
2639 3329 2741 3382 hac
2775 3328 2827 3380 iu
2886 3335 3040 3394 parte
3096 3321 3376 3377 confidunt

1799 3425 2125 3481 innocentiae
2162 3438 2274 3478 sua:
2311 3462 2327 3488 ,
2371 3424 2566 3477 sistant
2599 3435 2691 3482 se.
2746 3421 2908 3475 etde
2963 3420 3044 3472 his
3097 3415 3376 3470 nobiscum

1800 3518 2126 3586 disceptent,
2172 3524 2231 3570 nt
2292 3516 2560 3585 siquidem
2621 3513 2856 3568 convicti
2909 3512 3126 3572 fuerint,
3187 3508 3376 3563 saltem

1801 3608 1854 3663 iu
1879 3619 2155 3679 posterum
2187 3607 2502 3678 delinquere
2535 3606 2804 3663 desinant.
2852 3607 3021 3659 Actus
3049 3603 3193 3657 enim
3249 3618 3376 3671 pro-

1804 3702 1984 3771 pheta:
2016 3712 2275 3771 tanquam
2295 3700 2506 3755 fructus
2533 3699 2884 3754 examinandi
2909 3706 3034 3751 sunt
3063 3715 3074 3751 :
3103 3711 3165 3750 ex
3188 3694 3380 3749 fructi‘

1804 3795 1905 3848 bus
1933 3794 2131 3863 quippe
2165 3792 2330 3847 arbor
2354 3794 2722 3862 cognoscitur.
2775 3790 2929 3857 Quod
2976 3805 3102 3844 vero
3151 3789 3217 3843 ad
3248 3786 3378 3842 Ale-

1804 3888 2070 3940 xandrum
2102 3887 2355 3956 pertinet,
2392 3897 2448 3939 ut
2473 3887 2674 3940 veritas
2698 3887 2953 3940 omnibus
2977 3898 3134 3938 nosse
3153 3883 3380 3952 cupien-

1807 3979 1951 4031 tibus
1982 3979 2312 4038 inuoiescat,
2353 3975 2628 4045 judicatus
2667 3985 2754 4031 est
2794 3975 2992 4046 Ephesi
3033 3974 3101 4027 ah
3157 3971 3380 4028 Emilio
3473 4019 3476 4021 Α

1804 4068 2090 4134 Frontino,
2114 4068 2259 4124 Asiae
2286 4067 2630 4138 proconsule,
2684 4081 2791 4122 nou
2827 4067 2897 4120 ob
2929 4080 3124 4121 nomen
3152 4064 3377 4127 Christi,

1806 4222 2038 4277 beudum
2064 4223 2276 4276 videtur
2299 4223 2390 4276 καὶ
2415 4223 2614 4286 αὐτῶν,
2651 4222 2701 4275 id
2738 4231 2819 4276 est
2869 4220 3338 4275 Montanis-tarum.

1876 4293 1989 4363 (‘20)
2033 4293 2466 4362 Ὀπισθόδομος.
2515 4293 2740 4346 Athenis
2777 4293 3061 4363 dicebatur
3102 4288 3378 4363 άπισθᾲδο-

1808 4359 1909 4435 μος
1946 4359 2088 4417 antes
2111 4359 2354 4434 quaalan}
2389 4374 2512 4431 post
2539 4363 2801 4435 templum
2830 4361 3079 4414 Minerva:
3119 4359 3373 4435 Poliadis‘,

1809 4424 1860 4486 in
1888 4424 1991 4502 qua
2020 4424 2258 4501 pecuniae
2291 4424 2519 4496 puli-lica:
2556 4424 3010 4494 recontlebatttur,
3031 4440 3096 4502 ut
3143 4445 3208 4482 ex
3257 4424 3379 4502 De;

1809 4499 2090 4557 mosthene
2133 4506 2289 4557 dot-et
2333 4502 2745 4571 llarpocration.
2775 4502 2878 4555 Sed
2928 4512 2978 4554 et
3027 4501 3076 4553 in
3107 4499 3376 4571 omnibus

159 4552 789 4624 tit‘intllubi‘tata’araritia
823 4552 1202 4627 σίνὲᾶἡίάὶᾶὶιῖζ
1229 4552 1696 4640 cietanimis-
1731 4552 1776 4606 υ
1808 4552 2980 4642 angustia}aeabaapggimonam;
3013 4552 3065 4624 It!
3093 4552 3375 4642 Delittgun

157 4651 236 4690 nus
263 4653 387 4692 vero
427 4649 570 4694 totus
620 4656 796 4693 resera
833 4641 1073 4694 avaritia:
1111 4645 1355 4696 sordibus
1407 4645 1692 4697 involutus.

155 4702 342 4779 Langus
363 4719 544 4764 autem
571 4711 958 4779 interpretatus
983 4721 1090 4774 est,
1142 4712 1475 4777 inexplebilis
1526 4715 1697 4766 amri-

154 4777 225 4852 tice
247 4781 482 4852 sordibus
522 4777 819 4842 absolutus.
850 4783 1002 4849 quasi
1055 4781 1330 4852 ἄπληστον
1387 4780 1699 4847 πλεονεξίαν

156 4843 553 4925 legeretur._Ego
574 4865 706 4925 vero
732 4867 837 4903 non
861 4843 1084 4925 _dubito_
1122 4843 1250 4920 qn'iu
1286 4854 1372 4908 hic
1409 4843 1696 4925 Aloeus'ita

157 4917 510 4991 intelligendus
541 4921 612 4975 sit
648 4931 708 4975 ut
742 4921 910 4991 verti,
944 4922 1086 4991 quod
1129 4917 1264 4978 satis
1305 4923 1547 4979 declarat
1595 4939 1696 4976 vox

155 4987 519 5060 ἠμφιεσμένος,
555 5006 661 5061 qua
691 4987 1036 5044 velamentum
1061 5003 1114 5045 et
1155 4992 1424 5048 simulatio
1455 4994 1699 5059 designa-

156 5065 242 5134 tur.
262 5061 467 5116 Etenim
493 5061 835 5134 Montanistte
871 5061 945 5134 illi
969 5063 1261 5134 avaritiam
1293 5078 1446 5134 suam
1470 5065 1696 5134 religio-

155 5127 222 5200 tlis
242 5141 493 5196 prmtextu
524 5142 579 5186 et
613 5132 862 5200 specioso
891 5131 1224 5187 oblationum
1255 5133 1518 5198 vocabulo
1542 5127 1700 5188 obve-

158 5193 330 5260 labsnt,
357 5211 412 5276 u_t
437 5193 806 5276 supra_'dix_it
841 5203 1154 5276 Apollonius
1188 5217 1202 5256 :
1243 5204 1301 5257 ὐ
1338 5203 1424 5257 ἐπ’
1477 5193 1700 5276 ὀνόματι

154 5273 448 5344 προσφορῷν
474 5271 819 5344 δωροληψίαν
848 5271 1295 5344 ἐπιτεχνώμενος.

209 5341 310 5413 (l8)
338 5341 449 5410 Τῆς
473 5341 900 5414 ὁμολογίας-τὸ
929 5341 1202 5414 σημεῖον.
1253 5345 1702 5414 Christophorso-

154 5421 234 5484 [tus
263 5416 470 5481 quidem
531 5419 756 5466 crucem
806 5413 1033 5484 intelligi
1091 5415 1318 5483 putavit,
1361 5432 1426 5471 eo
1461 5413 1604 5484 quod
1646 5417 1697 5470 in

153 5475 414 5553 Evangeho
441 5498 580 5538 crux
607 5483 816 5553 portari
843 5475 1155 5552 frequ'eut'er
1183 5475 1401 5542 dicitur.
1439 5475 1546 5540 sed
1573 5500 1702 5553 pro-

151 5549 222 5624 gul
246 5549 396 5624 dubio
453 5549 683 5624 vincula
730 5552 845 5624 ipsa
901 5549 1154 5622 intelligit
1199 5553 1536 5624 Apollonius,
1573 5549 1702 5624 qua:

151 5613 424 5699 Τίιιειιιίιῑοη⁸
469 5639 572 5699 pro
611 5613 848 5699 Δ(Ζιιςῆω
904 5613 1124 5699 ροιοιιιῖε
1174 5613 1700 5699 ιιθᾲυἰνλοτειίρίιοιι

151 5692 276 5743 enim
302 5692 912 5767 confessionissignum
935 5692 1023 5747 hic
1044 5705 1212 5767 _vocat
1243 5692 1582 5767 Apollonius,
1617 5709 1703 5752 se-

150 5770 326 5822 quente
353 5764 490 5822 linea
527 5766 779 5818 nominat
797 5762 868 5815 τὰ
887 5762 1082 5822 δεσμά.

210 5828 312 5900 (l9)
339 5827 407 5906 *ρ
431 5831 861 5904 προσκυνοῦσι
905 5827 1002 5888 καί
1054 5833 1212 5900 αὐτῷ
1241 5837 1477 5891 πολλοί.
1545 5835 1700 5892 Scri-

1802 4641 2038 4696 Latina:
2069 4643 2196 4696 Ideo
2221 4643 2272 4695 in
2304 4641 2501 4696 (edibus
2529 4643 2694 4695 sacris
2729 4653 2850 4694 ante
2871 4641 3076 4704 cellam,
3107 4641 3192 4692 ubi
3226 4644 3374 4693 sedes

1800 4714 1883 4766 dei
1926 4723 2022 4777 est,
2061 4714 2232 4766 (ἐτωσί
2261 4712 2770 4783 Δίειιηιγπρόδομον.
2796 4713 2936 4779 quod
2956 4721 3113 4783 post,
3151 4709 3372 4783 ὀπισθό-

1800 4783 1983 4854 δομον.
2019 4784 2214 4837 Eadem
2251 4783 2414 4854 habet
2454 4781 2720 4838 Po'llax‘iu
2752 4783 2843 4835 lib.
2877 4798 2912 4834 ι.
2954 4781 3049 4854 llic
3096 4795 3222 4854 vero
3251 4781 3374 4834 ὀπι-

1803 4851 2061 4924 σθόδομος
2083 4868 2179 4924 pro
2213 4853 2476 4906 tabulario
2501 4854 2735 4907 sumitur
2765 4867 2858 4905 seu
2899 4867 2994 4920 pro
3025 4851 3139 4904 loro
3176 4852 3227 4924 iu
3265 4868 3372 4920 quo

1805 4923 2006 4978 tobulie
2037 4923 2263 4993 publica:
2291 4924 2711 4977 asservabantur
2732 4963 2746 4985 ,
2778 4939 2881 4993 non
2934 4937 3028 4993 pro
3063 4923 3279 4982 ωιτη-ξι),
3317 4930 3374 4975 ιιι

1801 4991 2614 5065 sumiturapudAthenienses.
2654 4994 2795 5046 lul'ra
2845 4991 3101 5062 δημόσιον
3157 4993 3373 5065 ἀρχεῖον

1801 5075 1958 5118 vocat
1978 5063 2307 5132 Apollonius.

1873 5135 1984 5203 (2|)
2017 5131 2504 5201 Διορισάσθωσαν
2523 5134 2620 5188 ἐπὶ
2647 5133 2898 5199 τούτοις.
2926 5131 3197 5187 Musculus
3248 5146 3372 5187 ver-

1805 5205 1884 5260 tit.
1914 5215 1961 5257 et
1983 5220 2139 5271 super
2163 5221 2225 5257 ea
2268 5205 2536 5257 nobiscum
2563 5207 2872 5271 disceptent,
2909 5220 2971 5256 ea
2995 5205 3104 5272 lege
3126 5215 3202 5268 ut,
3227 5211 3334 5254 etc.

1874 5273 1986 5345 ('22)
2021 5277 2125 5327 Ὢν
2175 5273 2295 5342 ἤδη
2336 5273 2698 5342 παραϐάτης.
2747 5274 2900 5345 lluuc
2960 5275 3131 5327 locum
3172 5272 3372 5345 optime

1803 5342 2032 5400 Rulinus
2064 5349 2313 5412 exposuit
2359 5347 2460 5399 hoc
2500 5349 2699 5398 modo:
2753 5342 3040 5396 Judicatus
3097 5351 3171 5395 est
3226 5344 3373 5410 apud

1802 5414 2086 5470 JEmilium
2119 5415 2433 5468 Frontinum
2467 5414 2830 5480 proconsulem
2855 5413 3070 5474 Ephesi,
3125 5427 3228 5464 non
3251 5427 3375 5480 pro-

1801 5495 1918 5554 pter
1949 5501 2131 5538 nomen
2162 5483 2382 5549 Christi,
2413 5479 2501 5537 sed
2518 5493 2744 5554 propter
2786 5479 3372 5554 quedamglatrociuia.

1806 5550 1949 5608 Nam
1981 5573 2012 5606 a
2041 5553 2237 5608 Christi
2273 5556 2480 5608 nomine
2496 5551 2613 5621 jam
2643 5550 2883 5620 apostata
2919 5551 3213 5605 exstiterat.
3265 5550 3373 5606 Sed

1801 5627 2030 5694 posthaec
2065 5636 2118 5676 ut
2141 5624 2319 5694 ﬁdeles
2349 5626 2566 5692 quidam
2593 5623 2804 5691 fratres,
2839 5623 2928 5691 qui
2951 5637 3042 5694 per
3085 5621 3217 5694 illud
3245 5632 3376 5674 tem-

1803 5691 1902 5764 pus
1932 5695 2071 5760 apud
2092 5693 2328 5764 judicent
2355 5691 2558 5763 aliquid
2579 5705 2840 5760 poterant,
2879 5707 2976 5759 pro
2998 5692 3121 5764 ipso
3140 5691 3370 5764 interce-

1803 5762 2016 5829 derent,
2045 5763 2311 5817 simulavit
2331 5779 2386 5817 se
2407 5762 2617 5831 promer
2646 5779 2832 5816 nomen
2872 5763 3080 5816 Domini
3099 5762 3372 5831 laborare.

1805 5844 1853 5888 et
1885 5828 2114 5904 pullos
2161 5828 2465 5888 dimittitur.
2504 5828 2592 5888 At
2637 5828 3114 5905 Christophorsoni
3174 5833 3370 5898 versio.
