3878 6500
559 380 668 437 483

1298 369 1566 428 EUSEBII
1603 365 2069 425 CIESARIENSIS

2196 365 2254 422 P.
2296 365 2472 423 PARS
2508 367 2549 424 Ι.
2590 398 2658 413 ε-
2695 367 3084 427 HISTORICA.

3675 379 3758 440 ιιι

562 502 701 556 rium
759 497 1139 570 episcoporum
1204 493 1346 548 idem
1414 506 1540 546 cum
1600 490 1710 546 illis
1775 488 2085 545 sentientiut

2227 485 2449 558 σκίλλης
2480 485 2749 553 ἐκϐαλεῖν,
2779 487 2873 542 καὶ
2893 489 2942 541 οἰ
2970 481 3260 558 ὑποκριταὶ
3282 488 3380 543 οὐκ
3397 487 3627 561 ἀφῆκαν.
3668 495 3758 550 K'al

557 587 988 658 subscriptiones
1009 583 1244 656 propriis
1278 585 1520 652 ipsorum
1554 581 1806 635 manibus
1839 578 2118 650 appositae,

557 681 609 736 in
638 680 727 735 illa
757 695 920 750 quam
949 678 1060 734 dixi
1087 677 1318 747 epistola
1357 675 1628 746 leguntur.
1687 673 1755 727 Et
1802 688 1861 728 ea
1901 670 2119 743 quidem

554 785 674 842 quae
703 771 769 826 ad
802 769 920 825 illos
959 768 1248 824 haereticos
1279 765 1587 837 pertinent,
1614 761 1922 832 hujnsmodi
1945 760 2116 815 fuere.

1144 951 1370 1009 CAPUT
1399 949 1522 1006 XX.

555 1045 687 1114 Qua:
726 1045 964 1102 [renatus
1003 1046 1251 1101 adversus
1296 1041 1660 1099 schisntaticos
1701 1038 1879 1094 Romae
1905 1048 2116 1110 agentes

1127 1115 1520 1181 conscripserit.

619 1207 892 1263 Adversus
917 1216 1096 1260 autem
1124 1204 1244 1259 illos
1266 1203 1356 1273 qui
1381 1204 1644 1257 sinceram
1665 1200 1918 1255 Ecclesia:
1941 1200 2113 1268 legem

551 1300 948 1363 adulterabaut,
984 1299 1216 1352 lreuzeus
1245 1295 1425 1349 varias
1475 1293 1804 1362 conscripsit
1835 1291 2110 1361 epistolas.

549 1391 784 1446 Alteram
816 1391 882 1445 ad
912 1390 1151 1443 Blastum
1185 1403 1346 1458 quam
1379 1385 1662 1454 inscripsit
1692 1383 1764 1437 De
1789 1384 2066 1437 schismate
2091 1397 2111 1434 :

547 1488 770 1536 aiteram
824 1480 891 1534 ad
945 1479 1226 1534 Florinum
1272 1476 1351 1530 De
1410 1474 1746 1540 Mancre/tia,
1802 1488 1894 1528 seu
1959 1472 2110 1537 Quod

546 1573 685 1627 Deus
715 1589 816 1626 non
850 1573 917 1627 sit
948 1572 1187 1624 conditor
1220 1568 1498 1622 malorum.
1532 1567 1660 1620 Eam
1689 1566 1834 1620 enim
1885 1564 2098 1633 opinio-

546 1681 664 1719 nem
700 1664 789 1718 hic
818 1663 1112 1718 defendere
1157 1661 1464 1714 videbatur.
1517 1657 1618 1725 Qui
1671 1672 1795 1712 cum
1831 1665 2016 1727 postea
2053 1655 2106 1708 in

543 1770 783 1811 errorem
819 1753 1085 1807 Valentini
1120 1753 1378 1821 abreptus
1409 1751 1618 1815 fuisset,
1652 1749 1849 1803 iterum
1875 1747 2108 1802 lrenaaus

2222 578 2397 633 ἄλλων
2421 579 2478 634 δέ
2503 579 2762 633 πλειόνων
2793 579 2884 634 τὸν
2934 580 3165 652 ἀριθμὸν
3208 581 3520 637 ἐπισκόπων
3567 587 3752 661 συμψή-

2223 689 2337 742 φων
2360 671 2566 735 τούτοις
2601 673 2657 724 ἐν
2691 675 2804 736 τοῖς
2837 671 3121 742 δηλωθεῖσι
3163 674 3485 747 γράμμασιν
3528 677 3759 750 αὐτόγρα-

2222 778 2310 830 φοι
2349 759 2600 830 φέρονται
2629 759 2974 833 σημειώσεις.
3005 762 3116 815 Kal.
3144 762 3214 817 τὰ
3249 765 3345 836 μὲν
3384 765 3527 820 κατά
3567 767 3758 837 τούτους

2217 846 2288 922 ἦν
2315 850 2556 906 τοιαῦτα.

2738 946 3132 1003 ΚΕΦΑΛΑῘΟΝ
3170 952 3254 1006 Κ’.

2222 1032 2377 1089 Ὅσα
2401 1037 2887 1117 ⁸Εἰρηιρ·αῒος.τοῖς
2943 1040 3040 1096 ἐπὶ
3085 1042 3318 1117 ςΡώμῃς
3341 1048 3760 1117 ᾐσχισματικοῑς

2389 1107 2690 1178 ἐγγράφως
2721 1108 3038 1165 διείλεκται
3059 1107 3211 1181 (Μαί
3231 1107 3305 1168 Η.
3325 1115 3392 1169 Ε.
3415 1107 3640 1189 ’ἱν,’5θ).

2302 1201 2390 1268 Ἐξ
2433 1203 2679 1267 ἐναντίας
2718 1204 2776 1258 δὲ
2821 1205 2928 1259 τῶν
2976 1206 3069 1259 ἐπὶ⁵
3122 1205 3340 1278 Ῥώμης
3367 1207 3479 1278 (3i)
3524 1209 3612 1263 τὸν
3652 1211 3760 1283 ὑγιῆ

2213 1297 2310 1369 τῆς
2353 1295 2676 1366 Ἐκκλησίας
2708 1295 2907 1368 θεσμὸν
2932 1299 3481 1370 παραχαραττόντων,
3510 1301 3761 1374 Εἰρηναῖος

2211 1388 2500 1460 διαφόρους
2532 1389 2818 1454 ἐπιστολὰς
2853 1388 3152 1454 συντάττει,
3195 1389 3294 1462 τὴν
3347 1393 3446 1462 μὲν
3479 1394 3759 1465 ἐπιγράψας

2213 1478 2348 1551 πρὸς
2380 1478 2616 1532 Βλάστον
2649 1479 2773 1552 περὶ
2803 1479 3118 1550 σχίσματος,
3144 1481 3243 1550 τὴν
3268 1481 3325 1534 δὲ
3356 1481 3494 1552 πρὸς
3523 1482 3761 1554 Φλωρῖνον

2211 1571 2340 1642 περὶ
2381 1571 2679 1643 μοναρχίας
2717 1571 2832 1642 (52)
2867 1573 2899 1643 ἢ
2937 1571 3186 1643 περὶτοῦ
3238 1573 3312 1644 μὴ
3361 1569 3502 1626 εἶναι
3536 1573 3621 1627 τὸν
3651 1575 3761 1629 Θεὸν

2210 1663 2437 1735 ποιητὴν
2481 1662 2686 1716 κακῶν.
2723 1661 2937 1733 Ταύτης
2968 1663 3075 1735 γάρ
3119 1681 3197 1716 τοι
3246 1665 3344 1734 τῆς
3387 1664 3610 1736 γνώμης
3632 1661 3761 1732 οὗτος

2208 1755 2380 1808 ἐδόκει
2415 1754 2806 1828 προαστιίζειν⁸
2851 1755 2918 1808 δι’
2956 1755 3014 1809 ὃν
3050 1752 3203 1819 αὖθις
3237 1756 3351 1826 (55)
3387 1756 3762 1830 ὑποσυρόμενον

540 1847 658 1918 ejus
689 1847 860 1918 gratia
904 1845 1097 1899 librum
1129 1843 1206 1897 De
1227 1843 1502 1897 octonario
1535 1841 1863 1911 composuit.
1905 1840 1960 1894 In
1996 1855 2085 1910 qut

2209 1850 2275 1918 τῇ
2301 1847 2442 1900 κατὰ
2461 1847 2809 1900 Οὐαλεντῖνον
2831 1847 3028 1919 πλάνῃ,
3047 1847 3140 1900 καὶ
3167 1846 3228 1900 τὸ
3257 1847 3385 1918 περὶ
3407 1847 3652 1915 ὀγδοάδος
3664 1851 3760 1921 (34)

541 1942 704 1997 etiam
733 1941 872 1995 libro
905 1941 1134 2010 primam
1184 1951 1243 1992 se
1282 1936 1648 2007 aposmlorum
1702 1934 2102 1988 successionem

539 2033 833 2099 contigisse
867 2030 1156 2101 significat.
1207 2027 1312 2081 Sed
1361 2027 1497 2080 etin
1553 2026 1658 2079 fine
1701 2024 1942 2091 ejusdem
1979 2023 2103 2076 libri

539 2124 940 2178 adnotationem
971 2121 1308 2176 utilissimam
1335 2119 1660 2188 reperimus,
1691 2133 1812 2187 qua-
1841 2117 1964 2170 huic
1992 2117 2103 2170 bis-

541 2216 690 2270 toria:
738 2226 940 2270 nostra:
995 2213 1278 2268 inserenda
1321 2211 1450 2265 mihi
1498 2211 1725 2265 videtur.
1782 2207 1872 2264 Sic
1920 2216 2099 2261 autem

537 2305 737 2360 habet:
773 2322 792 2356 σ
821 2304 1022 2370 Adiuro
1058 2313 1130 2368 te,
1168 2300 1364 2371 inquit,
1393 2300 1482 2370 qui
1513 2298 1927 2367 transcripseris
1951 2299 2099 2352 hunc

535 2396 730 2450 librum
761 2411 857 2466 per
890 2395 1176 2449 Dominum
1202 2404 1446 2447 nostrum
1489 2390 1676 2446 Jesum
1709 2390 2013 2454 Christum,
2044 2398 2100 2443 et

535 2503 633 2556 per
673 2487 966 2558 gloriosum
1018 2485 1134 2553 ejus
1177 2486 1487 2547 adventum,
1529 2483 1581 2537 in
1618 2496 1725 2552 quo
1758 2481 2098 2549 iudicaturus

531 2591 616 2634 est
639 2581 788 2635 vivos
820 2589 874 2634 et
907 2589 1182 2645 mortuos;
1232 2588 1290 2632 ut
1346 2576 1595 2632 conferas
1643 2573 1789 2644 quod
1829 2575 2098 2630 transcri-

531 2674 728 2740 pseris.
763 2681 818 2727 et
857 2671 1143 2743 diligenter
1181 2671 1436 2726 emendes
1481 2669 1546 2722 ad
1584 2665 1864 2736 exemplar
1896 2685 1964 2724 ex
1989 2682 2096 2736 quo

533 2764 931 2833 transcripsisti
961 2781 974 2818 :
1010 2775 1175 2832 utque
1223 2759 1617 2830 adjurationem
1657 2763 1812 2818 istam
1845 2760 2095 2816 similiter

527 2856 826 2919 cxscribas.
861 2865 914 2909 et
939 2855 1112 2910 codici
1143 2865 1234 2909 tuo
1262 2854 1493 2908 inseras.
1530 2872 1549 2906 ι
1598 2855 1773 2923 Atque
1805 2854 1916 2908 bmc
1947 2851 2095 2907 utili-

527 2956 610 3000 ter
643 2958 749 3000 tum
795 2948 863 3000 ab
906 2946 998 3000 illo
1035 2948 1200 3010 dicta,
1250 2957 1360 3000 tum
1395 2961 1424 2999 a
1459 2946 1616 3000 nobis
1671 2953 2092 3000 commemorata

525 3040 657 3102 sint,
693 3048 748 3092 ut
778 3042 986 3107 priscos
1020 3039 1140 3092 Illos
1175 3055 1238 3092 ac
1279 3039 1399 3092 sine
1435 3039 1812 3093 controversia
1853 3037 2088 3092 sanctis-

523 3133 689 3184 simos
745 3134 913 3195 viros,
967 3141 1224 3201 tauquam
1284 3131 1705 3199 pulcherrimum
1781 3130 2084 3201 exemplum

521 3224 882 3277 exactissima;
908 3223 1202 3291 diligentiae
1236 3237 1452 3289 semper
1483 3233 1610 3276 ante
1659 3221 1848 3275 oculos
1878 3221 2084 3276 habea-

523 3331 663 3370 mus.
703 3314 874 3369 Porro
911 3315 966 3368 in
1010 3331 1076 3369 ea
1124 3315 1190 3368 ad
1227 3315 1503 3368 Floriuum
1552 3313 1716 3384 188
1749 3314 1982 3382 cpistola
2023 3312 2089 3367 de

521 3421 626 3475 qua
673 3403 785 3473 jam
833 3406 980 3474 prius
1011 3406 1143 3472 dixi,
1187 3406 1330 3460 idem
1382 3405 1617 3461 Ireuzeus
1664 3421 1724 3461 se
1773 3422 1894 3459 cum
1929 3405 2090 3475 Poly-

519 3511 682 3566 carpo
710 3495 1057 3552 familiariter
1085 3512 1205 3552 esse
1237 3507 1513 3552 versatum
1544 3499 1728 3568 prodit
1761 3498 1848 3552 bis
1879 3498 2083 3552 verbis:

525 3603 546 3636 s
588 3583 711 3641 llaec
759 3600 886 3640 vero
933 3586 1206 3657 dogmata,
1245 3586 1481 3654 Florine,
1535 3596 1593 3640 ut
1643 3587 1962 3657 parcissime
2019 3603 2084 3642 ac

520 3677 788 3732 levissime
823 3679 1015 3740 dicam,
1057 3694 1162 3732 non
1190 3686 1313 3733 sunt
1337 3694 1483 3732 sanae
1514 3679 1795 3735 doctrinm.
1832 3678 1956 3733 Haec
1986 3680 2084 3734 do-

519 3780 701 3839 gmata
732 3770 1055 3824 dissentiunt
1081 3771 1152 3824 ab
1184 3770 1444 3835 Ecclesia,
1480 3781 1534 3824 et
1564 3771 1616 3825 in
1649 3771 1941 3825 maximam
1973 3771 2072 3824 itu-

517 3966 700 4027 supra.
743 3952 909 4027 Porro
943 3956 1230 4008 notandum
1255 3966 1364 4027 est,
1401 3955 1589 4027 Solam
1635 3965 1914 4010 mortuum
1965 3957 2076 4027 jam

517 4021 703 4082 fuisse.
734 4035 854 4077 cum
880 4025 990 4078 haec
1015 4026 1481 4081 scribebatIEIins
1507 4024 1700 4081 Julius.
1736 4027 1890 4092 Quod
1945 4021 2078 4082 satis

517 4092 714 4168 indicat
739 4110 839 4148 vos
875 4097 958 4147 illa
1001 4097 1287 4168 μακάριος,
1313 4113 1474 4166 quant
1504 4095 1677 4152 Graeci
1733 4099 1796 4150 de
1850 4099 2077 4151 mortuis

514 4163 692 4234 solent
722 4163 1011 4234 usurpare.
1035 4163 1188 4233 Quod
1230 4170 1274 4220 si
1303 4163 1462 4222 Soms
1489 4169 1662 4220 adhuc
1693 4169 2073 4234 superfuisset,

515 4233 628 4300 ipse
659 4233 902 4302 profecto
929 4237 1069 4289 hanc
1101 4253 1208 4291 rem
1233 4239 1629 4305 subscriptione
1652 4251 1746 4289 sua
1766 4233 2069 4294 firmasset.

514 4305 604 4357 Sic
631 4307 791 4358 etiam
827 4307 1222 4375 intelligendum
1246 4317 1350 4368 cst,
1381 4309 1519 4375 quod
1553 4307 1778 4374 Serapio
1803 4307 2076 4375 Apollina—

510 4388 636 4497 5cm
655 4374 1067 4447 μακαριώτατον
1087 4377 1341 4447 appellat,
1367 4379 1565 4447 quippe
1586 4379 1677 4446 qui
1712 4375 1825 4445 jam
1853 4374 2073 4434 ’vivere

546 4458 777 4497 csusset.
1381 4457 1384 4462 '

546 4458 777 4500 CSliSSBI.
1381 4457 1384 4462 ’

2213 1940 2563 1993 συντάττεται
2588 1940 2667 2011 τῷ
2699 1941 2971 2013 Εἰρηναίῳ
3005 1941 3351 2012 σπούδασμαο
3381 1944 3438 1997 ἐν
3465 1936 3510 2012 ᾧ
3543 1943 3630 1996 καὶ
3660 1946 3760 1996 ἐπι-

2211 2033 2535 2104 σημαίνεται
2568 2034 2666 2104 τὴν
2699 2031 2920 2104 πρώτην
2953 2031 3062 2085 τῶν
3108 2033 3422 2088 ἀποστόλων
3457 2035 3760 2107 κατειληφέ-

2209 2141 2297 2177 ναι
2329 2125 2520 2178 ἑαυτὸν
2553 2124 2822 2194 διαδοχήν.
2860 2123 3030 2176 Ἔνθα
3073 2123 3211 2196 πρὸς
3239 2123 3316 2194 τῷ
3357 2125 3451 2178 τοῦ
3499 2127 3759 2197 συγγράμ-

2210 2233 2380 2287 ματος
2401 2215 2543 2269 τέλει
2575 2215 2935 2287 χαριεστάτην
2954 2215 3118 2268 αὑτοῦ
3143 2216 3439 2286 σημείωσιν
3459 2217 3514 2287 (5
3525 2217 3576 2286 5)
3605 2217 3762 2288 εὑρόν-

2205 2325 2316 2373 τες,
2373 2308 2690 2376 ἀναγκαίως
2741 2307 2836 2362 καὶ
2879 2306 3082 2380 ταύτην
3132 2309 3259 2378 τῇδε
3303 2308 3668 2380 καταλέξομεν
3705 2312 3760 2381 τῇ

2203 2402 2409 2471 γραφῇ,
2447 2393 2633 2452 τοῦτον
2679 2397 2909 2469 ἔχουσαν
2959 2398 3050 2452 τὸν
3083 2399 3312 2467 τρόπον·
3376 2418 3390 2450 ι
3435 2399 3666 2472 Ὁρκίζω
3712 2417 3760 2452 σε

2202 2491 2294 2544 τὸν
2323 2489 2803 2562 μεταγραψόμενον
2833 2491 2894 2543 τὸ
2928 2489 3129 2560 βιϐλίον
3160 2488 3337 2553 τοῦτο,
3373 2490 3518 2544 κατὰ
3549 2490 3637 2544 τοῦ
3669 2492 3762 2544 Ku-

2205 2579 2320 2652 ρίου
2364 2580 2522 2652 ήμῶν
2571 2579 2742 2650 Ἰησοῦ
2793 2579 3048 2650 Χριστοῦ,
3103 2580 3196 2632 καὶ
3245 2578 3386 2632 κατά
3437 2580 3540 2651 τῆς
3575 2579 3761 2647 ἐνδόξου

2203 2672 2504 2745 παρουσίας
2547 2670 2712 2726 αὐτοῦ
2759 2667 2829 2744 ἦς
2861 2671 3080 2742 ἔρχεται
3117 2673 3296 2741 κρῖναι
3327 2668 3542 2734 ζῶντας
3572 2672 3663 2725 καί.
3689 2687 3760 2723 νε-

2201 2767 2384 2837 κροὺς,
2418 2766 2504 2818 ἵνα
2538 2763 2830 2836 amcam;
2855 2763 2884 2815 ὃ
2916 2762 3264 2834 μετεγρὰψω,
3299 2763 3391 2816 καὶ
3426 2762 3761 2836 κατορθώσῃς

2200 2858 2332 2912 αὐτὸ
2373 2857 2508 2929 πρὸς
2545 2855 2606 2909 τδ
2657 2855 2988 2925 ἀντίγραφον
3038 2853 3218 2917 τοῦτο,
3275 2854 3397 2907 ὃθεν
3453 2855 3761 2927 μετεγρὰψω

2199 2949 2470 3020 ἐπιμελῶς
2492 2966 2505 2978 ·
2542 2949 2636 3001 καὶ
2661 2948 2754 3000 τὸν
2779 2948 2939 3018 ὅρκον
2967 2946 3152 2999 τοῦτον
3171 2947 3372 3017 ὁμοίως
3397 2947 3759 3021 μεταγράψης,

2199 3042 2292 3096 καὶ
2322 3041 2506 3112 θήσεις
2533 3041 2590 3093 ἐν
2624 3039 2701 3110 τῷ
2733 3039 3068 3109 ἀντιγράφω.
3095 3057 3112 3090 ι
3150 3039 3258 3091 Καὶ
3289 3037 3463 3090 ταῦτα
3487 3036 3760 3107 ὠφελίμως

2199 3130 2333 3203 πρὸς
2366 3130 2575 3183 ἐκείνου
2618 3128 2872 3199 λελέχθω,
2909 3130 2998 3198 ὑφ’
3031 3128 3184 3200 ἡμῶν
3229 3146 3287 3182 τε
3328 3129 3668 3201 ἱστορείσθω,
3695 3128 3759 3191 ὡς

2195 3225 2260 3280 ἂν
2294 3223 2508 3294 ἔχοιμεν
2560 3221 2780 3293 ἄριστον
2833 3219 3256 3290 σπουδαιοτάτης
3296 3219 3616 3290 ἐπιμελείας
3649 3217 3760 3280 τοὺς

2195 3314 2454 3388 ἀρχαίους
2488 3313 2723 3376 ἐκείνους
2771 3313 2863 3365 καὶ
2893 3312 3062 3374 ὅντως
3117 3311 3296 3383 ἰεροὺς
3327 3297 3531 3382 ἄνδρας
3565 3309 3760 3364 ὑπόδει-

2194 3426 2330 3480 γμα.
2374 3408 2459 3461 Ἐν
2493 3402 2610 3481 ᾗγε
2633 3406 2737 3478 μὴν
2784 3406 3190 3477 προειρήκαμεν
3221 3403 3355 3484 προς
3383 3405 3474 3457 τὸν
3507 3405 3759 3476 Φλωρῑνον

2193 3503 2224 3556 ὁ
2268 3503 2554 3573 Εἰρηναῖος
2603 3497 2854 3568 ἐπιστολῇ
2880 3535 2894 3559 ,
2953 3492 3110 3559 αὖθις
3144 3497 3241 3567 τῆς
3278 3497 3394 3566 ἅμα
3426 3496 3759 3568 Πολυκὰρπῳ

2193 3591 2474 3654 συνουσίας
2505 3590 2667 3644 αὐτοῦ
2700 3588 3022 3660 μνημονεύει
3041 3588 3213 3656 λέγων
3231 3605 3244 3618 ·
3269 3608 3286 3639 ι
3331 3587 3520 3642 Ταῦτα
3549 3588 3618 3641 τὰ
3647 3587 3757 3654 δόγ-

2193 3699 2356 3754 ματα,
2396 3683 2656 3755 Φλωρίνε,
2703 3683 2789 3735 ἵνα
2838 3681 3215 3752 πεφεισμένως
3266 3682 3424 3743 εἴπω,
3477 3685 3582 3736 οὐκ
3627 3681 3758 3734 ἔστιν

2178 3773 2364 3842 ὑγιοῦς
2396 3772 2654 3844 γνώμηςο
2705 3771 2876 3825 ταῦτα
2906 3770 2976 3824 τὰ
3019 3770 3263 3842 δόγματα
3307 3772 3621 3843 ἀσύμφωνά
3652 3775 3757 3827 ἐστι

2185 3955 2344 4010 donis
2379 3953 2722 4024 dogmatibus
2768 3951 3066 4024 adhtesisse
3121 3970 3134 4007 :
3171 3962 3224 4007 et
3256 3951 3488 4024 alterum
3547 3953 3754 4023 quidem

2185 4022 2474 4083 honorum,
2515 4023 2744 4075 alterum
2778 4022 2901 4075 mali
2933 4032 3208 4076 auctorem
3241 4023 3564 4077 afﬁrmasse.

2256 4094 2378 4166 (33)
2403 4094 2482 4161 Δι’
2517 4092 2589 4166 ὃν
2616 4087 2810 4158 αὖθις.
2863 4092 3271 4166 Trauspositum
3302 4104 3381 4166 est
3413 4095 3752 4157 adverbium,

2188 4163 2368 4219 ut‘ex’
2407 4163 2656 4217 versione
2705 4169 2888 4216 nostra
2933 4163 3100 4216 lector
3150 4164 3567 4217 animadvertet.
3606 4170 3754 4218 Amat

2181 4243 2361 4290 autem
2411 4233 2725 4302 ltujusmodi
2764 4232 3056 4285 verborum
3089 4230 3439 4296 traiectiones
3491 4234 3754 4289 Eusebius

2181 4315 2386 4360 noster.
2421 4302 2575 4370 Quod
2605 4304 2672 4354 ab
2705 4303 3089 4370 interpretibus
3123 4303 3343 4357 minime
3367 4304 3748 4367 observatum,

2181 4377 2270 4431 hic
2294 4377 2458 4429 semel
2492 4372 2812 4425 monendum
2839 4387 2960 4425 eSse
2990 4373 3136 4426 duxi.

2253 4446 2364 4513 (‘55)
2400 4443 2468 4498 Τὸ
2501 4440 2640 4513 Περί
2665 4440 2970 4513 ὀγδοάδος.
3000 4441 3355 4512 Hieronymus
3384 4442 3440 4513 in
3491 4442 3750 4512 Catalogo

578 4515 688 4584 (3i)
727 4515 829 4578 Ἐξ
853 4517 1131 4583 ἐναντίας
1154 4516 1222 4571 δὲ
1247 4515 1365 4570 τῶν
1391 4516 1490 4570 ἐπὶ
1531 4514 1768 4586 Ῥώμης.
1803 4517 1934 4572 lliuc
1960 4521 2069 4574 orsi

2197 4503 2365 4578 labet;
2390 4513 2533 4586 Περὶ
2705 4503 3012 4586 ὃγδοαστῷν
3041 4503 3303 4586 egregium
3333 4503 3748 4586 σύνταγμαηίὶς

506 4600 691 4640 smnus
733 4598 892 4655 caput
926 4589 1090 4650 istud,
1118 4589 1372 4642 Ruiittuut
1395 4589 1564 4641 secuti
1596 4599 1650 4640 et
1678 4589 1993 4648 MllSCllllltll.
2016 4600 2070 4644 et

506 4656 1074 4721 ChristOpltorsmtuui.
1109 4661 1212 4712 Sed
1244 4669 1298 4710 et
1323 4658 1458 4710 ratio
1489 4659 1748 4724 itajubet.
1789 4659 1908 4713 llzec
1924 4663 2066 4712 enim

507 4729 736 4797 pendent
765 4742 831 4780 ex
874 4745 994 4797 cap.
1058 4729 1123 4782 16
1156 4743 1338 4796 supra.
1369 4726 1529 4781 Certe
1548 4730 1713 4782 codex
1741 4727 1874 4782 Maz.
1908 4740 2068 4797 οιιιῃιι

508 4796 720 4874 iurbpat
755 4795 1146 4874 altilis—verbis
1178 4816 1191 4851 :
1220 4795 1328 4851 Καὶ
1361 4797 1431 4874 τὰ
1459 4797 1556 4869 μὲν
1590 4799 1728 4852 κατὰ
1752 4799 1976 4874 τοῦτοῦὲ
1999 4795 2066 4870 ἦν

501 4866 753 4986 τοιῗὶὖτᾳ’
781 4866 1131 4932 ἐξεναντίας,
1163 4879 1291 4933 etc.;
1317 4870 1402 4922 cui
1439 4866 1709 4924 consentit
1733 4872 1898 4923 codex
1927 4866 2063 4924 Fuli.

501 4948 547 4986 et
637 4951 806 4986 estus.

501 4948 547 4988 et
591 4948 806 5004 ttegtns.

572 5004 685 5077 (52)
736 5009 878 5077 Περί
934 5007 1284 5078 μοναρχίας.
1333 5005 1561 5063 Veteres
1619 5008 1914 5064 Christiani
1965 5009 2068 5064 hac

498 5089 633 5150 voce
665 5086 859 5134 crebro
894 5081 972 5134 uti
998 5081 1264 5150 solebant,
1305 5081 1517 5148 quoties
1541 5079 1795 5150 adversus
1831 5080 2064 5150 gentiles

498 5147 863 5216 disputarem.
912 5150 1096 5216 quue
1123 5149 1280 5202 titulo
1307 5147 1614 5217 complures
1663 5147 1855 5203 libros
1875 5150 2064 5202 edide-

499 5227 649 5281 runt,
677 5229 734 5271 ut
755 5235 922 5273 unum
947 5221 1112 5274 Deum
1142 5220 1380 5273 omnium
1409 5235 1584 5273 rerum
1619 5221 1954 5274 conditorem
1982 5233 2067 5272 re-

497 5301 730 5408 gemque.
779 5303 900 5343 esse
941 5291 1311 5343 ostenderent.
1343 5289 1412 5344 Et
1443 5291 1812 5342 monarchiam
1841 5289 2062 5357 quidem

523 5367 612 5408 tuo
651 5357 823 5408 Patri.
857 5359 1162 5408 οἰκονομίαν
1194 5375 1341 5408 vero.
1385 5360 1433 5408 id
1482 5369 1564 5408 est.
1601 5360 2060 5408 disnensatiouem

523 5367 612 5411 ιιιο
651 5357 823 5421 Patri,
857 5359 1162 5429 οἰκονομίαν
1194 5375 1341 5420 vero,
1385 5360 1433 5412 id
1482 5369 1564 5413 est
1601 5360 2060 5429 dispensationem

499 5442 662 5495 atque
693 5427 1242 5492 administrationem,
1293 5431 1646 5497 assignabant
1682 5427 1815 5480 Filio
1849 5439 1900 5481 et
1935 5428 2062 5495 Spi-

498 5498 624 5550 ritui
643 5509 855 5563 salicto,
877 5511 933 5552 ut
956 5499 1482 5554 docetTertulliauus
1496 5498 1754 5550 Adversus
1781 5497 2058 5560 I’t'uxeam,

496 5578 550 5618 et
582 5567 840 5624 Tatianus
868 5571 1126 5624 Aduersus
1159 5568 1391 5623 Grrccos.
1435 5567 1622 5622 Exstat
1673 5569 1830 5620 hodie
1859 5565 2060 5621 Justiui

498 5635 632 5709 liber
664 5639 954 5709 inscriptus
1001 5642 1101 5694 hoc
1147 5641 1324 5695 titulo.
1361 5640 1531 5692 Porro
1561 5649 1618 5709 ut
1647 5639 1713 5709 ad
1767 5636 2061 5709 lreuteili-

498 5706 652 5776 brunt
679 5705 1022 5773 accedamus,
1051 5725 1116 5763 ex
1159 5712 1278 5776 ipso
1312 5709 1467 5762 titulo
1493 5707 1668 5774 colligi
1702 5717 1900 5776 potest.
1931 5705 2060 5761 Flo-

497 5775 672 5842 riuum
707 5779 813 5831 duo
838 5781 1096 5849 principia
1122 5775 1412 5843 invexisse,
1437 5788 1493 5834 et
1517 5775 1812 5832 Marciduis
1841 5793 1907 5833 ac
1933 5777 2059 5833 Cer-

2173 4581 2508 4654 Ogdoadibus
2572 4583 2840 4637 Valentini
2903 4583 3023 4638 vide
3082 4581 3340 4637 lreuteum
3396 4594 3452 4639 et
3510 4581 3749 4654 Epipha-

2171 4672 2343 4710 ιιιωιι.

2242 4725 2354 4796 (55)
2382 4722 2736 4792 Σημειωσιν.
2770 4720 3134 4793 Hieronymus
3161 4732 3217 4777 et
3260 4721 3490 4796 Rufinus
3511 4724 3750 4777 subscri-

2167 4794 2394 4865 ptionem
2425 4802 2724 4854 verterunt,
2763 4807 2898 4862 quos
2931 4804 3266 4865 secutusest
3295 4794 3750 4861 ChristOpborso-

2170 4862 2294 4920 itus.
2328 4864 2525 4919 Fateor
2549 4865 2776 4934 quidem
2815 4862 3117 4934 σημείωσιν
3155 4863 3427 4917 interdum
3473 4879 3578 4933 pro
3624 4866 3749 4917 stib-

2170 4938 2457 5004 scriptione
2485 4933 2652 5000 sumi,
2677 4943 2736 4986 ut
2767 4933 2818 4985 in
2851 4933 3115 5004 superiori
3149 4935 3328 5002 capite
3358 4934 3618 4987 vidimus.
3651 4935 3746 4988 llic

2171 5001 2347 5060 tamen
2376 5008 2445 5058 ita
2478 5003 2617 5058 sumi
2653 5019 2756 5056 non
2787 5011 2980 5070 potest.
3017 5001 3148 5056 Nam
3183 5001 3513 5070 subscriptio
3542 5019 3745 5058 nomen

2169 5076 2564 5130 subscribentis
2588 5073 2746 5126 debet
2765 5073 3099 5139 exprimere.
3127 5072 3280 5139 Quod
3315 5088 3439 5128 cum
3485 5075 3596 5128 hoc
3625 5073 3748 5128 loco

2167 5147 2388 5200 minime
2411 5145 2612 5198 factum
2647 5144 2740 5208 sit,
2764 5157 3104 5213 nequaquam
3131 5143 3242 5196 haec
3274 5145 3611 5213 subscriptio
3641 5145 3747 5197 diei

2166 5216 2348 5284 debet,
2380 5216 2472 5269 sed
2515 5214 2692 5282 potius
2723 5211 3021 5266 adnotatio.
3073 5211 3165 5284 Sic
3209 5211 3539 5284 σημειώσείς
3591 5214 3741 5268 dicc-

2167 5283 2366 5337 bantur
2393 5293 2535 5338 nota:
2557 5285 2658 5336 illa:
2699 5297 2818 5350 qua:
2849 5285 2915 5334 ad
2946 5282 3242 5350 marginem
3265 5282 3614 5352 scriptorum
3654 5299 3749 5337 co-

2164 5354 2344 5408 dicum
2377 5353 2828 5423 appingebantur,
2854 5362 2912 5404 ut
2938 5353 3105 5423 lector
3142 5367 3253 5406 rem
3292 5363 3477 5408 uolatu
3509 5354 3744 5422 dignam

2167 5423 2239 5477 ibi
2269 5422 2536 5478 contineri
2573 5423 2916 5490 intelligeret.
2939 5422 3070 5488 Quae
3096 5431 3219 5477 nota
3252 5423 3305 5476 in
3330 5424 3608 5492 plerisque
3642 5424 3742 5474 ad-

2164 5493 2271 5548 huc
2305 5493 2507 5549 Graecis
2561 5492 2963 5561 exemplaribus
3019 5493 3291 5561 reperitur
3345 5494 3747 5562 compendiose

2162 5578 2418 5634 expressa
2454 5563 2667 5634 duabus
2693 5571 2906 5634 tantum
2945 5563 3218 5634 prioribus
3251 5562 3468 5628 litteris,
3501 5577 3636 5631 quae
3663 5563 3745 5614 si-

2161 5630 2417 5704 gnificant
2452 5632 2782 5704 sauciatam.
2816 5630 3098 5704 Cmterum
3142 5632 3244 5688 hoc
3295 5630 3744 5704 lrerueiiactutn

2162 5709 2298 5756 adeo
2329 5702 2535 5772 placuit
2580 5702 2828 5765 Eusebio,
2848 5708 2918 5772 ut
2946 5703 3192 5757 eamdem
3218 5717 3436 5772 quoque
3461 5702 3747 5757 observa-

2165 5771 2366 5845 tionem
2393 5772 2508 5841 ipse
2534 5773 2587 5830 in
2623 5771 2895 5828 vestibulo
2926 5771 3174 5828 Chronici
3200 5775 3285 5830 sui
3315 5771 3669 5844 opposuerit.
