  <div class='ocr_page' id='page_1' title='image "/cluster/home/n/w/nwhite01/storage/ocr_20150623/20/hvd.32044012984548/248.png"; bbox 0 0 3878 6484; ppageno 0'>
   <div class='ocr_carea' id='block_1_1' title="bbox 165 384 2369 446">
    <p class='ocr_par' dir='ltr' id='par_1_1' title="bbox 165 384 2369 446">
     <span class='ocr_line' id='line_1_1' title="bbox 165 384 2369 446; baseline 0.001 -3"><span class='ocrx_word' id='word_1_1' title='bbox 165 387 243 443; x_wconf 67' lang='grc'><strong>885</strong></span> <span class='ocrx_word' id='word_1_2' title='bbox 1149 384 1496 444; x_wconf 78' lang='lat' dir='ltr'><strong>HISTORUE</strong></span> <span class='ocrx_word' id='word_1_3' title='bbox 1532 386 2088 444; x_wconf 60' lang='lat' dir='ltr'><strong>ECCLESIASTICJE</strong></span> <span class='ocrx_word' id='word_1_4' title='bbox 2130 389 2259 444; x_wconf 85' lang='lat' dir='ltr'><strong>LIB.</strong></span> <span class='ocrx_word' id='word_1_5' title='bbox 2307 386 2369 446; x_wconf 72' lang='grc' dir='ltr'>ν.</span> 
     </span>
    </p>
   </div>
   <div class='ocr_carea' id='block_1_2' title="bbox 3273 399 3378 458">
    <p class='ocr_par' dir='ltr' id='par_1_2' title="bbox 3273 399 3378 458">
     <span class='ocr_line' id='line_1_2' title="bbox 3273 399 3378 458; baseline 0.019 -3"><span class='ocrx_word' id='word_1_6' title='bbox 3273 399 3378 458; x_wconf 64' lang='grc'><strong>486</strong></span> 
     </span>
    </p>
   </div>
   <div class='ocr_carea' id='block_1_3' title="bbox 158 505 1699 582">
    <p class='ocr_par' dir='ltr' id='par_1_3' title="bbox 158 505 1699 582">
     <span class='ocr_line' id='line_1_3' title="bbox 158 505 1699 582; baseline -0.001 -18"><span class='ocrx_word' id='word_1_7' title='bbox 158 513 211 582; x_wconf 74' lang='grc' dir='ltr'>τῇ</span> <span class='ocrx_word' id='word_1_8' title='bbox 249 505 549 578; x_wconf 79' lang='grc' dir='ltr'>Ἐκκλησία,</span> <span class='ocrx_word' id='word_1_9' title='bbox 588 508 672 572; x_wconf 82' lang='grc' dir='ltr'><strong>είς</strong></span> <span class='ocrx_word' id='word_1_10' title='bbox 716 507 813 579; x_wconf 74' lang='grc' dir='ltr'>τὴν</span> <span class='ocrx_word' id='word_1_11' title='bbox 851 508 1110 579; x_wconf 77' lang='grc' dir='ltr'><strong>μεγίστην</strong></span> <span class='ocrx_word' id='word_1_12' title='bbox 1159 509 1413 562; x_wconf 75' lang='grc' dir='ltr'>ἀσέϐειαν</span> <span class='ocrx_word' id='word_1_13' title='bbox 1448 510 1699 581; x_wconf 79' lang='grc' dir='ltr'>περιὸἀλ-</span> 
     </span>
    </p>
   </div>
   <div class='ocr_carea' id='block_1_4' title="bbox 1806 505 3376 582">
    <p class='ocr_par' dir='ltr' id='par_1_4' title="bbox 1816 509 3376 582">
     <span class='ocr_line' id='line_1_4' title="bbox 1816 509 3376 582; baseline 0.01 -19"><span class='ocrx_word' id='word_1_14' title='bbox 1816 509 2071 579; x_wconf 77' lang='lat' dir='ltr'><strong>pietatem</strong></span> <span class='ocrx_word' id='word_1_15' title='bbox 2107 525 2200 565; x_wconf 90' lang='lat' dir='ltr'><strong>eos</strong></span> <span class='ocrx_word' id='word_1_16' title='bbox 2237 511 2536 578; x_wconf 86' lang='lat' dir='ltr'><strong>conjiciunt</strong></span> <span class='ocrx_word' id='word_1_17' title='bbox 2571 513 2665 582; x_wconf 88' lang='lat' dir='ltr'><strong>qui</strong></span> <span class='ocrx_word' id='word_1_18' title='bbox 2699 513 2803 571; x_wconf 82' lang='lat' dir='ltr'><strong>illis</strong></span> <span class='ocrx_word' id='word_1_19' title='bbox 2833 518 3224 574; x_wconf 82' lang='lat' dir='ltr'><strong>assentiuntur.</strong></span> <span class='ocrx_word' id='word_1_20' title='bbox 3253 520 3376 578; x_wconf 75' lang='lat' dir='ltr'><strong>Hzec</strong></span> 
     </span>
    </p>
   </div>
   <div class='ocr_carea' id='block_1_5' title="bbox 159 598 1709 673">
    <p class='ocr_par' dir='ltr' id='par_1_5' title="bbox 159 598 1709 673">
     <span class='ocr_line' id='line_1_5' title="bbox 159 598 1709 673; baseline 0 -18"><span class='ocrx_word' id='word_1_21' title='bbox 159 603 288 655; x_wconf 72' lang='grc' dir='ltr'>λοντα</span> <span class='ocrx_word' id='word_1_22' title='bbox 313 601 432 661; x_wconf 80' lang='grc' dir='ltr'>τοὺς</span> <span class='ocrx_word' id='word_1_23' title='bbox 469 598 838 670; x_wconf 82' lang='grc' dir='ltr'><strong>πειθομένους</strong></span> <span class='ocrx_word' id='word_1_24' title='bbox 879 599 1090 664; x_wconf 74' lang='grc' dir='ltr'>αὐτοῖς’</span> <span class='ocrx_word' id='word_1_25' title='bbox 1128 600 1300 654; x_wconf 84' lang='grc' dir='ltr'>ταῦτα</span> <span class='ocrx_word' id='word_1_26' title='bbox 1346 601 1416 654; x_wconf 74' lang='grc' dir='ltr'><strong>τὰ</strong></span> <span class='ocrx_word' id='word_1_27' title='bbox 1465 601 1709 673; x_wconf 84' lang='grc' dir='ltr'><strong>δόγματα</strong></span> 
     </span>
    </p>
   </div>
   <div class='ocr_carea' id='block_1_6' title="bbox 158 690 1708 764">
    <p class='ocr_par' dir='ltr' id='par_1_6' title="bbox 158 690 1708 764">
     <span class='ocr_line' id='line_1_6' title="bbox 158 690 1708 764; baseline -0.001 -16"><span class='ocrx_word' id='word_1_28' title='bbox 158 693 256 748; x_wconf 82' lang='grc' dir='ltr'>οὐδὲ</span> <span class='ocrx_word' id='word_1_29' title='bbox 297 693 340 744; x_wconf 87' lang='grc' dir='ltr'><strong>οί</strong></span> <span class='ocrx_word' id='word_1_30' title='bbox 385 690 493 756; x_wconf 75' lang='grc' dir='ltr'><strong>ἔξω</strong></span> <span class='ocrx_word' id='word_1_31' title='bbox 545 691 650 762; x_wconf 84' lang='grc' dir='ltr'>τῆς</span> <span class='ocrx_word' id='word_1_32' title='bbox 717 691 1042 762; x_wconf 85' lang='grc' dir='ltr'>Ἐκκλησίας</span> <span class='ocrx_word' id='word_1_33' title='bbox 1092 693 1354 763; x_wconf 84' lang='grc' dir='ltr'>αίρετικοὶ</span> <span class='ocrx_word' id='word_1_34' title='bbox 1404 692 1708 764; x_wconf 81' lang='grc' dir='ltr'>ἐτόλμησαν</span> 
     </span>
    </p>
   </div>
   <div class='ocr_carea' id='block_1_7' title="bbox 160 785 1708 858">
    <p class='ocr_par' dir='ltr' id='par_1_7' title="bbox 160 785 1708 858">
     <span class='ocr_line' id='line_1_7' title="bbox 160 785 1708 858; baseline 0 -17"><span class='ocrx_word' id='word_1_35' title='bbox 160 785 500 857; x_wconf 76' lang='grc' dir='ltr'><strong>ἀποφήνασθαι</strong></span> <span class='ocrx_word' id='word_1_36' title='bbox 542 802 679 838; x_wconf 87' lang='grc' dir='ltr'>ποτε</span> <span class='ocrx_word' id='word_1_37' title='bbox 703 803 716 815; x_wconf 88' lang='grc'><strong>·</strong></span> <span class='ocrx_word' id='word_1_38' title='bbox 757 785 932 838; x_wconf 78' lang='grc' dir='ltr'>ταῦτα</span> <span class='ocrx_word' id='word_1_39' title='bbox 967 785 1036 840; x_wconf 85' lang='grc' dir='ltr'><strong>τά</strong></span> <span class='ocrx_word' id='word_1_40' title='bbox 1061 785 1323 856; x_wconf 83' lang='grc' dir='ltr'><strong>δόγματα,</strong></span> <span class='ocrx_word' id='word_1_41' title='bbox 1347 786 1396 839; x_wconf 90' lang='grc' dir='ltr'>οἱ</span> <span class='ocrx_word' id='word_1_42' title='bbox 1419 786 1524 856; x_wconf 84' lang='grc' dir='ltr'>πρὸ</span> <span class='ocrx_word' id='word_1_43' title='bbox 1552 787 1708 858; x_wconf 78' lang='grc' dir='ltr'>ἡμῶν</span> 
     </span>
    </p>
   </div>
   <div class='ocr_carea' id='block_1_8' title="bbox 158 876 1704 950">
    <p class='ocr_par' dir='ltr' id='par_1_8' title="bbox 158 876 1704 950">
     <span class='ocr_line' id='line_1_8' title="bbox 158 876 1704 950; baseline 0 -19"><span class='ocrx_word' id='word_1_44' title='bbox 158 877 499 950; x_wconf 74' lang='grc' dir='ltr'>πρεσϐύτεροι,</span> <span class='ocrx_word' id='word_1_45' title='bbox 537 878 592 930; x_wconf 80' lang='lat' dir='ltr'><strong>oi</strong></span> <span class='ocrx_word' id='word_1_46' title='bbox 623 879 717 930; x_wconf 81' lang='grc' dir='ltr'><strong>καὶ</strong></span> <span class='ocrx_word' id='word_1_47' title='bbox 743 880 854 940; x_wconf 84' lang='grc' dir='ltr'>τοῖς</span> <span class='ocrx_word' id='word_1_48' title='bbox 881 876 1198 940; x_wconf 80' lang='grc' dir='ltr'><strong>ἀποστόλοις</strong></span> <span class='ocrx_word' id='word_1_49' title='bbox 1222 880 1704 948; x_wconf 78' lang='grc' dir='ltr'>συμφοιτήσαντες,</span> 
     </span>
    </p>
   </div>
   <div class='ocr_carea' id='block_1_9' title="bbox 157 965 1703 1041">
    <p class='ocr_par' dir='ltr' id='par_1_9' title="bbox 157 965 1703 1041">
     <span class='ocr_line' id='line_1_9' title="bbox 157 965 1703 1041; baseline 0.001 -19"><span class='ocrx_word' id='word_1_50' title='bbox 157 971 204 1022; x_wconf 78' lang='grc' dir='ltr'>οὗ</span> <span class='ocrx_word' id='word_1_51' title='bbox 229 967 538 1040; x_wconf 81' lang='grc' dir='ltr'>παρέδωκάν</span> <span class='ocrx_word' id='word_1_52' title='bbox 574 986 677 1022; x_wconf 88' lang='grc' dir='ltr'>σοι.</span> <span class='ocrx_word' id='word_1_53' title='bbox 718 965 870 1022; x_wconf 80' lang='grc' dir='ltr'>Εἶδον</span> <span class='ocrx_word' id='word_1_54' title='bbox 901 967 1011 1039; x_wconf 84' lang='grc' dir='ltr'>γάρ</span> <span class='ocrx_word' id='word_1_55' title='bbox 1062 985 1120 1022; x_wconf 91' lang='grc' dir='ltr'><strong>σε</strong></span> <span class='ocrx_word' id='word_1_56' title='bbox 1153 971 1284 1032; x_wconf 85' lang='grc' dir='ltr'>παῖς</span> <span class='ocrx_word' id='word_1_57' title='bbox 1314 968 1388 1021; x_wconf 85' lang='grc' dir='ltr'><strong>ῶν</strong></span> <span class='ocrx_word' id='word_1_58' title='bbox 1429 969 1510 1021; x_wconf 76' lang='grc' dir='ltr'>ἔτι</span> <span class='ocrx_word' id='word_1_59' title='bbox 1542 971 1600 1023; x_wconf 82' lang='grc' dir='ltr'>ὲν</span> <span class='ocrx_word' id='word_1_60' title='bbox 1637 973 1703 1041; x_wconf 84' lang='grc' dir='ltr'>τῇ</span> 
     </span>
    </p>
   </div>
   <div class='ocr_carea' id='block_1_10' title="bbox 156 1057 1706 1131">
    <p class='ocr_par' dir='ltr' id='par_1_10' title="bbox 156 1057 1706 1131">
     <span class='ocr_line' id='line_1_10' title="bbox 156 1057 1706 1131; baseline -0.001 -19"><span class='ocrx_word' id='word_1_61' title='bbox 156 1061 279 1112; x_wconf 79' lang='grc' dir='ltr'>κάτω</span> <span class='ocrx_word' id='word_1_62' title='bbox 326 1059 474 1130; x_wconf 68' lang='grc' dir='ltr'>Ἀσίᾳ.</span> <span class='ocrx_word' id='word_1_63' title='bbox 522 1059 686 1131; x_wconf 76' lang='grc' dir='ltr'>παρὰ</span> <span class='ocrx_word' id='word_1_64' title='bbox 730 1059 808 1130; x_wconf 79' lang='grc' dir='ltr'><strong>τῷ</strong></span> <span class='ocrx_word' id='word_1_65' title='bbox 840 1058 1202 1128; x_wconf 83' lang='grc' dir='ltr'>Πολυκάρπῳ,</span> <span class='ocrx_word' id='word_1_66' title='bbox 1238 1057 1503 1129; x_wconf 80' lang='grc' dir='ltr'><strong>λαμπρῶς</strong></span> <span class='ocrx_word' id='word_1_67' title='bbox 1534 1057 1706 1129; x_wconf 87' lang='grc' dir='ltr'>πράτ-</span> 
     </span>
    </p>
   </div>
   <div class='ocr_carea' id='block_1_11' title="bbox 152 1147 1704 1221">
    <p class='ocr_par' dir='ltr' id='par_1_11' title="bbox 152 1147 1704 1221">
     <span class='ocr_line' id='line_1_11' title="bbox 152 1147 1704 1221; baseline 0.001 -19"><span class='ocrx_word' id='word_1_68' title='bbox 152 1166 282 1202; x_wconf 88' lang='grc' dir='ltr'>τοντα</span> <span class='ocrx_word' id='word_1_69' title='bbox 321 1151 372 1202; x_wconf 85' lang='grc' dir='ltr'>ὲν</span> <span class='ocrx_word' id='word_1_70' title='bbox 400 1153 468 1221; x_wconf 82' lang='grc' dir='ltr'><strong>τῇ</strong></span> <span class='ocrx_word' id='word_1_71' title='bbox 507 1149 766 1220; x_wconf 80' lang='grc' dir='ltr'>βασιλικῇ</span> <span class='ocrx_word' id='word_1_72' title='bbox 808 1149 966 1220; x_wconf 80' lang='grc' dir='ltr'>αὐλῇ,</span> <span class='ocrx_word' id='word_1_73' title='bbox 1002 1151 1096 1202; x_wconf 73' lang='grc' dir='ltr'>καὶ</span> <span class='ocrx_word' id='word_1_74' title='bbox 1125 1147 1461 1219; x_wconf 84' lang='grc' dir='ltr'>πειρώμενον</span> <span class='ocrx_word' id='word_1_75' title='bbox 1493 1151 1704 1203; x_wconf 79' lang='grc' dir='ltr'>εὐδοκι-</span> 
     </span>
    </p>
   </div>
   <div class='ocr_carea' id='block_1_12' title="bbox 158 1239 1702 1313">
    <p class='ocr_par' dir='ltr' id='par_1_12' title="bbox 158 1239 1702 1313">
     <span class='ocr_line' id='line_1_12' title="bbox 158 1239 1702 1313; baseline 0.001 -20"><span class='ocrx_word' id='word_1_76' title='bbox 158 1244 254 1310; x_wconf 83' lang='grc' dir='ltr'>μεῖν</span> <span class='ocrx_word' id='word_1_77' title='bbox 276 1240 396 1310; x_wconf 81' lang='grc' dir='ltr'>παρ’</span> <span class='ocrx_word' id='word_1_78' title='bbox 426 1241 602 1312; x_wconf 76' lang='grc' dir='ltr'>αὐτῷ.</span> <span class='ocrx_word' id='word_1_79' title='bbox 633 1241 849 1294; x_wconf 79' lang='grc' dir='ltr'>Μᾶλλον</span> <span class='ocrx_word' id='word_1_80' title='bbox 880 1241 989 1312; x_wconf 80' lang='grc' dir='ltr'><strong>γὰρ</strong></span> <span class='ocrx_word' id='word_1_81' title='bbox 1021 1240 1090 1293; x_wconf 73' lang='grc' dir='ltr'><strong>τὰ</strong></span> <span class='ocrx_word' id='word_1_82' title='bbox 1119 1239 1238 1292; x_wconf 89' lang='grc' dir='ltr'>τότε</span> <span class='ocrx_word' id='word_1_83' title='bbox 1268 1239 1702 1313; x_wconf 85' lang='grc' dir='ltr'><strong>διαμνημονεύω,</strong></span> 
     </span>
    </p>
   </div>
   <div class='ocr_carea' id='block_1_13' title="bbox 154 1332 1706 1405">
    <p class='ocr_par' dir='ltr' id='par_1_13' title="bbox 154 1332 1706 1405">
     <span class='ocr_line' id='line_1_13' title="bbox 154 1332 1706 1405; baseline 0.001 -19"><span class='ocrx_word' id='word_1_84' title='bbox 154 1333 241 1386; x_wconf 84' lang='grc' dir='ltr'><strong>τῶν</strong></span> <span class='ocrx_word' id='word_1_85' title='bbox 267 1332 481 1403; x_wconf 74' lang='grc' dir='ltr'>ἔναγχος</span> <span class='ocrx_word' id='word_1_86' title='bbox 512 1334 834 1404; x_wconf 86' lang='grc' dir='ltr'>γινομένων.</span> <span class='ocrx_word' id='word_1_87' title='bbox 872 1335 936 1386; x_wconf 82' lang='grc' dir='ltr'><strong>Αἱ</strong></span> <span class='ocrx_word' id='word_1_88' title='bbox 970 1333 1078 1404; x_wconf 85' lang='grc' dir='ltr'>γὰρ</span> <span class='ocrx_word' id='word_1_89' title='bbox 1105 1335 1168 1386; x_wconf 82' lang='grc' dir='ltr'>ὲκ</span> <span class='ocrx_word' id='word_1_90' title='bbox 1198 1335 1407 1387; x_wconf 83' lang='grc' dir='ltr'>παίδων</span> <span class='ocrx_word' id='word_1_91' title='bbox 1443 1333 1706 1405; x_wconf 82' lang='grc' dir='ltr'><strong>μαθήσεις</strong></span> 
     </span>
    </p>
   </div>
   <div class='ocr_carea' id='block_1_14' title="bbox 152 1423 1703 1495">
    <p class='ocr_par' dir='ltr' id='par_1_14' title="bbox 152 1423 1703 1495">
     <span class='ocr_line' id='line_1_14' title="bbox 152 1423 1703 1495; baseline 0.001 -19"><span class='ocrx_word' id='word_1_92' title='bbox 152 1423 473 1489; x_wconf 80' lang='grc' dir='ltr'>συναύξουσαι</span> <span class='ocrx_word' id='word_1_93' title='bbox 512 1427 584 1494; x_wconf 80' lang='grc' dir='ltr'><strong>τῇ</strong></span> <span class='ocrx_word' id='word_1_94' title='bbox 626 1424 795 1495; x_wconf 77' lang='grc' dir='ltr'>ψυχῇ,</span> <span class='ocrx_word' id='word_1_95' title='bbox 843 1423 1084 1476; x_wconf 80' lang='grc' dir='ltr'>ὲνοῦνται</span> <span class='ocrx_word' id='word_1_96' title='bbox 1131 1425 1292 1495; x_wconf 78' lang='grc' dir='ltr'>αὐτῇ,</span> <span class='ocrx_word' id='word_1_97' title='bbox 1331 1423 1470 1478; x_wconf 86' lang='grc' dir='ltr'>ὥστε</span> <span class='ocrx_word' id='word_1_98' title='bbox 1511 1443 1577 1495; x_wconf 89' lang='grc' dir='ltr'><strong>με</strong></span> <span class='ocrx_word' id='word_1_99' title='bbox 1611 1425 1703 1478; x_wconf 91' lang='grc' dir='ltr'>δύ-</span> 
     </span>
    </p>
   </div>
   <div class='ocr_carea' id='block_1_15' title="bbox 149 1511 1703 1588">
    <p class='ocr_par' dir='ltr' id='par_1_15' title="bbox 149 1511 1703 1588">
     <span class='ocr_line' id='line_1_15' title="bbox 149 1511 1703 1588; baseline 0.001 -19"><span class='ocrx_word' id='word_1_100' title='bbox 149 1515 306 1569; x_wconf 72' lang='grc' dir='ltr'>νασθαι</span> <span class='ocrx_word' id='word_1_101' title='bbox 330 1517 504 1568; x_wconf 80' lang='grc' dir='ltr'>εἰπεῖν</span> <span class='ocrx_word' id='word_1_102' title='bbox 539 1516 640 1569; x_wconf 74' lang='grc' dir='ltr'>καὶ</span> <span class='ocrx_word' id='word_1_103' title='bbox 669 1517 759 1568; x_wconf 82' lang='grc' dir='ltr'>τὸν</span> <span class='ocrx_word' id='word_1_104' title='bbox 783 1517 942 1570; x_wconf 88' lang='grc' dir='ltr'>τόπον</span> <span class='ocrx_word' id='word_1_105' title='bbox 973 1519 1030 1570; x_wconf 83' lang='grc' dir='ltr'>ὲν</span> <span class='ocrx_word' id='word_1_106' title='bbox 1062 1511 1105 1586; x_wconf 82' lang='grc' dir='ltr'><strong>ᾧ</strong></span> <span class='ocrx_word' id='word_1_107' title='bbox 1135 1517 1502 1588; x_wconf 78' lang='grc' dir='ltr'>καθεζόμενος</span> <span class='ocrx_word' id='word_1_108' title='bbox 1532 1517 1703 1571; x_wconf 82' lang='grc' dir='ltr'>διελέ-</span> 
     </span>
    </p>
   </div>
   <div class='ocr_carea' id='block_1_16' title="bbox 147 1604 1704 1677">
    <p class='ocr_par' dir='ltr' id='par_1_16' title="bbox 147 1604 1704 1677">
     <span class='ocr_line' id='line_1_16' title="bbox 147 1604 1704 1677; baseline 0.002 -21"><span class='ocrx_word' id='word_1_109' title='bbox 147 1621 246 1672; x_wconf 82' lang='grc' dir='ltr'>γετο</span> <span class='ocrx_word' id='word_1_110' title='bbox 261 1605 286 1656; x_wconf 80' lang='grc'>6</span> <span class='ocrx_word' id='word_1_111' title='bbox 306 1604 578 1675; x_wconf 81' lang='grc' dir='ltr'>μακάριος</span> <span class='ocrx_word' id='word_1_112' title='bbox 596 1604 971 1677; x_wconf 84' lang='grc' dir='ltr'>Πολύκαρπος,</span> <span class='ocrx_word' id='word_1_113' title='bbox 991 1606 1192 1668; x_wconf 74' lang='grc' dir='ltr'>καὶτὰς</span> <span class='ocrx_word' id='word_1_114' title='bbox 1219 1607 1479 1677; x_wconf 80' lang='grc' dir='ltr'>προόδους</span> <span class='ocrx_word' id='word_1_115' title='bbox 1494 1606 1603 1675; x_wconf 81' lang='grc'><strong>(56)</strong></span> <span class='ocrx_word' id='word_1_116' title='bbox 1617 1607 1704 1659; x_wconf 86' lang='grc' dir='ltr'>αύ-</span> 
     </span>
    </p>
   </div>
   <div class='ocr_carea' id='block_1_17' title="bbox 145 1693 1702 1766">
    <p class='ocr_par' dir='ltr' id='par_1_17' title="bbox 145 1693 1702 1766">
     <span class='ocr_line' id='line_1_17' title="bbox 145 1693 1702 1766; baseline -0.001 -18"><span class='ocrx_word' id='word_1_117' title='bbox 145 1695 219 1748; x_wconf 79' lang='grc' dir='ltr'>τοῦ</span> <span class='ocrx_word' id='word_1_118' title='bbox 236 1695 317 1748; x_wconf 76' lang='grc' dir='ltr'>καὶ</span> <span class='ocrx_word' id='word_1_119' title='bbox 350 1695 449 1757; x_wconf 75' lang='grc' dir='ltr'><strong>τὰς</strong></span> <span class='ocrx_word' id='word_1_120' title='bbox 475 1695 745 1758; x_wconf 74' lang='grc' dir='ltr'>εἰσόδους,</span> <span class='ocrx_word' id='word_1_121' title='bbox 763 1695 856 1748; x_wconf 72' lang='grc' dir='ltr'>καὶ</span> <span class='ocrx_word' id='word_1_122' title='bbox 873 1695 962 1746; x_wconf 78' lang='grc' dir='ltr'>τὸν</span> <span class='ocrx_word' id='word_1_123' title='bbox 984 1694 1306 1766; x_wconf 82' lang='grc' dir='ltr'>χαρακτῆρα</span> <span class='ocrx_word' id='word_1_124' title='bbox 1325 1693 1419 1747; x_wconf 71' lang='grc' dir='ltr'>τοῦ</span> <span class='ocrx_word' id='word_1_125' title='bbox 1455 1694 1588 1764; x_wconf 88' lang='grc' dir='ltr'>βίου,</span> <span class='ocrx_word' id='word_1_126' title='bbox 1610 1695 1702 1746; x_wconf 70' lang='grc' dir='ltr'>καὶ</span> 
     </span>
    </p>
   </div>
   <div class='ocr_carea' id='block_1_18' title="bbox 145 1781 1702 1853">
    <p class='ocr_par' dir='ltr' id='par_1_18' title="bbox 145 1781 1702 1853">
     <span class='ocr_line' id='line_1_18' title="bbox 145 1781 1702 1853; baseline 0.001 -18"><span class='ocrx_word' id='word_1_127' title='bbox 145 1782 222 1853; x_wconf 79' lang='grc' dir='ltr'><strong>τήν</strong></span> <span class='ocrx_word' id='word_1_128' title='bbox 246 1783 329 1835; x_wconf 76' lang='grc' dir='ltr'>τοῦ</span> <span class='ocrx_word' id='word_1_129' title='bbox 359 1781 622 1853; x_wconf 81' lang='grc' dir='ltr'>σώματος</span> <span class='ocrx_word' id='word_1_130' title='bbox 657 1783 819 1847; x_wconf 78' lang='grc' dir='ltr'>ίδὲαν,</span> <span class='ocrx_word' id='word_1_131' title='bbox 855 1783 946 1836; x_wconf 69' lang='grc' dir='ltr'><strong>καὶ</strong></span> <span class='ocrx_word' id='word_1_132' title='bbox 977 1783 1075 1846; x_wconf 83' lang='grc' dir='ltr'>τὰς</span> <span class='ocrx_word' id='word_1_133' title='bbox 1092 1783 1356 1850; x_wconf 77' lang='grc' dir='ltr'>διαλέξεις</span> <span class='ocrx_word' id='word_1_134' title='bbox 1381 1783 1447 1848; x_wconf 78' lang='grc' dir='ltr'>ἃς</span> <span class='ocrx_word' id='word_1_135' title='bbox 1469 1787 1702 1837; x_wconf 78' lang='grc' dir='ltr'>ἐποιεῖτο</span> 
     </span>
    </p>
   </div>
   <div class='ocr_carea' id='block_1_19' title="bbox 1809 602 3374 672">
    <p class='ocr_par' dir='ltr' id='par_1_19' title="bbox 1809 602 3374 672">
     <span class='ocr_line' id='line_1_19' title="bbox 1809 602 3374 672; baseline 0.01 -18"><span class='ocrx_word' id='word_1_136' title='bbox 1809 603 2061 670; x_wconf 77' lang='lat' dir='ltr'><strong>dogmata</strong></span> <span class='ocrx_word' id='word_1_137' title='bbox 2097 617 2164 656; x_wconf 90' lang='lat' dir='ltr'><strong>ne</strong></span> <span class='ocrx_word' id='word_1_138' title='bbox 2193 602 2290 672; x_wconf 84' lang='lat' dir='ltr'><strong>ipsi</strong></span> <span class='ocrx_word' id='word_1_139' title='bbox 2321 602 2538 672; x_wconf 80' lang='lat' dir='ltr'><strong>quidem</strong></span> <span class='ocrx_word' id='word_1_140' title='bbox 2591 606 2834 662; x_wconf 67' lang='lat' dir='ltr'><strong>haeretici</strong></span> <span class='ocrx_word' id='word_1_141' title='bbox 2877 619 3032 664; x_wconf 91' lang='lat' dir='ltr'><strong>extra</strong></span> <span class='ocrx_word' id='word_1_142' title='bbox 3074 611 3374 669; x_wconf 79' lang='lat' dir='ltr'><strong>Ecclesium</strong></span> 
     </span>
    </p>
   </div>
   <div class='ocr_carea' id='block_1_20' title="bbox 1809 693 3374 773">
    <p class='ocr_par' dir='ltr' id='par_1_20' title="bbox 1809 693 3374 773">
     <span class='ocr_line' id='line_1_20' title="bbox 1809 693 3374 773; baseline 0.01 -26"><span class='ocrx_word' id='word_1_143' title='bbox 1809 693 1968 764; x_wconf 89' lang='lat' dir='ltr'><strong>positi</strong></span> <span class='ocrx_word' id='word_1_144' title='bbox 2001 693 2242 762; x_wconf 80' lang='lat' dir='ltr'><strong>proferre</strong></span> <span class='ocrx_word' id='word_1_145' title='bbox 2277 710 2512 763; x_wconf 83' lang='lat' dir='ltr'><strong>unquam</strong></span> <span class='ocrx_word' id='word_1_146' title='bbox 2548 697 2666 752; x_wconf 82' lang='lat' dir='ltr'><strong>ausi</strong></span> <span class='ocrx_word' id='word_1_147' title='bbox 2701 708 2848 754; x_wconf 85' lang='lat' dir='ltr'><strong>sunt.</strong></span> <span class='ocrx_word' id='word_1_148' title='bbox 2882 699 3008 756; x_wconf 70' lang='lat' dir='ltr'><strong>Haec</strong></span> <span class='ocrx_word' id='word_1_149' title='bbox 3034 703 3280 773; x_wconf 83' lang='lat' dir='ltr'><strong>dogmata</strong></span> <span class='ocrx_word' id='word_1_150' title='bbox 3319 706 3374 762; x_wconf 90' lang='lat' dir='ltr'><strong>hi</strong></span> 
     </span>
    </p>
   </div>
   <div class='ocr_carea' id='block_1_21' title="bbox 1808 785 3375 864">
    <p class='ocr_par' dir='ltr' id='par_1_21' title="bbox 1808 785 3375 864">
     <span class='ocr_line' id='line_1_21' title="bbox 1808 785 3375 864; baseline 0.01 -29"><span class='ocrx_word' id='word_1_151' title='bbox 1808 789 1898 853; x_wconf 88' lang='lat' dir='ltr'><strong>qui</strong></span> <span class='ocrx_word' id='word_1_152' title='bbox 1931 795 2057 838; x_wconf 87' lang='lat' dir='ltr'><strong>ante</strong></span> <span class='ocrx_word' id='word_1_153' title='bbox 2091 800 2190 840; x_wconf 91' lang='lat' dir='ltr'><strong>nos</strong></span> <span class='ocrx_word' id='word_1_154' title='bbox 2231 785 2416 840; x_wconf 88' lang='lat' dir='ltr'><strong>vixere</strong></span> <span class='ocrx_word' id='word_1_155' title='bbox 2443 787 2772 858; x_wconf 85' lang='lat' dir='ltr'><strong>presbyteri,</strong></span> <span class='ocrx_word' id='word_1_156' title='bbox 2826 791 2917 860; x_wconf 89' lang='lat' dir='ltr'><strong>qui</strong></span> <span class='ocrx_word' id='word_1_157' title='bbox 2959 793 3121 846; x_wconf 89' lang='lat' dir='ltr'><strong>etiam</strong></span> <span class='ocrx_word' id='word_1_158' title='bbox 3153 806 3375 864; x_wconf 82' lang='lat' dir='ltr'><strong>aposto-</strong></span> 
     </span>
    </p>
   </div>
   <div class='ocr_carea' id='block_1_22' title="bbox 1810 873 3374 950">
    <p class='ocr_par' dir='ltr' id='par_1_22' title="bbox 1810 873 3374 950">
     <span class='ocr_line' id='line_1_22' title="bbox 1810 873 3374 950; baseline 0.007 -23"><span class='ocrx_word' id='word_1_159' title='bbox 1810 873 1981 928; x_wconf 87' lang='lat' dir='ltr'><strong>lorum</strong></span> <span class='ocrx_word' id='word_1_160' title='bbox 2021 875 2270 944; x_wconf 85' lang='lat' dir='ltr'><strong>discipuli</strong></span> <span class='ocrx_word' id='word_1_161' title='bbox 2305 877 2656 942; x_wconf 77' lang='lat' dir='ltr'><strong>exstiterant,</strong></span> <span class='ocrx_word' id='word_1_162' title='bbox 2688 893 3037 950; x_wconf 86' lang='lat' dir='ltr'><strong>nequaquam</strong></span> <span class='ocrx_word' id='word_1_163' title='bbox 3074 883 3169 937; x_wconf 83' lang='lat' dir='ltr'><strong>tibi</strong></span> <span class='ocrx_word' id='word_1_164' title='bbox 3205 886 3374 939; x_wconf 87' lang='lat' dir='ltr'><strong>tradi-</strong></span> 
     </span>
    </p>
   </div>
   <div class='ocr_carea' id='block_1_23' title="bbox 1806 965 3374 1042">
    <p class='ocr_par' dir='ltr' id='par_1_23' title="bbox 1806 965 3374 1042">
     <span class='ocr_line' id='line_1_23' title="bbox 1806 965 3374 1042; baseline 0.006 -22"><span class='ocrx_word' id='word_1_165' title='bbox 1806 965 2023 1022; x_wconf 83' lang='lat' dir='ltr'><strong>derunt.</strong></span> <span class='ocrx_word' id='word_1_166' title='bbox 2054 965 2174 1022; x_wconf 70' lang='lat' dir='ltr'><strong>V&#39;idi</strong></span> <span class='ocrx_word' id='word_1_167' title='bbox 2227 968 2370 1022; x_wconf 90' lang='lat' dir='ltr'><strong>enim</strong></span> <span class='ocrx_word' id='word_1_168' title='bbox 2401 977 2473 1029; x_wconf 86' lang='lat' dir='ltr'><strong>te.</strong></span> <span class='ocrx_word' id='word_1_169' title='bbox 2506 983 2630 1022; x_wconf 91' lang='lat' dir='ltr'><strong>cum</strong></span> <span class='ocrx_word' id='word_1_170' title='bbox 2682 970 2859 1026; x_wconf 90' lang='lat' dir='ltr'><strong>adhuc</strong></span> <span class='ocrx_word' id='word_1_171' title='bbox 2907 988 3042 1042; x_wconf 90' lang='lat' dir='ltr'><strong>puer</strong></span> <span class='ocrx_word' id='word_1_172' title='bbox 3084 987 3287 1038; x_wconf 87' lang='lat' dir='ltr'><strong>essem,</strong></span> <span class='ocrx_word' id='word_1_173' title='bbox 3321 976 3374 1030; x_wconf 92' lang='lat' dir='ltr'><strong>in</strong></span> 
     </span>
    </p>
   </div>
   <div class='ocr_carea' id='block_1_24' title="bbox 1807 1056 3374 1134">
    <p class='ocr_par' dir='ltr' id='par_1_24' title="bbox 1807 1056 3374 1134">
     <span class='ocr_line' id='line_1_24' title="bbox 1807 1056 3374 1134; baseline 0.004 -22"><span class='ocrx_word' id='word_1_174' title='bbox 1807 1056 2067 1114; x_wconf 83' lang='lat' dir='ltr'><strong>inferiore</strong></span> <span class='ocrx_word' id='word_1_175' title='bbox 2093 1057 2221 1112; x_wconf 84' lang='lat' dir='ltr'><strong>Asia</strong></span> <span class='ocrx_word' id='word_1_176' title='bbox 2270 1059 2410 1127; x_wconf 90' lang='lat' dir='ltr'><strong>apud</strong></span> <span class='ocrx_word' id='word_1_177' title='bbox 2455 1057 2830 1130; x_wconf 83' lang='lat' dir='ltr'><strong>Polycarpum,</strong></span> <span class='ocrx_word' id='word_1_178' title='bbox 2869 1063 3152 1130; x_wconf 89' lang='lat' dir='ltr'><strong>splendide</strong></span> <span class='ocrx_word' id='word_1_179' title='bbox 3204 1082 3374 1134; x_wconf 82' lang='lat' dir='ltr'><strong>agen-</strong></span> 
     </span>
    </p>
   </div>
   <div class='ocr_carea' id='block_1_25' title="bbox 1808 1151 3372 1221">
    <p class='ocr_par' dir='ltr' id='par_1_25' title="bbox 1808 1151 3372 1221">
     <span class='ocr_line' id='line_1_25' title="bbox 1808 1151 3372 1221; baseline 0.005 -18"><span class='ocrx_word' id='word_1_180' title='bbox 1808 1159 1914 1204; x_wconf 92' lang='lat' dir='ltr'><strong>tem</strong></span> <span class='ocrx_word' id='word_1_181' title='bbox 1947 1151 1998 1204; x_wconf 89' lang='lat' dir='ltr'><strong>in</strong></span> <span class='ocrx_word' id='word_1_182' title='bbox 2031 1151 2250 1219; x_wconf 88' lang='lat' dir='ltr'><strong>palatio,</strong></span> <span class='ocrx_word' id='word_1_183' title='bbox 2281 1161 2335 1203; x_wconf 89' lang='lat' dir='ltr'><strong>et</strong></span> <span class='ocrx_word' id='word_1_184' title='bbox 2367 1167 2695 1221; x_wconf 86' lang='lat' dir='ltr'><strong>magnopere</strong></span> <span class='ocrx_word' id='word_1_185' title='bbox 2729 1153 3064 1209; x_wconf 81' lang='lat' dir='ltr'><strong>laborantem</strong></span> <span class='ocrx_word' id='word_1_186' title='bbox 3105 1166 3160 1209; x_wconf 94' lang='lat' dir='ltr'><strong>ut</strong></span> <span class='ocrx_word' id='word_1_187' title='bbox 3200 1166 3249 1211; x_wconf 92' lang='lat' dir='ltr'><strong>te</strong></span> <span class='ocrx_word' id='word_1_188' title='bbox 3295 1158 3372 1211; x_wconf 88' lang='lat' dir='ltr'><strong>illi</strong></span> 
     </span>
    </p>
   </div>
   <div class='ocr_carea' id='block_1_26' title="bbox 1805 1239 3373 1317">
    <p class='ocr_par' dir='ltr' id='par_1_26' title="bbox 1805 1239 3373 1317">
     <span class='ocr_line' id='line_1_26' title="bbox 1805 1239 3373 1317; baseline 0.006 -24"><span class='ocrx_word' id='word_1_189' title='bbox 1805 1239 2162 1310; x_wconf 88' lang='lat' dir='ltr'><strong>approbares.</strong></span> <span class='ocrx_word' id='word_1_190' title='bbox 2197 1240 2414 1296; x_wconf 86' lang='lat' dir='ltr'><strong>Etenim</strong></span> <span class='ocrx_word' id='word_1_191' title='bbox 2469 1256 2530 1295; x_wconf 89' lang='lat' dir='ltr'><strong>ea</strong></span> <span class='ocrx_word' id='word_1_192' title='bbox 2580 1258 2702 1313; x_wconf 75' lang='lat' dir='ltr'><strong>qua:</strong></span> <span class='ocrx_word' id='word_1_193' title='bbox 2738 1253 2863 1299; x_wconf 91' lang='lat' dir='ltr'><strong>tunc</strong></span> <span class='ocrx_word' id='word_1_194' title='bbox 2918 1248 3177 1316; x_wconf 91' lang='lat' dir='ltr'><strong>temporis</strong></span> <span class='ocrx_word' id='word_1_195' title='bbox 3221 1260 3373 1317; x_wconf 83' lang='lat' dir='ltr'><strong>gesta</strong></span> 
     </span>
    </p>
   </div>
   <div class='ocr_carea' id='block_1_27' title="bbox 1805 1331 3376 1408">
    <p class='ocr_par' dir='ltr' id='par_1_27' title="bbox 1805 1331 3376 1408">
     <span class='ocr_line' id='line_1_27' title="bbox 1805 1331 3376 1408; baseline 0.005 -22"><span class='ocrx_word' id='word_1_196' title='bbox 1805 1341 1950 1398; x_wconf 90' lang='lat' dir='ltr'><strong>sunt,</strong></span> <span class='ocrx_word' id='word_1_197' title='bbox 1988 1331 2186 1386; x_wconf 92' lang='lat' dir='ltr'><strong>melius</strong></span> <span class='ocrx_word' id='word_1_198' title='bbox 2219 1334 2482 1406; x_wconf 82' lang='lat' dir='ltr'><strong>memoria</strong></span> <span class='ocrx_word' id='word_1_199' title='bbox 2517 1343 2674 1390; x_wconf 83' lang='lat' dir='ltr'><strong>teneo</strong></span> <span class='ocrx_word' id='word_1_200' title='bbox 2723 1349 2883 1404; x_wconf 89' lang='lat' dir='ltr'><strong>quam</strong></span> <span class='ocrx_word' id='word_1_201' title='bbox 2929 1337 3016 1390; x_wconf 87' lang='lat' dir='ltr'><strong>illa</strong></span> <span class='ocrx_word' id='word_1_202' title='bbox 3051 1353 3170 1408; x_wconf 66' lang='lat' dir='ltr'><strong>qua:</strong></span> <span class='ocrx_word' id='word_1_203' title='bbox 3205 1355 3376 1406; x_wconf 88' lang='lat' dir='ltr'><strong>nuper</strong></span> 
     </span>
    </p>
   </div>
   <div class='ocr_carea' id='block_1_28' title="bbox 1805 1423 3372 1496">
    <p class='ocr_par' dir='ltr' id='par_1_28' title="bbox 1805 1423 3372 1496">
     <span class='ocr_line' id='line_1_28' title="bbox 1805 1423 3372 1496; baseline 0.005 -20"><span class='ocrx_word' id='word_1_204' title='bbox 1805 1423 2144 1479; x_wconf 86' lang='lat' dir='ltr'><strong>acciderunt.</strong></span> <span class='ocrx_word' id='word_1_205' title='bbox 2174 1423 2385 1494; x_wconf 86' lang='lat' dir='ltr'><strong>Quippe</strong></span> <span class='ocrx_word' id='word_1_206' title='bbox 2417 1439 2478 1479; x_wconf 91' lang='lat' dir='ltr'><strong>ea</strong></span> <span class='ocrx_word' id='word_1_207' title='bbox 2513 1440 2632 1494; x_wconf 65' lang='lat' dir='ltr'><strong>qua:</strong></span> <span class='ocrx_word' id='word_1_208' title='bbox 2666 1429 2818 1496; x_wconf 92' lang='lat' dir='ltr'><strong>pueri</strong></span> <span class='ocrx_word' id='word_1_209' title='bbox 2849 1427 3161 1496; x_wconf 83' lang='lat' dir='ltr'><strong>didicimus,</strong></span> <span class='ocrx_word' id='word_1_210' title='bbox 3208 1429 3372 1485; x_wconf 88' lang='lat' dir='ltr'><strong>simul</strong></span> 
     </span>
    </p>
   </div>
   <div class='ocr_carea' id='block_1_29' title="bbox 1805 1513 3373 1586">
    <p class='ocr_par' dir='ltr' id='par_1_29' title="bbox 1805 1513 3373 1586">
     <span class='ocr_line' id='line_1_29' title="bbox 1805 1513 3373 1586; baseline 0.004 -17"><span class='ocrx_word' id='word_1_211' title='bbox 1805 1530 1929 1569; x_wconf 86' lang='lat' dir='ltr'><strong>cum</strong></span> <span class='ocrx_word' id='word_1_212' title='bbox 1964 1515 2148 1569; x_wconf 89' lang='lat' dir='ltr'><strong>animo</strong></span> <span class='ocrx_word' id='word_1_213' title='bbox 2177 1517 2296 1583; x_wconf 79' lang='lat' dir='ltr'><strong>ipso</strong></span> <span class='ocrx_word' id='word_1_214' title='bbox 2337 1513 2676 1579; x_wconf 86' lang='lat' dir='ltr'><strong>coalescunt,</strong></span> <span class='ocrx_word' id='word_1_215' title='bbox 2731 1517 2887 1584; x_wconf 88' lang='lat' dir='ltr'><strong>eique</strong></span> <span class='ocrx_word' id='word_1_216' title='bbox 2935 1518 3150 1586; x_wconf 83' lang='lat' dir='ltr'><strong>penitus</strong></span> <span class='ocrx_word' id='word_1_217' title='bbox 3200 1520 3373 1576; x_wconf 71' lang='lat' dir='ltr'><strong>iuba:-</strong></span> 
     </span>
    </p>
   </div>
   <div class='ocr_carea' id='block_1_30' title="bbox 1805 1606 3372 1677">
    <p class='ocr_par' dir='ltr' id='par_1_30' title="bbox 1805 1606 3372 1677">
     <span class='ocr_line' id='line_1_30' title="bbox 1805 1606 3372 1677; baseline 0.004 -17"><span class='ocrx_word' id='word_1_218' title='bbox 1805 1617 1944 1661; x_wconf 90' lang='lat' dir='ltr'><strong>rent.</strong></span> <span class='ocrx_word' id='word_1_219' title='bbox 1985 1607 2136 1661; x_wconf 85' lang='lat' dir='ltr'><strong>Adeo</strong></span> <span class='ocrx_word' id='word_1_220' title='bbox 2188 1616 2246 1661; x_wconf 92' lang='lat' dir='ltr'><strong>ut</strong></span> <span class='ocrx_word' id='word_1_221' title='bbox 2295 1617 2350 1661; x_wconf 91' lang='lat' dir='ltr'><strong>et</strong></span> <span class='ocrx_word' id='word_1_222' title='bbox 2401 1606 2576 1660; x_wconf 84' lang='lat' dir='ltr'><strong>locum</strong></span> <span class='ocrx_word' id='word_1_223' title='bbox 2618 1607 2791 1675; x_wconf 82' lang='lat' dir='ltr'><strong>ipsum</strong></span> <span class='ocrx_word' id='word_1_224' title='bbox 2839 1609 3041 1676; x_wconf 88' lang='lat' dir='ltr'><strong>possim</strong></span> <span class='ocrx_word' id='word_1_225' title='bbox 3077 1610 3280 1677; x_wconf 87' lang='lat' dir='ltr'><strong>dicere,</strong></span> <span class='ocrx_word' id='word_1_226' title='bbox 3317 1612 3372 1666; x_wconf 82' lang='lat' dir='ltr'><strong>in</strong></span> 
     </span>
    </p>
   </div>
   <div class='ocr_carea' id='block_1_31' title="bbox 1803 1698 3370 1770">
    <p class='ocr_par' dir='ltr' id='par_1_31' title="bbox 1803 1698 3370 1770">
     <span class='ocr_line' id='line_1_31' title="bbox 1803 1698 3370 1770; baseline 0.003 -18"><span class='ocrx_word' id='word_1_227' title='bbox 1803 1714 1910 1769; x_wconf 89' lang='lat' dir='ltr'><strong>quo</strong></span> <span class='ocrx_word' id='word_1_228' title='bbox 1968 1699 2313 1754; x_wconf 83' lang='lat' dir='ltr'><strong>beatissimus</strong></span> <span class='ocrx_word' id='word_1_229' title='bbox 2367 1698 2702 1769; x_wconf 80' lang='lat' dir='ltr'><strong>Polycarpus</strong></span> <span class='ocrx_word' id='word_1_230' title='bbox 2758 1699 2954 1754; x_wconf 74' lang='lat' dir='ltr'><strong>sedens</strong></span> <span class='ocrx_word' id='word_1_231' title='bbox 3011 1701 3370 1770; x_wconf 81' lang='lat' dir='ltr'><strong>disserebat;</strong></span> 
     </span>
    </p>
   </div>
   <div class='ocr_carea' id='block_1_32' title="bbox 1805 1791 3375 1862">
    <p class='ocr_par' dir='ltr' id='par_1_32' title="bbox 1805 1791 3375 1862">
     <span class='ocr_line' id='line_1_32' title="bbox 1805 1791 3375 1862; baseline 0.005 -20"><span class='ocrx_word' id='word_1_232' title='bbox 1805 1806 2092 1860; x_wconf 89' lang='lat' dir='ltr'><strong>processus</strong></span> <span class='ocrx_word' id='word_1_233' title='bbox 2125 1807 2340 1860; x_wconf 87' lang='lat' dir='ltr'><strong>quoque</strong></span> <span class='ocrx_word' id='word_1_234' title='bbox 2372 1791 2490 1856; x_wconf 82' lang='lat' dir='ltr'><strong>ejus</strong></span> <span class='ocrx_word' id='word_1_235' title='bbox 2521 1802 2575 1844; x_wconf 90' lang='lat' dir='ltr'><strong>et</strong></span> <span class='ocrx_word' id='word_1_236' title='bbox 2606 1791 2903 1860; x_wconf 88' lang='lat' dir='ltr'><strong>ingressus,</strong></span> <span class='ocrx_word' id='word_1_237' title='bbox 2945 1793 3176 1862; x_wconf 63' lang='lat' dir='ltr'><strong>vitaeque</strong></span> <span class='ocrx_word' id='word_1_238' title='bbox 3209 1795 3375 1850; x_wconf 86' lang='lat' dir='ltr'><strong>totius</strong></span> 
     </span>
    </p>
   </div>
   <div class='ocr_carea' id='block_1_33' title="bbox 146 1868 1699 1955">
    <p class='ocr_par' dir='ltr' id='par_1_33' title="bbox 146 1872 1699 1945">
     <span class='ocr_line' id='line_1_33' title="bbox 146 1872 1699 1945; baseline 0 -19"><span class='ocrx_word' id='word_1_239' title='bbox 146 1873 254 1945; x_wconf 79' lang='grc' dir='ltr'>πρὸς</span> <span class='ocrx_word' id='word_1_240' title='bbox 275 1874 330 1927; x_wconf 77' lang='grc' dir='ltr'>τὸ</span> <span class='ocrx_word' id='word_1_241' title='bbox 362 1873 594 1944; x_wconf 75' lang='grc' dir='ltr'>πλῆθος,</span> <span class='ocrx_word' id='word_1_242' title='bbox 625 1875 724 1927; x_wconf 75' lang='grc' dir='ltr'>καὶ</span> <span class='ocrx_word' id='word_1_243' title='bbox 750 1873 848 1945; x_wconf 83' lang='grc' dir='ltr'>τὴν</span> <span class='ocrx_word' id='word_1_244' title='bbox 880 1872 1022 1926; x_wconf 87' lang='grc' dir='ltr'>κατὰ</span> <span class='ocrx_word' id='word_1_245' title='bbox 1059 1873 1305 1926; x_wconf 83' lang='grc' dir='ltr'>Ἰωάννου</span> <span class='ocrx_word' id='word_1_246' title='bbox 1341 1891 1699 1945; x_wconf 80' lang='grc' dir='ltr'>συναναστρο-</span> 
     </span>
    </p>
   </div>
   <div class='ocr_carea' id='block_1_34' title="bbox 1806 1868 3375 1955">
    <p class='ocr_par' dir='ltr' id='par_1_34' title="bbox 1806 1882 3375 1955">
     <span class='ocr_line' id='line_1_34' title="bbox 1806 1882 3375 1955; baseline 0.004 -21"><span class='ocrx_word' id='word_1_247' title='bbox 1806 1882 2056 1946; x_wconf 77' lang='lat' dir='ltr'><strong>formam,</strong></span> <span class='ocrx_word' id='word_1_248' title='bbox 2105 1893 2160 1935; x_wconf 90' lang='lat' dir='ltr'><strong>et</strong></span> <span class='ocrx_word' id='word_1_249' title='bbox 2193 1882 2441 1950; x_wconf 85' lang='lat' dir='ltr'><strong>corporis</strong></span> <span class='ocrx_word' id='word_1_250' title='bbox 2491 1883 2766 1951; x_wconf 86' lang='lat' dir='ltr'><strong>speciem;</strong></span> <span class='ocrx_word' id='word_1_251' title='bbox 2815 1898 3100 1938; x_wconf 89' lang='lat' dir='ltr'><strong>sermones</strong></span> <span class='ocrx_word' id='word_1_252' title='bbox 3141 1884 3375 1955; x_wconf 87' lang='lat' dir='ltr'><strong>denique</strong></span> 
     </span>
    </p>
   </div>
   <div class='ocr_carea' id='block_1_35' title="bbox 146 1964 1698 2036">
    <p class='ocr_par' dir='ltr' id='par_1_35' title="bbox 146 1964 1698 2036">
     <span class='ocr_line' id='line_1_35' title="bbox 146 1964 1698 2036; baseline 0.001 -18"><span class='ocrx_word' id='word_1_253' title='bbox 146 1967 227 2036; x_wconf 73' lang='grc' dir='ltr'>φὴν</span> <span class='ocrx_word' id='word_1_254' title='bbox 253 1966 320 2030; x_wconf 86' lang='grc' dir='ltr'>ὼς</span> <span class='ocrx_word' id='word_1_255' title='bbox 359 1965 705 2036; x_wconf 81' lang='grc' dir='ltr'>ἀπήγγελλε,</span> <span class='ocrx_word' id='word_1_256' title='bbox 748 1967 840 2019; x_wconf 76' lang='grc' dir='ltr'>καὶ</span> <span class='ocrx_word' id='word_1_257' title='bbox 886 1966 984 2036; x_wconf 77' lang='grc' dir='ltr'>τὴν</span> <span class='ocrx_word' id='word_1_258' title='bbox 1034 1964 1171 2036; x_wconf 88' lang='grc' dir='ltr'><strong>μετά</strong></span> <span class='ocrx_word' id='word_1_259' title='bbox 1214 1965 1323 2018; x_wconf 88' lang='grc' dir='ltr'><strong>τῶν</strong></span> <span class='ocrx_word' id='word_1_260' title='bbox 1356 1965 1698 2020; x_wconf 71' lang='grc' dir='ltr'>λοιπῶντῶν</span> 
     </span>
    </p>
   </div>
   <div class='ocr_carea' id='block_1_36' title="bbox 144 2058 1699 2130">
    <p class='ocr_par' dir='ltr' id='par_1_36' title="bbox 144 2058 1699 2130">
     <span class='ocr_line' id='line_1_36' title="bbox 144 2058 1699 2130; baseline 0.002 -20"><span class='ocrx_word' id='word_1_261' title='bbox 144 2059 424 2129; x_wconf 77' lang='grc' dir='ltr'>ἑωρακότων</span> <span class='ocrx_word' id='word_1_262' title='bbox 458 2059 558 2111; x_wconf 83' lang='grc' dir='ltr'>τὸν</span> <span class='ocrx_word' id='word_1_263' title='bbox 594 2058 801 2129; x_wconf 80' lang='grc' dir='ltr'>Κύριον</span> <span class='ocrx_word' id='word_1_264' title='bbox 823 2075 836 2088; x_wconf 80' lang='grc'><em>’</em></span> <span class='ocrx_word' id='word_1_265' title='bbox 873 2059 966 2111; x_wconf 67' lang='grc' dir='ltr'>καὶ</span> <span class='ocrx_word' id='word_1_266' title='bbox 1005 2058 1079 2122; x_wconf 85' lang='grc' dir='ltr'>ὡς</span> <span class='ocrx_word' id='word_1_267' title='bbox 1116 2059 1535 2130; x_wconf 81' lang='grc' dir='ltr'><strong>ἀπεμνημόνευε</strong></span> <span class='ocrx_word' id='word_1_268' title='bbox 1575 2061 1699 2124; x_wconf 73' lang='grc' dir='ltr'>τοὺς</span> 
     </span>
    </p>
   </div>
   <div class='ocr_carea' id='block_1_37' title="bbox 144 2149 1698 2225">
    <p class='ocr_par' dir='ltr' id='par_1_37' title="bbox 144 2149 1698 2225">
     <span class='ocr_line' id='line_1_37' title="bbox 144 2149 1698 2225; baseline 0.003 -21"><span class='ocrx_word' id='word_1_269' title='bbox 144 2151 300 2218; x_wconf 79' lang='grc' dir='ltr'>λόγους</span> <span class='ocrx_word' id='word_1_270' title='bbox 339 2151 544 2215; x_wconf 80' lang='grc' dir='ltr'>αὐτῶν,</span> <span class='ocrx_word' id='word_1_271' title='bbox 589 2151 688 2204; x_wconf 78' lang='grc' dir='ltr'>καὶ</span> <span class='ocrx_word' id='word_1_272' title='bbox 722 2152 850 2224; x_wconf 72' lang='grc' dir='ltr'>περὶ</span> <span class='ocrx_word' id='word_1_273' title='bbox 879 2151 972 2205; x_wconf 76' lang='grc' dir='ltr'>τοῦ</span> <span class='ocrx_word' id='word_1_274' title='bbox 1005 2153 1209 2225; x_wconf 79' lang='grc' dir='ltr'>Κυρίου</span> <span class='ocrx_word' id='word_1_275' title='bbox 1241 2151 1366 2206; x_wconf 81' lang='grc' dir='ltr'>τινα</span> <span class='ocrx_word' id='word_1_276' title='bbox 1405 2149 1470 2224; x_wconf 82' lang='grc' dir='ltr'>ἦν</span> <span class='ocrx_word' id='word_1_277' title='bbox 1501 2153 1536 2207; x_wconf 77' lang='grc' dir='ltr'>ἃ</span> <span class='ocrx_word' id='word_1_278' title='bbox 1569 2155 1698 2223; x_wconf 77' lang='grc' dir='ltr'>παρ’</span> 
     </span>
    </p>
   </div>
   <div class='ocr_carea' id='block_1_38' title="bbox 143 2243 1701 2315">
    <p class='ocr_par' dir='ltr' id='par_1_38' title="bbox 143 2243 1701 2315">
     <span class='ocr_line' id='line_1_38' title="bbox 143 2243 1701 2315; baseline 0.003 -21"><span class='ocrx_word' id='word_1_279' title='bbox 143 2243 329 2295; x_wconf 76' lang='grc' dir='ltr'>ἐκείνων</span> <span class='ocrx_word' id='word_1_280' title='bbox 365 2243 627 2314; x_wconf 76' lang='grc' dir='ltr'><strong>ἀκηκόει,</strong></span> <span class='ocrx_word' id='word_1_281' title='bbox 663 2243 760 2296; x_wconf 75' lang='grc' dir='ltr'>καὶ</span> <span class='ocrx_word' id='word_1_282' title='bbox 796 2244 923 2314; x_wconf 56' lang='grc' dir='ltr'><strong>περὶ⁸</strong></span> <span class='ocrx_word' id='word_1_283' title='bbox 953 2243 1058 2296; x_wconf 90' lang='grc' dir='ltr'><strong>τῶν</strong></span> <span class='ocrx_word' id='word_1_284' title='bbox 1083 2243 1363 2315; x_wconf 82' lang='grc' dir='ltr'>δυνάμεων</span> <span class='ocrx_word' id='word_1_285' title='bbox 1394 2245 1580 2307; x_wconf 72' lang='grc' dir='ltr'>αὐτοῦ,</span> <span class='ocrx_word' id='word_1_286' title='bbox 1609 2245 1701 2298; x_wconf 78' lang='grc' dir='ltr'>καὶ</span> 
     </span>
    </p>
   </div>
   <div class='ocr_carea' id='block_1_39' title="bbox 145 2334 1702 2409">
    <p class='ocr_par' dir='ltr' id='par_1_39' title="bbox 145 2334 1702 2409">
     <span class='ocr_line' id='line_1_39' title="bbox 145 2334 1702 2409; baseline 0.003 -23"><span class='ocrx_word' id='word_1_287' title='bbox 145 2336 245 2406; x_wconf 73' lang='grc' dir='ltr'>περὶ</span> <span class='ocrx_word' id='word_1_288' title='bbox 277 2337 368 2406; x_wconf 74' lang='grc' dir='ltr'>τῆς</span> <span class='ocrx_word' id='word_1_289' title='bbox 400 2336 783 2400; x_wconf 67' lang='grc' dir='ltr'>ξοδασκαλίας,</span> <span class='ocrx_word' id='word_1_290' title='bbox 817 2337 891 2401; x_wconf 81' lang='grc' dir='ltr'>ὡς</span> <span class='ocrx_word' id='word_1_291' title='bbox 925 2335 1074 2409; x_wconf 74' lang='grc' dir='ltr'>παρὰ</span> <span class='ocrx_word' id='word_1_292' title='bbox 1105 2336 1390 2390; x_wconf 74' lang='grc' dir='ltr'>αὐτοπτῶν</span> <span class='ocrx_word' id='word_1_293' title='bbox 1425 2337 1524 2408; x_wconf 76' lang='grc' dir='ltr'>τῆς</span> <span class='ocrx_word' id='word_1_294' title='bbox 1555 2334 1702 2408; x_wconf 74' lang='grc' dir='ltr'>ζωῆς</span> 
     </span>
    </p>
   </div>
   <div class='ocr_carea' id='block_1_40' title="bbox 143 2428 1700 2502">
    <p class='ocr_par' dir='ltr' id='par_1_40' title="bbox 143 2428 1700 2502">
     <span class='ocr_line' id='line_1_40' title="bbox 143 2428 1700 2502; baseline 0.001 -22"><span class='ocrx_word' id='word_1_295' title='bbox 143 2428 216 2481; x_wconf 77' lang='grc' dir='ltr'>τοῦ</span> <span class='ocrx_word' id='word_1_296' title='bbox 257 2431 406 2498; x_wconf 86' lang='grc' dir='ltr'>λόγου</span> <span class='ocrx_word' id='word_1_297' title='bbox 449 2429 819 2502; x_wconf 72' lang='grc' dir='ltr'>παρειληφὼς</span> <span class='ocrx_word' id='word_1_298' title='bbox 867 2433 896 2484; x_wconf 85' lang='grc' dir='ltr'>ὁ</span> <span class='ocrx_word' id='word_1_299' title='bbox 949 2429 1338 2500; x_wconf 85' lang='grc' dir='ltr'>Πολύκαρπος,</span> <span class='ocrx_word' id='word_1_300' title='bbox 1391 2429 1700 2501; x_wconf 85' lang='grc' dir='ltr'>ἀπήγγελλε</span> 
     </span>
    </p>
   </div>
   <div class='ocr_carea' id='block_1_41' title="bbox 144 2521 1702 2592">
    <p class='ocr_par' dir='ltr' id='par_1_41' title="bbox 144 2521 1702 2592">
     <span class='ocr_line' id='line_1_41' title="bbox 144 2521 1702 2592; baseline 0.002 -20"><span class='ocrx_word' id='word_1_301' title='bbox 144 2521 289 2573; x_wconf 76' lang='grc' dir='ltr'>πάντα</span> <span class='ocrx_word' id='word_1_302' title='bbox 333 2522 609 2592; x_wconf 77' lang='grc' dir='ltr'>σύμφωνα</span> <span class='ocrx_word' id='word_1_303' title='bbox 642 2525 768 2584; x_wconf 86' lang='grc' dir='ltr'>ταῖς</span> <span class='ocrx_word' id='word_1_304' title='bbox 814 2522 1073 2592; x_wconf 82' lang='grc' dir='ltr'>Γραφαῖς.</span> <span class='ocrx_word' id='word_1_305' title='bbox 1109 2521 1296 2575; x_wconf 77' lang='grc' dir='ltr'>Ταῦτα</span> <span class='ocrx_word' id='word_1_306' title='bbox 1325 2524 1420 2575; x_wconf 71' lang='grc' dir='ltr'>καὶ</span> <span class='ocrx_word' id='word_1_307' title='bbox 1451 2523 1571 2575; x_wconf 90' lang='grc' dir='ltr'>τότε</span> <span class='ocrx_word' id='word_1_308' title='bbox 1614 2521 1702 2575; x_wconf 88' lang='grc' dir='ltr'><strong>διά</strong></span> 
     </span>
    </p>
   </div>
   <div class='ocr_carea' id='block_1_42' title="bbox 145 2611 1702 2684">
    <p class='ocr_par' dir='ltr' id='par_1_42' title="bbox 145 2611 1702 2684">
     <span class='ocr_line' id='line_1_42' title="bbox 145 2611 1702 2684; baseline -0.002 -18"><span class='ocrx_word' id='word_1_309' title='bbox 145 2612 191 2666; x_wconf 65' lang='grc' dir='ltr'>τὸ</span> <span class='ocrx_word' id='word_1_310' title='bbox 216 2613 345 2677; x_wconf 62' lang='grc' dir='ltr'>ὓεος</span> <span class='ocrx_word' id='word_1_311' title='bbox 389 2613 490 2667; x_wconf 76' lang='grc' dir='ltr'>τοῦ</span> <span class='ocrx_word' id='word_1_312' title='bbox 539 2613 680 2666; x_wconf 75' lang='grc' dir='ltr'>Θεοῦ</span> <span class='ocrx_word' id='word_1_313' title='bbox 734 2613 793 2666; x_wconf 79' lang='grc' dir='ltr'>τὸ</span> <span class='ocrx_word' id='word_1_314' title='bbox 835 2615 918 2665; x_wconf 75' lang='grc' dir='ltr'><strong>ἐπ’</strong></span> <span class='ocrx_word' id='word_1_315' title='bbox 963 2613 1086 2684; x_wconf 69' lang='grc' dir='ltr'>ἐμοὶ</span> <span class='ocrx_word' id='word_1_316' title='bbox 1126 2613 1355 2682; x_wconf 71' lang='grc' dir='ltr'>γεγονδς</span> <span class='ocrx_word' id='word_1_317' title='bbox 1399 2611 1702 2674; x_wconf 87' lang='grc' dir='ltr'>σπουδαίως</span> 
     </span>
    </p>
   </div>
   <div class='ocr_carea' id='block_1_43' title="bbox 145 2702 1701 2777">
    <p class='ocr_par' dir='ltr' id='par_1_43' title="bbox 145 2702 1701 2777">
     <span class='ocr_line' id='line_1_43' title="bbox 145 2702 1701 2777; baseline -0.001 -20"><span class='ocrx_word' id='word_1_318' title='bbox 145 2706 323 2774; x_wconf 68' lang='grc' dir='ltr'>ἢκουον,</span> <span class='ocrx_word' id='word_1_319' title='bbox 357 2704 952 2777; x_wconf 77' lang='grc' dir='ltr'>ύπομνηματιζόμενος</span> <span class='ocrx_word' id='word_1_320' title='bbox 976 2705 1113 2758; x_wconf 82' lang='grc' dir='ltr'><strong>αύτά</strong></span> <span class='ocrx_word' id='word_1_321' title='bbox 1141 2705 1241 2758; x_wconf 83' lang='grc' dir='ltr'>οὐκ</span> <span class='ocrx_word' id='word_1_322' title='bbox 1271 2706 1327 2757; x_wconf 84' lang='grc' dir='ltr'>ὲν</span> <span class='ocrx_word' id='word_1_323' title='bbox 1361 2703 1556 2777; x_wconf 81' lang='grc' dir='ltr'>χάρτῃ,</span> <span class='ocrx_word' id='word_1_324' title='bbox 1588 2702 1701 2756; x_wconf 87' lang='grc' dir='ltr'>ἀλλ’</span> 
     </span>
    </p>
   </div>
   <div class='ocr_carea' id='block_1_44' title="bbox 144 2795 1700 2871">
    <p class='ocr_par' dir='ltr' id='par_1_44' title="bbox 144 2795 1700 2871">
     <span class='ocr_line' id='line_1_44' title="bbox 144 2795 1700 2871; baseline 0 -22"><span class='ocrx_word' id='word_1_325' title='bbox 144 2800 189 2849; x_wconf 77' lang='grc' dir='ltr'>ἐν</span> <span class='ocrx_word' id='word_1_326' title='bbox 212 2803 269 2870; x_wconf 81' lang='grc' dir='ltr'><strong>τῇ</strong></span> <span class='ocrx_word' id='word_1_327' title='bbox 308 2803 410 2871; x_wconf 79' lang='grc' dir='ltr'>ὲμῇ</span> <span class='ocrx_word' id='word_1_328' title='bbox 458 2799 672 2870; x_wconf 74' lang='grc' dir='ltr'>καρδίᾳ</span> <span class='ocrx_word' id='word_1_329' title='bbox 693 2817 705 2829; x_wconf 85' lang='grc'>·</span> <span class='ocrx_word' id='word_1_330' title='bbox 740 2799 830 2851; x_wconf 64' lang='grc' dir='ltr'><strong>καὶ¹</strong></span> <span class='ocrx_word' id='word_1_331' title='bbox 863 2799 948 2851; x_wconf 77' lang='grc' dir='ltr'>ἀεὶ</span> <span class='ocrx_word' id='word_1_332' title='bbox 985 2797 1072 2851; x_wconf 89' lang='grc' dir='ltr'><strong>διά</strong></span> <span class='ocrx_word' id='word_1_333' title='bbox 1107 2799 1204 2870; x_wconf 83' lang='grc' dir='ltr'>τὴν</span> <span class='ocrx_word' id='word_1_334' title='bbox 1240 2799 1400 2869; x_wconf 83' lang='grc' dir='ltr'>χάριν</span> <span class='ocrx_word' id='word_1_335' title='bbox 1431 2797 1523 2851; x_wconf 78' lang='grc' dir='ltr'>τοῦ</span> <span class='ocrx_word' id='word_1_336' title='bbox 1566 2795 1700 2850; x_wconf 79' lang='grc' dir='ltr'>Θεοῦ</span> 
     </span>
    </p>
   </div>
   <div class='ocr_carea' id='block_1_45' title="bbox 145 2890 1702 2962">
    <p class='ocr_par' dir='ltr' id='par_1_45' title="bbox 145 2890 1702 2962">
     <span class='ocr_line' id='line_1_45' title="bbox 145 2890 1702 2962; baseline -0.001 -18"><span class='ocrx_word' id='word_1_337' title='bbox 145 2894 345 2962; x_wconf 75' lang='grc' dir='ltr'>γνησίως</span> <span class='ocrx_word' id='word_1_338' title='bbox 381 2891 529 2947; x_wconf 76' lang='grc' dir='ltr'>αὖτά</span> <span class='ocrx_word' id='word_1_339' title='bbox 564 2891 1012 2962; x_wconf 84' lang='grc' dir='ltr'>ἀναμαρυκῶμαι</span> <span class='ocrx_word' id='word_1_340' title='bbox 1033 2909 1046 2921; x_wconf 75' lang='grc' dir='ltr'><strong>ο</strong></span> <span class='ocrx_word' id='word_1_341' title='bbox 1078 2892 1170 2944; x_wconf 73' lang='grc' dir='ltr'>καὶ</span> <span class='ocrx_word' id='word_1_342' title='bbox 1201 2891 1437 2962; x_wconf 85' lang='grc' dir='ltr'>δύναμαι</span> <span class='ocrx_word' id='word_1_343' title='bbox 1468 2890 1702 2962; x_wconf 90' lang='grc' dir='ltr'>διαμαρ-</span> 
     </span>
    </p>
   </div>
   <div class='ocr_carea' id='block_1_46' title="bbox 145 2981 1702 3054">
    <p class='ocr_par' dir='ltr' id='par_1_46' title="bbox 145 2981 1702 3054">
     <span class='ocr_line' id='line_1_46' title="bbox 145 2981 1702 3054; baseline 0.001 -21"><span class='ocrx_word' id='word_1_344' title='bbox 145 2981 372 3052; x_wconf 75' lang='grc' dir='ltr'>τύρασθαι</span> <span class='ocrx_word' id='word_1_345' title='bbox 423 2981 749 3054; x_wconf 79' lang='grc' dir='ltr'>ἔμπροσθεν</span> <span class='ocrx_word' id='word_1_346' title='bbox 799 2981 890 3035; x_wconf 76' lang='grc' dir='ltr'><strong>τοῦ</strong></span> <span class='ocrx_word' id='word_1_347' title='bbox 939 2981 1094 3044; x_wconf 77' lang='grc' dir='ltr'>Θεοῦ,</span> <span class='ocrx_word' id='word_1_348' title='bbox 1143 2984 1224 3036; x_wconf 83' lang='grc' dir='ltr'>ὅτι</span> <span class='ocrx_word' id='word_1_349' title='bbox 1271 2983 1324 3035; x_wconf 83' lang='grc' dir='ltr'><strong>εί</strong></span> <span class='ocrx_word' id='word_1_350' title='bbox 1370 3001 1420 3035; x_wconf 86' lang='grc' dir='ltr'><strong>τι</strong></span> <span class='ocrx_word' id='word_1_351' title='bbox 1461 2981 1702 3035; x_wconf 83' lang='grc' dir='ltr'>τοιοῦτον</span> 
     </span>
    </p>
   </div>
   <div class='ocr_carea' id='block_1_47' title="bbox 145 3071 1702 3150">
    <p class='ocr_par' dir='ltr' id='par_1_47' title="bbox 145 3071 1702 3150">
     <span class='ocr_line' id='line_1_47' title="bbox 145 3071 1702 3150; baseline 0 -24"><span class='ocrx_word' id='word_1_352' title='bbox 145 3073 333 3144; x_wconf 76' lang='grc' dir='ltr'>ἀκηκόει</span> <span class='ocrx_word' id='word_1_353' title='bbox 357 3077 576 3150; x_wconf 71' lang='grc' dir='ltr'>ἐκεῖνος</span> <span class='ocrx_word' id='word_1_354' title='bbox 603 3077 632 3128; x_wconf 82' lang='grc' dir='ltr'>ὁ</span> <span class='ocrx_word' id='word_1_355' title='bbox 665 3073 935 3145; x_wconf 77' lang='grc' dir='ltr'>μακάριος</span> <span class='ocrx_word' id='word_1_356' title='bbox 963 3075 1054 3127; x_wconf 65' lang='grc' dir='ltr'><strong>κα)⁵</strong></span> <span class='ocrx_word' id='word_1_357' title='bbox 1076 3073 1428 3137; x_wconf 74' lang='grc' dir='ltr'>ἀποστολικδς</span> <span class='ocrx_word' id='word_1_358' title='bbox 1459 3071 1702 3145; x_wconf 78' lang='grc' dir='ltr'>πρεσὸύ-</span> 
     </span>
    </p>
   </div>
   <div class='ocr_carea' id='block_1_48' title="bbox 143 3159 1702 3239">
    <p class='ocr_par' dir='ltr' id='par_1_48' title="bbox 143 3159 1702 3239">
     <span class='ocr_line' id='line_1_48' title="bbox 143 3159 1702 3239; baseline 0 -21"><span class='ocrx_word' id='word_1_359' title='bbox 143 3182 287 3236; x_wconf 83' lang='grc' dir='ltr'>τερος,</span> <span class='ocrx_word' id='word_1_360' title='bbox 321 3167 647 3239; x_wconf 71' lang='grc' dir='ltr'>ἀνακράξας</span> <span class='ocrx_word' id='word_1_361' title='bbox 678 3166 746 3219; x_wconf 85' lang='grc' dir='ltr'>ἂν</span> <span class='ocrx_word' id='word_1_362' title='bbox 779 3165 871 3218; x_wconf 77' lang='grc' dir='ltr'>καὶ</span> <span class='ocrx_word' id='word_1_363' title='bbox 901 3165 1180 3237; x_wconf 73' lang='grc' dir='ltr'><strong>ἐμφράξας</strong></span> <span class='ocrx_word' id='word_1_364' title='bbox 1212 3165 1280 3218; x_wconf 87' lang='grc' dir='ltr'><strong>τά</strong></span> <span class='ocrx_word' id='word_1_365' title='bbox 1318 3159 1432 3218; x_wconf 80' lang='grc' dir='ltr'><strong>ὦτα</strong></span> <span class='ocrx_word' id='word_1_366' title='bbox 1463 3165 1573 3234; x_wconf 78' lang='lat'><strong>(57)</strong></span> <span class='ocrx_word' id='word_1_367' title='bbox 1602 3165 1702 3218; x_wconf 69' lang='grc' dir='ltr'><strong>αὒρ</strong></span> 
     </span>
    </p>
   </div>
   <div class='ocr_carea' id='block_1_49' title="bbox 144 3253 1702 3330">
    <p class='ocr_par' dir='ltr' id='par_1_49' title="bbox 144 3253 1702 3330">
     <span class='ocr_line' id='line_1_49' title="bbox 144 3253 1702 3330; baseline -0.001 -18"><span class='ocrx_word' id='word_1_368' title='bbox 144 3259 338 3324; x_wconf 75' lang='grc' dir='ltr'>τοῦ,καὶ</span> <span class='ocrx_word' id='word_1_369' title='bbox 373 3261 522 3314; x_wconf 82' lang='grc' dir='ltr'><strong>κατά</strong></span> <span class='ocrx_word' id='word_1_370' title='bbox 554 3260 617 3312; x_wconf 80' lang='grc' dir='ltr'>τὸ</span> <span class='ocrx_word' id='word_1_371' title='bbox 649 3257 878 3330; x_wconf 82' lang='grc' dir='ltr'>σύνηθες</span> <span class='ocrx_word' id='word_1_372' title='bbox 917 3257 1108 3320; x_wconf 87' lang='grc' dir='ltr'>είπὼν,</span> <span class='ocrx_word' id='word_1_373' title='bbox 1148 3278 1164 3308; x_wconf 79' lang='grc' dir='ltr'><strong>ι</strong></span> <span class='ocrx_word' id='word_1_374' title='bbox 1204 3253 1274 3309; x_wconf 80' lang='grc' dir='ltr'><strong><em>Ὦ</em></strong></span> <span class='ocrx_word' id='word_1_375' title='bbox 1304 3257 1435 3311; x_wconf 82' lang='grc' dir='ltr'>καλὲ</span> <span class='ocrx_word' id='word_1_376' title='bbox 1466 3257 1585 3317; x_wconf 85' lang='grc' dir='ltr'><strong>Θεὲ.</strong></span> <span class='ocrx_word' id='word_1_377' title='bbox 1623 3258 1702 3322; x_wconf 86' lang='grc' dir='ltr'><strong>εἰς</strong></span> 
     </span>
    </p>
   </div>
   <div class='ocr_carea' id='block_1_50' title="bbox 141 3350 1696 3424">
    <p class='ocr_par' dir='ltr' id='par_1_50' title="bbox 141 3350 1696 3424">
     <span class='ocr_line' id='line_1_50' title="bbox 141 3350 1696 3424; baseline -0.002 -20"><span class='ocrx_word' id='word_1_378' title='bbox 141 3351 258 3416; x_wconf 68' lang='lat' dir='ltr'><strong>eloti;</strong></span> <span class='ocrx_word' id='word_1_379' title='bbox 285 3371 348 3424; x_wconf 88' lang='grc' dir='ltr'><strong>με</strong></span> <span class='ocrx_word' id='word_1_380' title='bbox 383 3355 628 3424; x_wconf 81' lang='grc' dir='ltr'>καιροὺς</span> <span class='ocrx_word' id='word_1_381' title='bbox 661 3354 992 3422; x_wconf 71' lang='grc' dir='ltr'>τετήρηκας,</span> <span class='ocrx_word' id='word_1_382' title='bbox 1014 3352 1100 3405; x_wconf 81' lang='grc' dir='ltr'>ἵνα</span> <span class='ocrx_word' id='word_1_383' title='bbox 1117 3351 1317 3403; x_wconf 80' lang='grc' dir='ltr'>τούτων</span> <span class='ocrx_word' id='word_1_384' title='bbox 1350 3350 1650 3420; x_wconf 85' lang='grc' dir='ltr'>ἀνέχωμαι·</span> <span class='ocrx_word' id='word_1_385' title='bbox 1677 3368 1696 3401; x_wconf 77' lang='lat' dir='ltr'><strong>s</strong></span> 
     </span>
    </p>
   </div>
   <div class='ocr_carea' id='block_1_51' title="bbox 142 3435 1704 3513">
    <p class='ocr_par' dir='ltr' id='par_1_51' title="bbox 142 3435 1704 3513">
     <span class='ocr_line' id='line_1_51' title="bbox 142 3435 1704 3513; baseline -0.001 -19"><span class='ocrx_word' id='word_1_386' title='bbox 142 3445 366 3512; x_wconf 71' lang='grc' dir='ltr'>πεφεύγοι</span> <span class='ocrx_word' id='word_1_387' title='bbox 393 3447 460 3500; x_wconf 77' lang='grc' dir='ltr'>ἂν</span> <span class='ocrx_word' id='word_1_388' title='bbox 483 3445 590 3499; x_wconf 65' lang='grc' dir='ltr'>καὶ</span> <span class='ocrx_word' id='word_1_389' title='bbox 615 3445 707 3497; x_wconf 81' lang='grc' dir='ltr'>τὸν</span> <span class='ocrx_word' id='word_1_390' title='bbox 739 3444 902 3496; x_wconf 88' lang='grc' dir='ltr'>τόπον</span> <span class='ocrx_word' id='word_1_391' title='bbox 932 3445 988 3494; x_wconf 80' lang='grc' dir='ltr'>ὲν</span> <span class='ocrx_word' id='word_1_392' title='bbox 1086 3440 1444 3513; x_wconf 77' lang='grc' dir='ltr'>καθεξόμενος</span> <span class='ocrx_word' id='word_1_393' title='bbox 1474 3443 1506 3512; x_wconf 83' lang='grc' dir='ltr'>ἢ</span> <span class='ocrx_word' id='word_1_394' title='bbox 1533 3441 1704 3504; x_wconf 76' lang='grc' dir='ltr'>ἑστὼς</span> 
     </span>
    </p>
   </div>
   <div class='ocr_carea' id='block_1_52' title="bbox 141 3534 1702 3609">
    <p class='ocr_par' dir='ltr' id='par_1_52' title="bbox 141 3534 1702 3609">
     <span class='ocr_line' id='line_1_52' title="bbox 141 3534 1702 3609; baseline -0.002 -20"><span class='ocrx_word' id='word_1_395' title='bbox 141 3535 226 3589; x_wconf 82' lang='grc' dir='ltr'><strong>τῶν</strong></span> <span class='ocrx_word' id='word_1_396' title='bbox 247 3539 492 3592; x_wconf 83' lang='grc' dir='ltr'>τοιούτων</span> <span class='ocrx_word' id='word_1_397' title='bbox 534 3537 770 3609; x_wconf 75' lang='grc' dir='ltr'>ἀκηκόει</span> <span class='ocrx_word' id='word_1_398' title='bbox 811 3536 1002 3604; x_wconf 85' lang='grc' dir='ltr'>λόγων.</span> <span class='ocrx_word' id='word_1_399' title='bbox 1038 3537 1148 3588; x_wconf 74' lang='grc' dir='ltr'><strong>Καὶ</strong></span> <span class='ocrx_word' id='word_1_400' title='bbox 1177 3538 1240 3588; x_wconf 81' lang='grc' dir='ltr'>ἐκ</span> <span class='ocrx_word' id='word_1_401' title='bbox 1267 3535 1374 3588; x_wconf 88' lang='grc' dir='ltr'><strong>τῶν</strong></span> <span class='ocrx_word' id='word_1_402' title='bbox 1406 3534 1702 3589; x_wconf 75' lang='grc' dir='ltr'>ἐπιστολῶν</span> 
     </span>
    </p>
   </div>
   <div class='ocr_carea' id='block_1_53' title="bbox 141 3625 1702 3698">
    <p class='ocr_par' dir='ltr' id='par_1_53' title="bbox 141 3625 1702 3698">
     <span class='ocr_line' id='line_1_53' title="bbox 141 3625 1702 3698; baseline -0.002 -17"><span class='ocrx_word' id='word_1_403' title='bbox 141 3627 184 3681; x_wconf 66' lang='grc' dir='ltr'>δὲ</span> <span class='ocrx_word' id='word_1_404' title='bbox 205 3631 354 3685; x_wconf 75' lang='grc' dir='ltr'>αὐτοῦ</span> <span class='ocrx_word' id='word_1_405' title='bbox 378 3625 453 3686; x_wconf 84' lang='grc' dir='ltr'><strong>ῶν</strong></span> <span class='ocrx_word' id='word_1_406' title='bbox 471 3629 818 3693; x_wconf 78' lang='grc' dir='ltr'>ἐπέστειλεν,</span> <span class='ocrx_word' id='word_1_407' title='bbox 835 3630 950 3694; x_wconf 74' lang='grc' dir='ltr'><strong>1ήτοι</strong></span> <span class='ocrx_word' id='word_1_408' title='bbox 978 3630 1096 3691; x_wconf 84' lang='grc' dir='ltr'>ταῖς</span> <span class='ocrx_word' id='word_1_409' title='bbox 1111 3625 1450 3697; x_wconf 79' lang='grc' dir='ltr'>γειτνιώσαις</span> <span class='ocrx_word' id='word_1_410' title='bbox 1478 3626 1702 3698; x_wconf 83' lang='grc' dir='ltr'>Ἐκκλη-</span> 
     </span>
    </p>
   </div>
   <div class='ocr_carea' id='block_1_54' title="bbox 144 3719 1702 3796">
    <p class='ocr_par' dir='ltr' id='par_1_54' title="bbox 144 3719 1702 3796">
     <span class='ocr_line' id='line_1_54' title="bbox 144 3719 1702 3796; baseline 0 -24"><span class='ocrx_word' id='word_1_411' title='bbox 144 3721 255 3784; x_wconf 72' lang='lat' dir='ltr'><strong>aiat:</strong></span> <span class='ocrx_word' id='word_1_412' title='bbox 278 3721 663 3796; x_wconf 79' lang='grc' dir='ltr'>ἐπιστηρίζων</span> <span class='ocrx_word' id='word_1_413' title='bbox 690 3721 878 3786; x_wconf 84' lang='grc' dir='ltr'>αὑτάς,</span> <span class='ocrx_word' id='word_1_414' title='bbox 911 3723 944 3792; x_wconf 76' lang='grc' dir='ltr'>ἢ</span> <span class='ocrx_word' id='word_1_415' title='bbox 971 3721 1077 3775; x_wconf 87' lang='grc' dir='ltr'><strong>τῶν</strong></span> <span class='ocrx_word' id='word_1_416' title='bbox 1105 3721 1348 3791; x_wconf 82' lang='grc' dir='ltr'>ἀδελφῶν</span> <span class='ocrx_word' id='word_1_417' title='bbox 1381 3739 1488 3774; x_wconf 91' lang='grc' dir='ltr'>τισι</span> <span class='ocrx_word' id='word_1_418' title='bbox 1517 3719 1702 3773; x_wconf 79' lang='grc' dir='ltr'>νουθεο</span> 
     </span>
    </p>
   </div>
   <div class='ocr_carea' id='block_1_55' title="bbox 141 3811 1697 3888">
    <p class='ocr_par' dir='ltr' id='par_1_55' title="bbox 141 3811 1697 3888">
     <span class='ocr_line' id='line_1_55' title="bbox 141 3811 1697 3888; baseline 0.004 -26"><span class='ocrx_word' id='word_1_419' title='bbox 141 3811 225 3866; x_wconf 84' lang='grc' dir='ltr'><strong>τῶν</strong></span> <span class='ocrx_word' id='word_1_420' title='bbox 253 3817 442 3880; x_wconf 73' lang='grc' dir='ltr'>αὐτοὺς</span> <span class='ocrx_word' id='word_1_421' title='bbox 488 3817 593 3871; x_wconf 73' lang='grc' dir='ltr'><strong>καὶ</strong></span> <span class='ocrx_word' id='word_1_422' title='bbox 629 3816 1087 3888; x_wconf 87' lang='grc' dir='ltr'>προτρεπόμενος,</span> <span class='ocrx_word' id='word_1_423' title='bbox 1123 3815 1344 3870; x_wconf 85' lang='grc' dir='ltr'>δύναται</span> <span class='ocrx_word' id='word_1_424' title='bbox 1382 3814 1697 3886; x_wconf 82' lang='grc' dir='ltr'>φανερωθῆ-</span> 
     </span>
    </p>
   </div>
   <div class='ocr_carea' id='block_1_56' title="bbox 141 3909 881 3982">
    <p class='ocr_par' dir='ltr' id='par_1_56' title="bbox 141 3909 881 3982">
     <span class='ocr_line' id='line_1_56' title="bbox 141 3909 881 3982; baseline 0.023 -26"><span class='ocrx_word' id='word_1_425' title='bbox 141 3921 205 3958; x_wconf 80' lang='grc' dir='ltr'><strong>ναι</strong></span> <span class='ocrx_word' id='word_1_426' title='bbox 245 3927 262 3960; x_wconf 77' lang='grc' dir='ltr'><strong>ο</strong></span> <span class='ocrx_word' id='word_1_427' title='bbox 295 3909 477 3963; x_wconf 76' lang='grc' dir='ltr'>Ταῦτα</span> <span class='ocrx_word' id='word_1_428' title='bbox 504 3911 538 3962; x_wconf 85' lang='grc' dir='ltr'><strong>ὁ</strong></span> <span class='ocrx_word' id='word_1_429' title='bbox 573 3909 881 3982; x_wconf 76' lang='grc' dir='ltr'>Εἰρηναῖοςο</span> 
     </span>
    </p>
   </div>
   <div class='ocr_carea' id='block_1_57' title="bbox 1800 1973 3370 2043">
    <p class='ocr_par' dir='ltr' id='par_1_57' title="bbox 1800 1973 3370 2043">
     <span class='ocr_line' id='line_1_57' title="bbox 1800 1973 3370 2043; baseline 0.003 -18"><span class='ocrx_word' id='word_1_430' title='bbox 1800 1988 1933 2042; x_wconf 90' lang='lat' dir='ltr'><strong>quos</strong></span> <span class='ocrx_word' id='word_1_431' title='bbox 1965 1975 2030 2028; x_wconf 88' lang='lat' dir='ltr'><strong>ad</strong></span> <span class='ocrx_word' id='word_1_432' title='bbox 2066 1973 2320 2043; x_wconf 87' lang='lat' dir='ltr'><strong>populum</strong></span> <span class='ocrx_word' id='word_1_433' title='bbox 2354 1973 2590 2027; x_wconf 82' lang='lat' dir='ltr'><strong>habebat</strong></span> <span class='ocrx_word' id='word_1_434' title='bbox 2617 1989 2632 2036; x_wconf 87' lang='lat'><strong>;</strong></span> <span class='ocrx_word' id='word_1_435' title='bbox 2665 1983 2718 2026; x_wconf 89' lang='lat' dir='ltr'><strong>et</strong></span> <span class='ocrx_word' id='word_1_436' title='bbox 2751 1973 3079 2027; x_wconf 75' lang='lat' dir='ltr'><strong>familiarem</strong></span> <span class='ocrx_word' id='word_1_437' title='bbox 3131 1988 3370 2029; x_wconf 80' lang='lat' dir='ltr'><strong>consue—</strong></span> 
     </span>
    </p>
   </div>
   <div class='ocr_carea' id='block_1_58' title="bbox 1803 2063 3372 2133">
    <p class='ocr_par' dir='ltr' id='par_1_58' title="bbox 1803 2063 3372 2133">
     <span class='ocr_line' id='line_1_58' title="bbox 1803 2063 3372 2133; baseline 0.002 -15"><span class='ocrx_word' id='word_1_438' title='bbox 1803 2065 2066 2127; x_wconf 89' lang='lat' dir='ltr'><strong>tudinem,</strong></span> <span class='ocrx_word' id='word_1_439' title='bbox 2098 2081 2220 2133; x_wconf 75' lang='lat' dir='ltr'><strong>qua:</strong></span> <span class='ocrx_word' id='word_1_440' title='bbox 2251 2065 2323 2118; x_wconf 94' lang='lat' dir='ltr'><strong>illi</strong></span> <span class='ocrx_word' id='word_1_441' title='bbox 2356 2081 2478 2120; x_wconf 90' lang='lat' dir='ltr'><strong>cum</strong></span> <span class='ocrx_word' id='word_1_442' title='bbox 2507 2063 2738 2129; x_wconf 78' lang='lat' dir='ltr'><strong>Joanne,</strong></span> <span class='ocrx_word' id='word_1_443' title='bbox 2761 2074 2818 2118; x_wconf 91' lang='lat' dir='ltr'><strong>ut</strong></span> <span class='ocrx_word' id='word_1_444' title='bbox 2853 2068 3132 2131; x_wconf 80' lang='lat' dir='ltr'><strong>narrabat,</strong></span> <span class='ocrx_word' id='word_1_445' title='bbox 3164 2077 3219 2121; x_wconf 90' lang='lat' dir='ltr'><strong>et</strong></span> <span class='ocrx_word' id='word_1_446' title='bbox 3251 2081 3372 2121; x_wconf 85' lang='lat' dir='ltr'><strong>cum</strong></span> 
     </span>
    </p>
   </div>
   <div class='ocr_carea' id='block_1_59' title="bbox 1803 2156 3376 2226">
    <p class='ocr_par' dir='ltr' id='par_1_59' title="bbox 1803 2156 3376 2226">
     <span class='ocr_line' id='line_1_59' title="bbox 1803 2156 3376 2226; baseline 0.001 -14"><span class='ocrx_word' id='word_1_447' title='bbox 1803 2156 2026 2226; x_wconf 83' lang='lat' dir='ltr'><strong>reliquis</strong></span> <span class='ocrx_word' id='word_1_448' title='bbox 2066 2161 2158 2226; x_wconf 90' lang='lat' dir='ltr'><strong>qui</strong></span> <span class='ocrx_word' id='word_1_449' title='bbox 2187 2157 2470 2211; x_wconf 86' lang='lat' dir='ltr'><strong>Dominum</strong></span> <span class='ocrx_word' id='word_1_450' title='bbox 2503 2157 2680 2226; x_wconf 89' lang='lat' dir='ltr'><strong>ipsum</strong></span> <span class='ocrx_word' id='word_1_451' title='bbox 2719 2157 3006 2223; x_wconf 75' lang='lat' dir='ltr'><strong>vidissent,</strong></span> <span class='ocrx_word' id='word_1_452' title='bbox 3043 2159 3376 2213; x_wconf 85' lang='lat' dir='ltr'><strong>intercesse-</strong></span> 
     </span>
    </p>
   </div>
   <div class='ocr_carea' id='block_1_60' title="bbox 1805 2249 3373 2318">
    <p class='ocr_par' dir='ltr' id='par_1_60' title="bbox 1805 2249 3373 2318">
     <span class='ocr_line' id='line_1_60' title="bbox 1805 2249 3373 2318; baseline 0.001 -16"><span class='ocrx_word' id='word_1_453' title='bbox 1805 2259 1926 2302; x_wconf 88' lang='lat' dir='ltr'><strong>rat:</strong></span> <span class='ocrx_word' id='word_1_454' title='bbox 1963 2260 2017 2304; x_wconf 91' lang='lat' dir='ltr'><strong>et</strong></span> <span class='ocrx_word' id='word_1_455' title='bbox 2050 2250 2286 2318; x_wconf 87' lang='lat' dir='ltr'><strong>qualiter</strong></span> <span class='ocrx_word' id='word_1_456' title='bbox 2317 2249 2460 2302; x_wconf 88' lang='lat' dir='ltr'><strong>dicta</strong></span> <span class='ocrx_word' id='word_1_457' title='bbox 2495 2249 2710 2303; x_wconf 93' lang='lat' dir='ltr'><strong>illorum</strong></span> <span class='ocrx_word' id='word_1_458' title='bbox 2741 2249 3210 2304; x_wconf 86' lang='lat' dir='ltr'><strong>commemorabat</strong></span> <span class='ocrx_word' id='word_1_459' title='bbox 3256 2269 3270 2304; x_wconf 91' lang='lat'><strong>:</strong></span> <span class='ocrx_word' id='word_1_460' title='bbox 3315 2259 3373 2305; x_wconf 91' lang='lat' dir='ltr'><strong>et</strong></span> 
     </span>
    </p>
   </div>
   <div class='ocr_carea' id='block_1_61' title="bbox 1803 2340 3373 2410">
    <p class='ocr_par' dir='ltr' id='par_1_61' title="bbox 1803 2340 3373 2410">
     <span class='ocr_line' id='line_1_61' title="bbox 1803 2340 3373 2410; baseline 0.003 -18"><span class='ocrx_word' id='word_1_461' title='bbox 1803 2355 2140 2410; x_wconf 65' lang='lat' dir='ltr'><strong>quaecunque</strong></span> <span class='ocrx_word' id='word_1_462' title='bbox 2171 2342 2238 2394; x_wconf 91' lang='lat' dir='ltr'><strong>de</strong></span> <span class='ocrx_word' id='word_1_463' title='bbox 2268 2340 2492 2395; x_wconf 91' lang='lat' dir='ltr'><strong>Domino</strong></span> <span class='ocrx_word' id='word_1_464' title='bbox 2529 2341 2596 2394; x_wconf 84' lang='lat' dir='ltr'><strong>ab</strong></span> <span class='ocrx_word' id='word_1_465' title='bbox 2631 2340 2823 2393; x_wconf 86' lang='lat' dir='ltr'><strong>iisdem</strong></span> <span class='ocrx_word' id='word_1_466' title='bbox 2848 2341 3116 2396; x_wconf 89' lang='lat' dir='ltr'><strong>audierat.</strong></span> <span class='ocrx_word' id='word_1_467' title='bbox 3164 2342 3237 2396; x_wconf 87' lang='lat' dir='ltr'><strong>De</strong></span> <span class='ocrx_word' id='word_1_468' title='bbox 3267 2341 3373 2396; x_wconf 83' lang='lat' dir='ltr'><strong>mi-</strong></span> 
     </span>
    </p>
   </div>
   <div class='ocr_carea' id='block_1_62' title="bbox 1803 2432 3374 2503">
    <p class='ocr_par' dir='ltr' id='par_1_62' title="bbox 1803 2432 3374 2503">
     <span class='ocr_line' id='line_1_62' title="bbox 1803 2432 3374 2503; baseline -0.001 -15"><span class='ocrx_word' id='word_1_469' title='bbox 1803 2434 2006 2488; x_wconf 88' lang='lat' dir='ltr'><strong>raculis</strong></span> <span class='ocrx_word' id='word_1_470' title='bbox 2037 2448 2253 2503; x_wconf 89' lang='lat' dir='ltr'><strong>quoque</strong></span> <span class='ocrx_word' id='word_1_471' title='bbox 2305 2432 2449 2486; x_wconf 84' lang='lat' dir='ltr'><strong>illius</strong></span> <span class='ocrx_word' id='word_1_472' title='bbox 2499 2447 2562 2486; x_wconf 90' lang='lat' dir='ltr'><strong>ac</strong></span> <span class='ocrx_word' id='word_1_473' title='bbox 2612 2433 2678 2486; x_wconf 86' lang='lat' dir='ltr'><strong>de</strong></span> <span class='ocrx_word' id='word_1_474' title='bbox 2708 2432 2976 2500; x_wconf 88' lang='lat' dir='ltr'><strong>doctrina,</strong></span> <span class='ocrx_word' id='word_1_475' title='bbox 3019 2441 3178 2502; x_wconf 90' lang='lat' dir='ltr'><strong>prout</strong></span> <span class='ocrx_word' id='word_1_476' title='bbox 3207 2433 3275 2486; x_wconf 85' lang='lat' dir='ltr'><strong>ab</strong></span> <span class='ocrx_word' id='word_1_477' title='bbox 3304 2433 3374 2488; x_wconf 88' lang='lat' dir='ltr'><strong>iis</strong></span> 
     </span>
    </p>
   </div>
   <div class='ocr_carea' id='block_1_63' title="bbox 1803 2524 3374 2597">
    <p class='ocr_par' dir='ltr' id='par_1_63' title="bbox 1803 2524 3374 2597">
     <span class='ocr_line' id='line_1_63' title="bbox 1803 2524 3374 2597; baseline -0.001 -17"><span class='ocrx_word' id='word_1_478' title='bbox 1803 2527 1898 2597; x_wconf 88' lang='lat' dir='ltr'><strong>qui</strong></span> <span class='ocrx_word' id='word_1_479' title='bbox 1928 2525 2151 2580; x_wconf 89' lang='lat' dir='ltr'><strong>verbum</strong></span> <span class='ocrx_word' id='word_1_480' title='bbox 2183 2525 2305 2579; x_wconf 66' lang='lat' dir='ltr'><strong>vita:</strong></span> <span class='ocrx_word' id='word_1_481' title='bbox 2341 2524 2438 2594; x_wconf 91' lang='lat' dir='ltr'><strong>ipsi</strong></span> <span class='ocrx_word' id='word_1_482' title='bbox 2475 2532 2874 2592; x_wconf 80' lang='lat' dir='ltr'><strong>conspexerant</strong></span> <span class='ocrx_word' id='word_1_483' title='bbox 2906 2524 3235 2595; x_wconf 81' lang='lat' dir='ltr'><strong>Polycarpus</strong></span> <span class='ocrx_word' id='word_1_484' title='bbox 3277 2539 3374 2578; x_wconf 85' lang='lat' dir='ltr'><strong>ac-</strong></span> 
     </span>
    </p>
   </div>
   <div class='ocr_carea' id='block_1_64' title="bbox 1804 2617 3374 2689">
    <p class='ocr_par' dir='ltr' id='par_1_64' title="bbox 1804 2617 3374 2689">
     <span class='ocr_line' id='line_1_64' title="bbox 1804 2617 3374 2689; baseline -0.001 -16"><span class='ocrx_word' id='word_1_485' title='bbox 1804 2628 2042 2689; x_wconf 88' lang='lat' dir='ltr'><strong>ceperat,</strong></span> <span class='ocrx_word' id='word_1_486' title='bbox 2070 2619 2259 2671; x_wconf 77' lang='lat' dir='ltr'><strong>eodem</strong></span> <span class='ocrx_word' id='word_1_487' title='bbox 2294 2632 2517 2684; x_wconf 87' lang='lat' dir='ltr'><strong>prorsus</strong></span> <span class='ocrx_word' id='word_1_488' title='bbox 2568 2619 2726 2672; x_wconf 91' lang='lat' dir='ltr'><strong>modo</strong></span> <span class='ocrx_word' id='word_1_489' title='bbox 2757 2617 3048 2682; x_wconf 81' lang='lat' dir='ltr'><strong>referebat,</strong></span> <span class='ocrx_word' id='word_1_490' title='bbox 3090 2617 3142 2670; x_wconf 87' lang='lat' dir='ltr'><strong>itt</strong></span> <span class='ocrx_word' id='word_1_491' title='bbox 3189 2618 3374 2672; x_wconf 85' lang='lat' dir='ltr'><strong>omni-</strong></span> 
     </span>
    </p>
   </div>
   <div class='ocr_carea' id='block_1_65' title="bbox 1805 2707 3370 2777">
    <p class='ocr_par' dir='ltr' id='par_1_65' title="bbox 1805 2707 3370 2777">
     <span class='ocr_line' id='line_1_65' title="bbox 1805 2707 3370 2777; baseline -0.002 -13"><span class='ocrx_word' id='word_1_492' title='bbox 1805 2709 1904 2764; x_wconf 91' lang='lat' dir='ltr'><strong>bus</strong></span> <span class='ocrx_word' id='word_1_493' title='bbox 1938 2725 2058 2764; x_wconf 89' lang='lat' dir='ltr'><strong>cum</strong></span> <span class='ocrx_word' id='word_1_494' title='bbox 2093 2707 2372 2777; x_wconf 90' lang='lat' dir='ltr'><strong>Scriptura</strong></span> <span class='ocrx_word' id='word_1_495' title='bbox 2403 2723 2556 2763; x_wconf 88' lang='lat' dir='ltr'><strong>sacra</strong></span> <span class='ocrx_word' id='word_1_496' title='bbox 2589 2711 2959 2763; x_wconf 87' lang='lat' dir='ltr'><strong>consentiens.</strong></span> <span class='ocrx_word' id='word_1_497' title='bbox 2991 2707 3114 2762; x_wconf 70' lang='lat' dir='ltr'><strong>llaec</strong></span> <span class='ocrx_word' id='word_1_498' title='bbox 3148 2724 3250 2777; x_wconf 81' lang='lat' dir='ltr'><strong>ego</strong></span> <span class='ocrx_word' id='word_1_499' title='bbox 3282 2707 3370 2762; x_wconf 89' lang='lat' dir='ltr'><strong>di-</strong></span> 
     </span>
    </p>
   </div>
   <div class='ocr_carea' id='block_1_66' title="bbox 1804 2801 3374 2870">
    <p class='ocr_par' dir='ltr' id='par_1_66' title="bbox 1804 2801 3374 2870">
     <span class='ocr_line' id='line_1_66' title="bbox 1804 2801 3374 2870; baseline -0.001 -16"><span class='ocrx_word' id='word_1_500' title='bbox 1804 2803 1927 2855; x_wconf 87' lang='lat' dir='ltr'><strong>vina</strong></span> <span class='ocrx_word' id='word_1_501' title='bbox 1983 2801 2112 2855; x_wconf 89' lang='lat' dir='ltr'><strong>mihi</strong></span> <span class='ocrx_word' id='word_1_502' title='bbox 2150 2801 2418 2870; x_wconf 88' lang='lat' dir='ltr'><strong>largiente</strong></span> <span class='ocrx_word' id='word_1_503' title='bbox 2473 2801 2764 2856; x_wconf 80' lang='lat' dir='ltr'><strong>clementia</strong></span> <span class='ocrx_word' id='word_1_504' title='bbox 2800 2811 2928 2856; x_wconf 91' lang='lat' dir='ltr'><strong>tunc</strong></span> <span class='ocrx_word' id='word_1_505' title='bbox 2960 2801 3236 2855; x_wconf 76' lang='lat' dir='ltr'><strong>stutliOsus</strong></span> <span class='ocrx_word' id='word_1_506' title='bbox 3275 2817 3374 2854; x_wconf 86' lang='lat' dir='ltr'><strong>an-</strong></span> 
     </span>
    </p>
   </div>
   <div class='ocr_carea' id='block_1_67' title="bbox 1805 2893 3374 2961">
    <p class='ocr_par' dir='ltr' id='par_1_67' title="bbox 1805 2893 3374 2961">
     <span class='ocr_line' id='line_1_67' title="bbox 1805 2893 3374 2961; baseline -0.001 -13"><span class='ocrx_word' id='word_1_507' title='bbox 1805 2894 2041 2956; x_wconf 81' lang='lat' dir='ltr'><strong>diebam,</strong></span> <span class='ocrx_word' id='word_1_508' title='bbox 2099 2909 2203 2945; x_wconf 92' lang='lat' dir='ltr'><strong>non</strong></span> <span class='ocrx_word' id='word_1_509' title='bbox 2265 2893 2315 2944; x_wconf 93' lang='lat' dir='ltr'><strong>in</strong></span> <span class='ocrx_word' id='word_1_510' title='bbox 2363 2893 2550 2945; x_wconf 83' lang='lat' dir='ltr'><strong>charta</strong></span> <span class='ocrx_word' id='word_1_511' title='bbox 2601 2894 2694 2947; x_wconf 87' lang='lat' dir='ltr'><strong>sed</strong></span> <span class='ocrx_word' id='word_1_512' title='bbox 2741 2893 2793 2946; x_wconf 90' lang='lat' dir='ltr'><strong>itt</strong></span> <span class='ocrx_word' id='word_1_513' title='bbox 2824 2895 3004 2961; x_wconf 41' lang='lat' dir='ltr'><strong>.corde</strong></span> <span class='ocrx_word' id='word_1_514' title='bbox 3035 2908 3152 2945; x_wconf 88' lang='lat' dir='ltr'><strong>meo</strong></span> <span class='ocrx_word' id='word_1_515' title='bbox 3188 2893 3374 2946; x_wconf 85' lang='lat' dir='ltr'><strong>audita</strong></span> 
     </span>
    </p>
   </div>
   <div class='ocr_carea' id='block_1_68' title="bbox 1804 2981 3376 3051">
    <p class='ocr_par' dir='ltr' id='par_1_68' title="bbox 1804 2981 3376 3051">
     <span class='ocr_line' id='line_1_68' title="bbox 1804 2981 3376 3051; baseline -0.001 -15"><span class='ocrx_word' id='word_1_516' title='bbox 1804 2982 2164 3037; x_wconf 88' lang='lat' dir='ltr'><strong>describens:</strong></span> <span class='ocrx_word' id='word_1_517' title='bbox 2195 2983 2494 3051; x_wconf 87' lang='lat' dir='ltr'><strong>eademque</strong></span> <span class='ocrx_word' id='word_1_518' title='bbox 2519 2997 2614 3050; x_wconf 90' lang='lat' dir='ltr'><strong>per</strong></span> <span class='ocrx_word' id='word_1_519' title='bbox 2657 2981 2748 3036; x_wconf 89' lang='lat' dir='ltr'><strong>Dei</strong></span> <span class='ocrx_word' id='word_1_520' title='bbox 2783 2983 3013 3050; x_wconf 79' lang='lat' dir='ltr'><strong>gratiam</strong></span> <span class='ocrx_word' id='word_1_521' title='bbox 3044 2981 3260 3034; x_wconf 89' lang='lat' dir='ltr'><strong>assidue</strong></span> <span class='ocrx_word' id='word_1_522' title='bbox 3287 2993 3376 3034; x_wconf 81' lang='lat' dir='ltr'><strong>re-</strong></span> 
     </span>
    </p>
   </div>
   <div class='ocr_carea' id='block_1_69' title="bbox 1805 3071 3370 3144">
    <p class='ocr_par' dir='ltr' id='par_1_69' title="bbox 1805 3071 3370 3144">
     <span class='ocr_line' id='line_1_69' title="bbox 1805 3071 3370 3144; baseline -0.001 -16"><span class='ocrx_word' id='word_1_523' title='bbox 1805 3083 1929 3144; x_wconf 90' lang='lat' dir='ltr'><strong>peto</strong></span> <span class='ocrx_word' id='word_1_524' title='bbox 1952 3089 2015 3128; x_wconf 91' lang='lat' dir='ltr'><strong>ac</strong></span> <span class='ocrx_word' id='word_1_525' title='bbox 2047 3074 2285 3128; x_wconf 79' lang='lat' dir='ltr'><strong>revolvo.</strong></span> <span class='ocrx_word' id='word_1_526' title='bbox 2313 3072 2376 3126; x_wconf 85' lang='lat' dir='ltr'><strong>Et</strong></span> <span class='ocrx_word' id='word_1_527' title='bbox 2406 3074 2457 3126; x_wconf 91' lang='lat' dir='ltr'><strong>in</strong></span> <span class='ocrx_word' id='word_1_528' title='bbox 2488 3083 2784 3142; x_wconf 87' lang='lat' dir='ltr'><strong>conspectu</strong></span> <span class='ocrx_word' id='word_1_529' title='bbox 2821 3073 2912 3126; x_wconf 90' lang='lat' dir='ltr'><strong>Dei</strong></span> <span class='ocrx_word' id='word_1_530' title='bbox 2951 3071 3222 3126; x_wconf 81' lang='lat' dir='ltr'><strong>allirmare</strong></span> <span class='ocrx_word' id='word_1_531' title='bbox 3250 3086 3370 3141; x_wconf 77' lang='lat' dir='ltr'><strong>pos-</strong></span> 
     </span>
    </p>
   </div>
   <div class='ocr_carea' id='block_1_70' title="bbox 1807 3162 3370 3234">
    <p class='ocr_par' dir='ltr' id='par_1_70' title="bbox 1807 3162 3370 3234">
     <span class='ocr_line' id='line_1_70' title="bbox 1807 3162 3370 3234; baseline -0.001 -16"><span class='ocrx_word' id='word_1_532' title='bbox 1807 3179 1953 3228; x_wconf 90' lang='lat' dir='ltr'><strong>sum,</strong></span> <span class='ocrx_word' id='word_1_533' title='bbox 1984 3165 2198 3219; x_wconf 84' lang='lat' dir='ltr'><strong>beatum</strong></span> <span class='ocrx_word' id='word_1_534' title='bbox 2224 3164 2371 3218; x_wconf 91' lang='lat' dir='ltr'><strong>illum</strong></span> <span class='ocrx_word' id='word_1_535' title='bbox 2397 3176 2454 3219; x_wconf 92' lang='lat' dir='ltr'><strong>et</strong></span> <span class='ocrx_word' id='word_1_536' title='bbox 2481 3163 2843 3234; x_wconf 89' lang='lat' dir='ltr'><strong>apostolicum</strong></span> <span class='ocrx_word' id='word_1_537' title='bbox 2882 3164 3292 3233; x_wconf 87' lang='lat' dir='ltr'><strong>presbyterum,</strong></span> <span class='ocrx_word' id='word_1_538' title='bbox 3324 3162 3370 3217; x_wconf 91' lang='lat' dir='ltr'><strong>si</strong></span> 
     </span>
    </p>
   </div>
   <div class='ocr_carea' id='block_1_71' title="bbox 1803 3253 3370 3325">
    <p class='ocr_par' dir='ltr' id='par_1_71' title="bbox 1803 3253 3370 3325">
     <span class='ocr_line' id='line_1_71' title="bbox 1803 3253 3370 3325; baseline -0.003 -17"><span class='ocrx_word' id='word_1_539' title='bbox 1803 3256 1933 3325; x_wconf 88' lang='lat' dir='ltr'><strong>quid</strong></span> <span class='ocrx_word' id='word_1_540' title='bbox 1990 3255 2252 3325; x_wconf 82' lang='lat' dir='ltr'><strong>ejusmodi</strong></span> <span class='ocrx_word' id='word_1_541' title='bbox 2291 3269 2528 3324; x_wconf 82' lang='lat' dir='ltr'><strong>unquam</strong></span> <span class='ocrx_word' id='word_1_542' title='bbox 2579 3253 2872 3320; x_wconf 85' lang='lat' dir='ltr'><strong>andiisset,</strong></span> <span class='ocrx_word' id='word_1_543' title='bbox 2935 3255 3370 3308; x_wconf 88' lang='lat' dir='ltr'><strong>exclamaturum</strong></span> 
     </span>
    </p>
   </div>
   <div class='ocr_carea' id='block_1_72' title="bbox 1801 3344 3375 3412">
    <p class='ocr_par' dir='ltr' id='par_1_72' title="bbox 1801 3344 3375 3412">
     <span class='ocr_line' id='line_1_72' title="bbox 1801 3344 3375 3412; baseline -0.001 -11"><span class='ocrx_word' id='word_1_544' title='bbox 1801 3347 2083 3412; x_wconf 90' lang='lat' dir='ltr'><strong>continuo,</strong></span> <span class='ocrx_word' id='word_1_545' title='bbox 2115 3357 2169 3401; x_wconf 91' lang='lat' dir='ltr'><strong>et</strong></span> <span class='ocrx_word' id='word_1_546' title='bbox 2197 3346 2464 3400; x_wconf 89' lang='lat' dir='ltr'><strong>obturatis</strong></span> <span class='ocrx_word' id='word_1_547' title='bbox 2496 3347 2719 3400; x_wconf 89' lang='lat' dir='ltr'><strong>auribus</strong></span> <span class='ocrx_word' id='word_1_548' title='bbox 2750 3346 2869 3400; x_wconf 81' lang='lat' dir='ltr'><strong>suis</strong></span> <span class='ocrx_word' id='word_1_549' title='bbox 2899 3345 3176 3400; x_wconf 88' lang='lat' dir='ltr'><strong>dicturqu</strong></span> <span class='ocrx_word' id='word_1_550' title='bbox 3207 3344 3375 3399; x_wconf 80' lang='lat' dir='ltr'><strong>fuisse</strong></span> 
     </span>
    </p>
   </div>
   <div class='ocr_carea' id='block_1_73' title="bbox 1805 3437 3375 3510">
    <p class='ocr_par' dir='ltr' id='par_1_73' title="bbox 1805 3437 3375 3510">
     <span class='ocr_line' id='line_1_73' title="bbox 1805 3437 3375 3510; baseline -0.001 -19"><span class='ocrx_word' id='word_1_551' title='bbox 1805 3451 1961 3510; x_wconf 87' lang='lat' dir='ltr'><strong>prout</strong></span> <span class='ocrx_word' id='word_1_552' title='bbox 1991 3440 2089 3509; x_wconf 86' lang='lat' dir='ltr'><strong>ipsi</strong></span> <span class='ocrx_word' id='word_1_553' title='bbox 2131 3439 2296 3494; x_wconf 89' lang='lat' dir='ltr'><strong>moris</strong></span> <span class='ocrx_word' id='word_1_554' title='bbox 2323 3452 2478 3494; x_wconf 88' lang='lat' dir='ltr'><strong>erat:</strong></span> <span class='ocrx_word' id='word_1_555' title='bbox 2516 3457 2535 3490; x_wconf 82' lang='grc' dir='ltr'><strong>ι</strong></span> <span class='ocrx_word' id='word_1_556' title='bbox 2565 3441 2702 3493; x_wconf 88' lang='lat' dir='ltr'><strong>Deus</strong></span> <span class='ocrx_word' id='word_1_557' title='bbox 2726 3440 3019 3508; x_wconf 69' lang='lat' dir='ltr'><strong>bone,qnae</strong></span> <span class='ocrx_word' id='word_1_558' title='bbox 3051 3453 3136 3492; x_wconf 90' lang='lat' dir='ltr'><strong>me</strong></span> <span class='ocrx_word' id='word_1_559' title='bbox 3159 3437 3210 3490; x_wconf 91' lang='lat' dir='ltr'><strong>iu</strong></span> <span class='ocrx_word' id='word_1_560' title='bbox 3241 3446 3375 3490; x_wconf 85' lang='lat' dir='ltr'><strong>tem-</strong></span> 
     </span>
    </p>
   </div>
   <div class='ocr_carea' id='block_1_74' title="bbox 1806 3526 3376 3598">
    <p class='ocr_par' dir='ltr' id='par_1_74' title="bbox 1806 3526 3376 3598">
     <span class='ocr_line' id='line_1_74' title="bbox 1806 3526 3376 3598; baseline 0 -16"><span class='ocrx_word' id='word_1_561' title='bbox 1806 3544 1938 3598; x_wconf 89' lang='lat' dir='ltr'><strong>pora</strong></span> <span class='ocrx_word' id='word_1_562' title='bbox 1972 3529 2354 3594; x_wconf 81' lang='lat' dir='ltr'><strong>reservasti,ut</strong></span> <span class='ocrx_word' id='word_1_563' title='bbox 2379 3530 2491 3584; x_wconf 69' lang='lat' dir='ltr'><strong>haec</strong></span> <span class='ocrx_word' id='word_1_564' title='bbox 2521 3530 2885 3584; x_wconf 86' lang='lat' dir='ltr'><strong>sustinerem!</strong></span> <span class='ocrx_word' id='word_1_565' title='bbox 2914 3548 2932 3580; x_wconf 79' lang='grc' dir='ltr'><strong>ι</strong></span> <span class='ocrx_word' id='word_1_566' title='bbox 2958 3530 3136 3598; x_wconf 79' lang='lat' dir='ltr'><strong>Atque</strong></span> <span class='ocrx_word' id='word_1_567' title='bbox 3167 3543 3230 3582; x_wconf 80' lang='lat' dir='ltr'><strong>ex</strong></span> <span class='ocrx_word' id='word_1_568' title='bbox 3256 3526 3376 3582; x_wconf 88' lang='lat' dir='ltr'><strong>loco</strong></span> 
     </span>
    </p>
   </div>
   <div class='ocr_carea' id='block_1_75' title="bbox 1806 3619 3374 3692">
    <p class='ocr_par' dir='ltr' id='par_1_75' title="bbox 1806 3619 3374 3692">
     <span class='ocr_line' id='line_1_75' title="bbox 1806 3619 3374 3692; baseline 0.001 -17"><span class='ocrx_word' id='word_1_569' title='bbox 1806 3622 1923 3692; x_wconf 86' lang='lat' dir='ltr'><strong>ipso</strong></span> <span class='ocrx_word' id='word_1_570' title='bbox 1950 3619 2340 3690; x_wconf 81' lang='lat' dir='ltr'><strong>aulugitnrum,</strong></span> <span class='ocrx_word' id='word_1_571' title='bbox 2392 3621 2444 3674; x_wconf 93' lang='lat' dir='ltr'><strong>in</strong></span> <span class='ocrx_word' id='word_1_572' title='bbox 2485 3636 2591 3689; x_wconf 86' lang='lat' dir='ltr'><strong>quo</strong></span> <span class='ocrx_word' id='word_1_573' title='bbox 2633 3635 2725 3674; x_wconf 90' lang='lat' dir='ltr'><strong>seu</strong></span> <span class='ocrx_word' id='word_1_574' title='bbox 2771 3633 2946 3686; x_wconf 82' lang='lat' dir='ltr'><strong>stans,</strong></span> <span class='ocrx_word' id='word_1_575' title='bbox 2999 3635 3095 3674; x_wconf 89' lang='lat' dir='ltr'><strong>seu</strong></span> <span class='ocrx_word' id='word_1_576' title='bbox 3156 3620 3374 3682; x_wconf 88' lang='lat' dir='ltr'><strong>sedens.</strong></span> 
     </span>
    </p>
   </div>
   <div class='ocr_carea' id='block_1_76' title="bbox 1808 3710 3378 3783">
    <p class='ocr_par' dir='ltr' id='par_1_76' title="bbox 1808 3710 3378 3783">
     <span class='ocr_line' id='line_1_76' title="bbox 1808 3710 3378 3783; baseline -0.001 -16"><span class='ocrx_word' id='word_1_577' title='bbox 1808 3713 2070 3783; x_wconf 89' lang='lat' dir='ltr'><strong>ejusmodi</strong></span> <span class='ocrx_word' id='word_1_578' title='bbox 2126 3728 2409 3768; x_wconf 84' lang='lat' dir='ltr'><strong>sermones</strong></span> <span class='ocrx_word' id='word_1_579' title='bbox 2455 3714 2738 3769; x_wconf 86' lang='lat' dir='ltr'><strong>audiisset.</strong></span> <span class='ocrx_word' id='word_1_580' title='bbox 2778 3713 2884 3768; x_wconf 90' lang='lat' dir='ltr'><strong>Sed</strong></span> <span class='ocrx_word' id='word_1_581' title='bbox 2936 3722 2990 3767; x_wconf 91' lang='lat' dir='ltr'><strong>et</strong></span> <span class='ocrx_word' id='word_1_582' title='bbox 3039 3727 3104 3766; x_wconf 83' lang='lat' dir='ltr'><strong>ex</strong></span> <span class='ocrx_word' id='word_1_583' title='bbox 3135 3710 3378 3780; x_wconf 77' lang='lat' dir='ltr'><strong>epistulis</strong></span> 
     </span>
    </p>
   </div>
   <div class='ocr_carea' id='block_1_77' title="bbox 1808 3803 3376 3876">
    <p class='ocr_par' dir='ltr' id='par_1_77' title="bbox 1808 3803 3376 3876">
     <span class='ocr_line' id='line_1_77' title="bbox 1808 3803 3376 3876; baseline -0.005 -13"><span class='ocrx_word' id='word_1_584' title='bbox 1808 3808 2032 3863; x_wconf 87' lang='lat' dir='ltr'><strong>illiusid</strong></span> <span class='ocrx_word' id='word_1_585' title='bbox 2073 3807 2278 3876; x_wconf 88' lang='lat' dir='ltr'><strong>liquide</strong></span> <span class='ocrx_word' id='word_1_586' title='bbox 2321 3806 2668 3875; x_wconf 85' lang='lat' dir='ltr'><strong>comprobari</strong></span> <span class='ocrx_word' id='word_1_587' title='bbox 2697 3815 2900 3874; x_wconf 86' lang='lat' dir='ltr'><strong>potest,</strong></span> <span class='ocrx_word' id='word_1_588' title='bbox 2941 3820 3076 3875; x_wconf 88' lang='lat' dir='ltr'><strong>quas</strong></span> <span class='ocrx_word' id='word_1_589' title='bbox 3113 3803 3205 3858; x_wconf 89' lang='lat' dir='ltr'><strong>ille</strong></span> <span class='ocrx_word' id='word_1_590' title='bbox 3251 3819 3376 3873; x_wconf 83' lang='lat' dir='ltr'><strong>par-</strong></span> 
     </span>
    </p>
   </div>
   <div class='ocr_carea' id='block_1_78' title="bbox 1806 3897 3379 3963">
    <p class='ocr_par' dir='ltr' id='par_1_78' title="bbox 1806 3897 3379 3963">
     <span class='ocr_line' id='line_1_78' title="bbox 1806 3897 3379 3963; baseline -0.005 -10"><span class='ocrx_word' id='word_1_591' title='bbox 1806 3899 1904 3953; x_wconf 87' lang='lat' dir='ltr'><strong>tittt</strong></span> <span class='ocrx_word' id='word_1_592' title='bbox 1956 3899 2025 3953; x_wconf 87' lang='lat' dir='ltr'><strong>ad</strong></span> <span class='ocrx_word' id='word_1_593' title='bbox 2069 3898 2280 3952; x_wconf 85' lang='lat' dir='ltr'><strong>vicinas</strong></span> <span class='ocrx_word' id='word_1_594' title='bbox 2323 3897 2592 3952; x_wconf 84' lang='lat' dir='ltr'><strong>Ecclesias</strong></span> <span class='ocrx_word' id='word_1_595' title='bbox 2629 3909 2686 3951; x_wconf 92' lang='lat' dir='ltr'><strong>ut</strong></span> <span class='ocrx_word' id='word_1_596' title='bbox 2713 3913 2808 3952; x_wconf 91' lang='lat' dir='ltr'><strong>eas</strong></span> <span class='ocrx_word' id='word_1_597' title='bbox 2840 3897 3218 3960; x_wconf 80' lang='lat' dir='ltr'><strong>conﬁrmaret,</strong></span> <span class='ocrx_word' id='word_1_598' title='bbox 3252 3907 3379 3963; x_wconf 84' lang='lat' dir='ltr'><strong>par-</strong></span> 
     </span>
    </p>
   </div>
   <div class='ocr_carea' id='block_1_79' title="bbox 141 3989 2849 4072">
    <p class='ocr_par' dir='ltr' id='par_1_79' title="bbox 141 3989 2849 4072">
     <span class='ocr_line' id='line_1_79' title="bbox 141 3989 2849 4072; baseline -0.003 -22"><span class='ocrx_word' id='word_1_599' title='bbox 141 3999 214 4052; x_wconf 78' lang='lat' dir='ltr'><strong>tita</strong></span> <span class='ocrx_word' id='word_1_600' title='bbox 239 4003 297 4055; x_wconf 80' lang='lat' dir='ltr'><strong>ad</strong></span> <span class='ocrx_word' id='word_1_601' title='bbox 321 4004 604 4072; x_wconf 85' lang='lat' dir='ltr'><strong>quosdam</strong></span> <span class='ocrx_word' id='word_1_602' title='bbox 639 4017 703 4054; x_wconf 84' lang='lat' dir='ltr'><strong>ex</strong></span> <span class='ocrx_word' id='word_1_603' title='bbox 745 4001 1006 4056; x_wconf 78' lang='lat' dir='ltr'><strong>fratribus</strong></span> <span class='ocrx_word' id='word_1_604' title='bbox 1039 4001 1206 4070; x_wconf 82' lang='lat' dir='ltr'><strong>misit,</strong></span> <span class='ocrx_word' id='word_1_605' title='bbox 1237 4001 1535 4055; x_wconf 90' lang='lat' dir='ltr'><strong>admonens</strong></span> <span class='ocrx_word' id='word_1_606' title='bbox 1567 3997 1686 4052; x_wconf 88' lang='lat' dir='ltr'><strong>illos</strong></span> <span class='ocrx_word' id='word_1_607' title='bbox 1717 4002 1879 4064; x_wconf 83' lang='lat' dir='ltr'><strong>atque</strong></span> <span class='ocrx_word' id='word_1_608' title='bbox 1900 3991 2224 4047; x_wconf 84' lang='lat' dir='ltr'><strong>exhortans.</strong></span> <span class='ocrx_word' id='word_1_609' title='bbox 2254 3989 2567 4044; x_wconf 65' lang='lat' dir='ltr'><strong>illactenus</strong></span> <span class='ocrx_word' id='word_1_610' title='bbox 2595 3992 2849 4044; x_wconf 70' lang='lat' dir='ltr'><strong>Irenrrus.</strong></span> 
     </span>
    </p>
   </div>
   <div class='ocr_carea' id='block_1_80' title="bbox 617 4095 1188 4150">
    <p class='ocr_par' dir='ltr' id='par_1_80' title="bbox 617 4095 1188 4150">
     <span class='ocr_line' id='line_1_80' title="bbox 617 4095 1188 4150; baseline -0.002 -1"><span class='ocrx_word' id='word_1_611' title='bbox 617 4095 1013 4150; x_wconf 79' lang='grc' dir='ltr'><strong>ΚΕΦΑΛΑΙΟΝ</strong></span> <span class='ocrx_word' id='word_1_612' title='bbox 1062 4096 1188 4148; x_wconf 79' lang='lat' dir='ltr'><strong>KA&#39;.</strong></span> 
     </span>
    </p>
   </div>
   <div class='ocr_carea' id='block_1_81' title="bbox 173 4185 1650 4258">
    <p class='ocr_par' dir='ltr' id='par_1_81' title="bbox 173 4185 1650 4258">
     <span class='ocr_line' id='line_1_81' title="bbox 173 4185 1650 4258; baseline -0.004 -12"><span class='ocrx_word' id='word_1_613' title='bbox 173 4186 339 4256; x_wconf 78' lang='grc' dir='ltr'>Ὅπως</span> <span class='ocrx_word' id='word_1_614' title='bbox 367 4191 470 4246; x_wconf 78' lang='grc' dir='ltr'><strong>ἐπὶ</strong></span> <span class='ocrx_word' id='word_1_615' title='bbox 527 4189 770 4258; x_wconf 81' lang='grc' dir='ltr'>Ῥώμης</span> <span class='ocrx_word' id='word_1_616' title='bbox 802 4189 1218 4258; x_wconf 71' lang='grc' dir='ltr'>ἐμαρτύρησεν</span> <span class='ocrx_word' id='word_1_617' title='bbox 1265 4185 1650 4250; x_wconf 72' lang='grc' dir='ltr'>Ἀπολλώνιος</span> 
     </span>
    </p>
   </div>
   <div class='ocr_carea' id='block_1_82' title="bbox 587 4257 1168 4330">
    <p class='ocr_par' dir='ltr' id='par_1_82' title="bbox 587 4257 1168 4330">
     <span class='ocr_line' id='line_1_82' title="bbox 587 4257 1168 4330; baseline 0.005 -19"><span class='ocrx_word' id='word_1_618' title='bbox 587 4257 734 4330; x_wconf 82' lang='lat' dir='ltr'><strong>(Nic.</strong></span> <span class='ocrx_word' id='word_1_619' title='bbox 768 4257 843 4310; x_wconf 80' lang='lat' dir='ltr'><strong>ll.</strong></span> <span class='ocrx_word' id='word_1_620' title='bbox 867 4257 934 4312; x_wconf 87' lang='lat' dir='ltr'><strong>E.</strong></span> <span class='ocrx_word' id='word_1_621' title='bbox 958 4275 1031 4320; x_wconf 91' lang='lat' dir='ltr'><strong>tv,</strong></span> <span class='ocrx_word' id='word_1_622' title='bbox 1056 4259 1168 4328; x_wconf 75' lang='grc'><strong>26).</strong></span> 
     </span>
    </p>
   </div>
   <div class='ocr_carea' id='block_1_83' title="bbox 189 4347 1698 4422">
    <p class='ocr_par' dir='ltr' id='par_1_83' title="bbox 189 4347 1698 4422">
     <span class='ocr_line' id='line_1_83' title="bbox 189 4347 1698 4422; baseline -0.003 -17"><span class='ocrx_word' id='word_1_623' title='bbox 189 4351 328 4406; x_wconf 75' lang='grc' dir='ltr'>Κατά</span> <span class='ocrx_word' id='word_1_624' title='bbox 347 4355 405 4408; x_wconf 81' lang='grc' dir='ltr'>δὲ</span> <span class='ocrx_word' id='word_1_625' title='bbox 439 4355 538 4408; x_wconf 78' lang='grc' dir='ltr'>τὸν</span> <span class='ocrx_word' id='word_1_626' title='bbox 574 4352 744 4406; x_wconf 77' lang='grc' dir='ltr'>αὐτὸν</span> <span class='ocrx_word' id='word_1_627' title='bbox 783 4351 882 4420; x_wconf 76' lang='grc' dir='ltr'>τῆς</span> <span class='ocrx_word' id='word_1_628' title='bbox 909 4351 1153 4422; x_wconf 82' lang='grc' dir='ltr'>Κομόδου</span> <span class='ocrx_word' id='word_1_629' title='bbox 1185 4347 1460 4420; x_wconf 86' lang='grc' dir='ltr'>βασιλείας</span> <span class='ocrx_word' id='word_1_630' title='bbox 1487 4349 1698 4420; x_wconf 85' lang='grc' dir='ltr'>χρόνον,</span> 
     </span>
    </p>
   </div>
   <div class='ocr_carea' id='block_1_84' title="bbox 141 4439 1702 4516">
    <p class='ocr_par' dir='ltr' id='par_1_84' title="bbox 141 4439 1702 4516">
     <span class='ocr_line' id='line_1_84' title="bbox 141 4439 1702 4516; baseline 0 -24"><span class='ocrx_word' id='word_1_631' title='bbox 141 4442 479 4515; x_wconf 72' lang='grc' dir='ltr'>μεταϐέϐλητο</span> <span class='ocrx_word' id='word_1_632' title='bbox 506 4445 612 4516; x_wconf 87' lang='grc' dir='ltr'>μὲν</span> <span class='ocrx_word' id='word_1_633' title='bbox 645 4442 737 4494; x_wconf 72' lang='grc' dir='ltr'><strong>ἐπὶ</strong></span> <span class='ocrx_word' id='word_1_634' title='bbox 765 4441 825 4494; x_wconf 87' lang='grc' dir='ltr'>τὸ</span> <span class='ocrx_word' id='word_1_635' title='bbox 849 4442 1020 4511; x_wconf 78' lang='grc' dir='ltr'>πρᾶον</span> <span class='ocrx_word' id='word_1_636' title='bbox 1049 4439 1118 4492; x_wconf 87' lang='grc' dir='ltr'><strong>τά</strong></span> <span class='ocrx_word' id='word_1_637' title='bbox 1145 4439 1266 4493; x_wconf 84' lang='grc' dir='ltr'>καθ’</span> <span class='ocrx_word' id='word_1_638' title='bbox 1293 4440 1459 4510; x_wconf 77' lang='grc' dir='ltr'>ἡμᾶς,</span> <span class='ocrx_word' id='word_1_639' title='bbox 1478 4440 1702 4510; x_wconf 79' lang='grc' dir='ltr'>εἰρήνης</span> 
     </span>
    </p>
   </div>
   <div class='ocr_carea' id='block_1_85' title="bbox 2303 4080 2884 4153">
    <p class='ocr_par' dir='ltr' id='par_1_85' title="bbox 2303 4080 2884 4153">
     <span class='ocr_line' id='line_1_85' title="bbox 2303 4080 2884 4153; baseline 0.009 -18"><span class='ocrx_word' id='word_1_640' title='bbox 2303 4081 2463 4153; x_wconf 77' lang='lat'><strong>139</strong></span> <span class='ocrx_word' id='word_1_641' title='bbox 2485 4081 2709 4136; x_wconf 78' lang='lat' dir='ltr'>CAPUT</span> <span class='ocrx_word' id='word_1_642' title='bbox 2739 4080 2884 4140; x_wconf 64' lang='grc' dir='ltr'><strong>χχι.</strong></span> 
     </span>
    </p>
   </div>
   <div class='ocr_carea' id='block_1_86' title="bbox 1812 4173 3372 4246">
    <p class='ocr_par' dir='ltr' id='par_1_86' title="bbox 1812 4173 3372 4246">
     <span class='ocr_line' id='line_1_86' title="bbox 1812 4173 3372 4246; baseline -0.004 -16"><span class='ocrx_word' id='word_1_643' title='bbox 1812 4175 2090 4242; x_wconf 71' lang='lat' dir='ltr'><strong>Quomodo</strong></span> <span class='ocrx_word' id='word_1_644' title='bbox 2117 4175 2428 4246; x_wconf 82' lang='lat' dir='ltr'><strong>Apollonius</strong></span> <span class='ocrx_word' id='word_1_645' title='bbox 2469 4173 2652 4227; x_wconf 82' lang='lat' dir='ltr'><strong>Roma:</strong></span> <span class='ocrx_word' id='word_1_646' title='bbox 2703 4173 3017 4242; x_wconf 80' lang='lat' dir='ltr'><strong>martyrium</strong></span> <span class='ocrx_word' id='word_1_647' title='bbox 3058 4186 3245 4240; x_wconf 85' lang='lat' dir='ltr'><strong>passus</strong></span> <span class='ocrx_word' id='word_1_648' title='bbox 3274 4180 3372 4224; x_wconf 79' lang='lat' dir='ltr'><strong>est.</strong></span> 
     </span>
    </p>
   </div>
   <div class='ocr_carea' id='block_1_87' title="bbox 1875 4345 3371 4422">
    <p class='ocr_par' dir='ltr' id='par_1_87' title="bbox 1875 4345 3371 4422">
     <span class='ocr_line' id='line_1_87' title="bbox 1875 4345 3371 4422; baseline -0.006 -16"><span class='ocrx_word' id='word_1_649' title='bbox 1875 4351 2076 4407; x_wconf 85' lang='lat' dir='ltr'><strong>Eodem</strong></span> <span class='ocrx_word' id='word_1_650' title='bbox 2115 4361 2379 4422; x_wconf 88' lang='lat' dir='ltr'><strong>tempore,</strong></span> <span class='ocrx_word' id='word_1_651' title='bbox 2410 4349 2707 4404; x_wconf 81' lang='lat' dir='ltr'><strong>Commodo</strong></span> <span class='ocrx_word' id='word_1_652' title='bbox 2734 4348 3021 4418; x_wconf 86' lang='lat' dir='ltr'><strong>imperium</strong></span> <span class='ocrx_word' id='word_1_653' title='bbox 3068 4345 3371 4400; x_wconf 80' lang='lat' dir='ltr'><strong>Romanum</strong></span> 
     </span>
    </p>
   </div>
   <div class='ocr_carea' id='block_1_88' title="bbox 1803 4439 3373 4512">
    <p class='ocr_par' dir='ltr' id='par_1_88' title="bbox 1803 4439 3373 4512">
     <span class='ocr_line' id='line_1_88' title="bbox 1803 4439 3373 4512; baseline -0.006 -13"><span class='ocrx_word' id='word_1_654' title='bbox 1803 4445 2106 4508; x_wconf 83' lang='lat' dir='ltr'><strong>obtinente,</strong></span> <span class='ocrx_word' id='word_1_655' title='bbox 2134 4459 2222 4498; x_wconf 88' lang='lat' dir='ltr'><strong>res</strong></span> <span class='ocrx_word' id='word_1_656' title='bbox 2253 4444 2466 4512; x_wconf 86' lang='lat' dir='ltr'><strong>quidem</strong></span> <span class='ocrx_word' id='word_1_657' title='bbox 2501 4455 2698 4496; x_wconf 75' lang='lat' dir='ltr'><strong>nostra:</strong></span> <span class='ocrx_word' id='word_1_658' title='bbox 2728 4443 2780 4495; x_wconf 89' lang='lat' dir='ltr'><strong>in</strong></span> <span class='ocrx_word' id='word_1_659' title='bbox 2815 4439 3186 4507; x_wconf 84' lang='lat' dir='ltr'><strong>tranquilliure</strong></span> <span class='ocrx_word' id='word_1_660' title='bbox 3230 4447 3373 4491; x_wconf 82' lang='lat' dir='ltr'><strong>statu</strong></span> 
     </span>
    </p>
   </div>
   <div class='ocr_carea' id='block_1_89' title="bbox 139 4527 1699 4609">
    <p class='ocr_par' dir='ltr' id='par_1_89' title="bbox 139 4531 1699 4609">
     <span class='ocr_line' id='line_1_89' title="bbox 139 4531 1699 4609; baseline 0 -25"><span class='ocrx_word' id='word_1_661' title='bbox 139 4534 215 4585; x_wconf 63' lang='grc' dir='ltr'>ὠν</span> <span class='ocrx_word' id='word_1_662' title='bbox 238 4536 348 4608; x_wconf 74' lang='grc' dir='ltr'>θεία</span> <span class='ocrx_word' id='word_1_663' title='bbox 381 4540 574 4609; x_wconf 72' lang='grc' dir='ltr'>χάριτι</span> <span class='ocrx_word' id='word_1_664' title='bbox 607 4534 712 4598; x_wconf 79' lang='grc' dir='ltr'><strong>τὰς</strong></span> <span class='ocrx_word' id='word_1_665' title='bbox 742 4533 861 4587; x_wconf 83' lang='grc' dir='ltr'>καθ’</span> <span class='ocrx_word' id='word_1_666' title='bbox 891 4533 1018 4603; x_wconf 79' lang='grc' dir='ltr'>ὅλης</span> <span class='ocrx_word' id='word_1_667' title='bbox 1044 4534 1143 4604; x_wconf 82' lang='grc' dir='ltr'>τῆς</span> <span class='ocrx_word' id='word_1_668' title='bbox 1171 4533 1494 4604; x_wconf 78' lang='grc' dir='ltr'>οἰκουμένης</span> <span class='ocrx_word' id='word_1_669' title='bbox 1521 4531 1699 4585; x_wconf 87' lang='grc' dir='ltr'>διαλα-</span> 
     </span>
    </p>
   </div>
   <div class='ocr_carea' id='block_1_90' title="bbox 1806 4527 3370 4609">
    <p class='ocr_par' dir='ltr' id='par_1_90' title="bbox 1807 4527 3370 4606">
     <span class='ocr_line' id='line_1_90' title="bbox 1807 4527 3370 4606; baseline -0.004 -17"><span class='ocrx_word' id='word_1_670' title='bbox 1807 4539 2175 4596; x_wconf 89' lang='lat' dir='ltr'><strong>versabantur.</strong></span> <span class='ocrx_word' id='word_1_671' title='bbox 2231 4551 2360 4604; x_wconf 86' lang='lat' dir='ltr'><strong>pace</strong></span> <span class='ocrx_word' id='word_1_672' title='bbox 2401 4550 2495 4606; x_wconf 88' lang='lat' dir='ltr'><strong>per</strong></span> <span class='ocrx_word' id='word_1_673' title='bbox 2548 4535 2639 4589; x_wconf 88' lang='lat' dir='ltr'><strong>Dei</strong></span> <span class='ocrx_word' id='word_1_674' title='bbox 2689 4533 2916 4603; x_wconf 78' lang='lat' dir='ltr'><strong>gratiam</strong></span> <span class='ocrx_word' id='word_1_675' title='bbox 2968 4540 3192 4584; x_wconf 81' lang='lat' dir='ltr'><strong>cttnetas</strong></span> <span class='ocrx_word' id='word_1_676' title='bbox 3220 4527 3370 4582; x_wconf 87' lang='lat' dir='ltr'><strong>orbis</strong></span> 
     </span>
    </p>
   </div>
   <div class='ocr_carea' id='block_1_91' title="bbox 139 4619 1700 4698">
    <p class='ocr_par' dir='ltr' id='par_1_91' title="bbox 139 4619 1700 4698">
     <span class='ocr_line' id='line_1_91' title="bbox 139 4619 1700 4698; baseline -0.005 -16"><span class='ocrx_word' id='word_1_677' title='bbox 139 4619 306 4696; x_wconf 71' lang='grc' dir='ltr'>δούσης</span> <span class='ocrx_word' id='word_1_678' title='bbox 366 4626 744 4698; x_wconf 75' lang='grc' dir='ltr'>Ἑκκλησίαςο</span> <span class='ocrx_word' id='word_1_679' title='bbox 796 4624 885 4677; x_wconf 83' lang='grc' dir='ltr'>ὅτε</span> <span class='ocrx_word' id='word_1_680' title='bbox 931 4625 1073 4677; x_wconf 81' lang='grc' dir='ltr'><strong>καὶὸ</strong></span> <span class='ocrx_word' id='word_1_681' title='bbox 1125 4626 1386 4695; x_wconf 80' lang='grc' dir='ltr'>σωτήριος</span> <span class='ocrx_word' id='word_1_682' title='bbox 1432 4623 1586 4692; x_wconf 85' lang='grc' dir='ltr'>λόγος</span> <span class='ocrx_word' id='word_1_683' title='bbox 1636 4622 1700 4674; x_wconf 86' lang='grc' dir='ltr'>ὲκ</span> 
     </span>
    </p>
   </div>
   <div class='ocr_carea' id='block_1_92' title="bbox 138 4715 1700 4790">
    <p class='ocr_par' dir='ltr' id='par_1_92' title="bbox 138 4715 1700 4790">
     <span class='ocr_line' id='line_1_92' title="bbox 138 4715 1700 4790; baseline -0.001 -20"><span class='ocrx_word' id='word_1_684' title='bbox 138 4719 304 4782; x_wconf 67' lang='grc' dir='ltr'>παντὸς</span> <span class='ocrx_word' id='word_1_685' title='bbox 334 4721 533 4790; x_wconf 80' lang='grc' dir='ltr'>γένους</span> <span class='ocrx_word' id='word_1_686' title='bbox 567 4716 897 4790; x_wconf 80' lang='grc' dir='ltr'>ἀνθρώπων,</span> <span class='ocrx_word' id='word_1_687' title='bbox 927 4719 1104 4770; x_wconf 75' lang='grc' dir='ltr'>πᾶσαν</span> <span class='ocrx_word' id='word_1_688' title='bbox 1134 4719 1373 4788; x_wconf 82' lang='grc' dir='ltr'>ὑπήγετο</span> <span class='ocrx_word' id='word_1_689' title='bbox 1401 4716 1577 4786; x_wconf 73' lang='grc' dir='ltr'>ψυχὴν</span> <span class='ocrx_word' id='word_1_690' title='bbox 1608 4715 1700 4768; x_wconf 79' lang='grc' dir='ltr'><strong>ἐπὶ</strong></span> 
     </span>
    </p>
   </div>
   <div class='ocr_carea' id='block_1_93' title="bbox 136 4804 1695 4881">
    <p class='ocr_par' dir='ltr' id='par_1_93' title="bbox 136 4804 1695 4881">
     <span class='ocr_line' id='line_1_93' title="bbox 136 4804 1695 4881; baseline 0.001 -25"><span class='ocrx_word' id='word_1_691' title='bbox 136 4804 214 4874; x_wconf 72' lang='grc' dir='ltr'>τὴν</span> <span class='ocrx_word' id='word_1_692' title='bbox 237 4809 427 4881; x_wconf 77' lang='grc' dir='ltr'>εύσεὸῆ</span> <span class='ocrx_word' id='word_1_693' title='bbox 457 4809 561 4863; x_wconf 75' lang='grc' dir='ltr'>τοῦ</span> <span class='ocrx_word' id='word_1_694' title='bbox 593 4807 704 4862; x_wconf 90' lang='grc' dir='ltr'><strong>τῶν</strong></span> <span class='ocrx_word' id='word_1_695' title='bbox 734 4805 868 4860; x_wconf 83' lang='grc' dir='ltr'>ὅλων</span> <span class='ocrx_word' id='word_1_696' title='bbox 901 4805 1032 4858; x_wconf 86' lang='grc' dir='ltr'><strong>Θεοῦ</strong></span> <span class='ocrx_word' id='word_1_697' title='bbox 1060 4807 1353 4878; x_wconf 86' lang='grc' dir='ltr'>θρησκείαν</span> <span class='ocrx_word' id='word_1_698' title='bbox 1373 4824 1386 4836; x_wconf 87' lang='grc'><strong>·</strong></span> <span class='ocrx_word' id='word_1_699' title='bbox 1428 4805 1566 4859; x_wconf 82' lang='grc' dir='ltr'>ὥστε</span> <span class='ocrx_word' id='word_1_700' title='bbox 1597 4807 1695 4879; x_wconf 76' lang='grc' dir='ltr'>ἤδη</span> 
     </span>
    </p>
   </div>
   <div class='ocr_carea' id='block_1_94' title="bbox 194 4917 1702 4988">
    <p class='ocr_par' dir='ltr' id='par_1_94' title="bbox 194 4917 1702 4988">
     <span class='ocr_line' id='line_1_94' title="bbox 194 4917 1702 4988; baseline 0.003 -15"><span class='ocrx_word' id='word_1_701' title='bbox 194 4920 294 4987; x_wconf 76' lang='grc'><strong>(56)</strong></span> <span class='ocrx_word' id='word_1_702' title='bbox 329 4921 442 4988; x_wconf 84' lang='grc' dir='ltr'><strong>Τὰς</strong></span> <span class='ocrx_word' id='word_1_703' title='bbox 472 4917 824 4988; x_wconf 49' lang='grc' dir='ltr'><strong>,τεροόδουςζ</strong></span> <span class='ocrx_word' id='word_1_704' title='bbox 844 4917 934 4988; x_wconf 82' lang='lat' dir='ltr'><strong>S_ic</strong></span> <span class='ocrx_word' id='word_1_705' title='bbox 959 4919 1081 4972; x_wconf 87' lang='lat' dir='ltr'><strong>cod.</strong></span> <span class='ocrx_word' id='word_1_706' title='bbox 1118 4917 1277 4984; x_wconf 76' lang='lat' dir='ltr'><strong>Reg.,</strong></span> <span class='ocrx_word' id='word_1_707' title='bbox 1304 4918 1464 4984; x_wconf 82' lang='lat' dir='ltr'><strong>Maz.,</strong></span> <span class='ocrx_word' id='word_1_708' title='bbox 1512 4919 1702 4977; x_wconf 79' lang='lat' dir='ltr'><strong>Medic.</strong></span> 
     </span>
    </p>
   </div>
   <div class='ocr_carea' id='block_1_95' title="bbox 139 4985 1707 5059">
    <p class='ocr_par' dir='ltr' id='par_1_95' title="bbox 139 4985 1707 5059">
     <span class='ocr_line' id='line_1_95' title="bbox 139 4985 1707 5059; baseline 0.004 -20"><span class='ocrx_word' id='word_1_709' title='bbox 139 4998 182 5039; x_wconf 83' lang='lat' dir='ltr'><strong>et</strong></span> <span class='ocrx_word' id='word_1_710' title='bbox 207 4985 429 5059; x_wconf 57' lang='lat' dir='ltr'><strong>Niceph.</strong></span> <span class='ocrx_word' id='word_1_711' title='bbox 453 4985 533 5043; x_wconf 76' lang='lat' dir='ltr'><strong>Ita</strong></span> <span class='ocrx_word' id='word_1_712' title='bbox 586 4990 757 5042; x_wconf 87' lang='lat' dir='ltr'><strong>etiam</strong></span> <span class='ocrx_word' id='word_1_713' title='bbox 789 4985 921 5041; x_wconf 83' lang='lat' dir='ltr'><strong>Fuk.</strong></span> <span class='ocrx_word' id='word_1_714' title='bbox 955 5002 1020 5041; x_wconf 87' lang='lat' dir='ltr'><strong>ac</strong></span> <span class='ocrx_word' id='word_1_715' title='bbox 1049 4989 1244 5050; x_wconf 83' lang='lat' dir='ltr'><strong>Savil.,</strong></span> <span class='ocrx_word' id='word_1_716' title='bbox 1283 4990 1500 5045; x_wconf 86' lang='lat' dir='ltr'><strong>codices</strong></span> <span class='ocrx_word' id='word_1_717' title='bbox 1527 5001 1707 5046; x_wconf 71' lang='lat' dir='ltr'><strong>textus</strong></span> 
     </span>
    </p>
   </div>
   <div class='ocr_carea' id='block_1_96' title="bbox 138 5059 613 5134">
    <p class='ocr_par' dir='ltr' id='par_1_96' title="bbox 138 5059 613 5134">
     <span class='ocr_line' id='line_1_96' title="bbox 138 5059 613 5134; baseline 0.006 -25"><span class='ocrx_word' id='word_1_718' title='bbox 138 5059 285 5134; x_wconf 38' lang='lat' dir='ltr'><strong>vulg?</strong></span> <span class='ocrx_word' id='word_1_719' title='bbox 307 5062 613 5134; x_wconf 67' lang='grc' dir='ltr'>παρόδους.</span> 
     </span>
    </p>
   </div>
   <div class='ocr_carea' id='block_1_97' title="bbox 193 5122 1703 5200">
    <p class='ocr_par' dir='ltr' id='par_1_97' title="bbox 193 5122 1703 5200">
     <span class='ocr_line' id='line_1_97' title="bbox 193 5122 1703 5200; baseline 0.001 -18"><span class='ocrx_word' id='word_1_720' title='bbox 193 5122 297 5199; x_wconf 75' lang='lat'><strong>(37)</strong></span> <span class='ocrx_word' id='word_1_721' title='bbox 326 5122 439 5186; x_wconf 73' lang='grc' dir='ltr'><strong>Καὶ</strong></span> <span class='ocrx_word' id='word_1_722' title='bbox 483 5122 808 5200; x_wconf 39' lang='lat' dir='ltr'><strong>eugepae“</strong></span> <span class='ocrx_word' id='word_1_723' title='bbox 836 5126 908 5181; x_wconf 87' lang='grc' dir='ltr'>τὰ</span> <span class='ocrx_word' id='word_1_724' title='bbox 941 5122 1080 5182; x_wconf 82' lang='grc' dir='ltr'>ὦτα.</span> <span class='ocrx_word' id='word_1_725' title='bbox 1109 5126 1209 5200; x_wconf 72' lang='lat' dir='ltr'><strong>ilic</strong></span> <span class='ocrx_word' id='word_1_726' title='bbox 1245 5143 1362 5200; x_wconf 67' lang='lat' dir='ltr'><strong>gnos</strong></span> <span class='ocrx_word' id='word_1_727' title='bbox 1411 5139 1532 5184; x_wconf 90' lang='lat' dir='ltr'><strong>erat</strong></span> <span class='ocrx_word' id='word_1_728' title='bbox 1557 5138 1703 5200; x_wconf 83' lang='lat' dir='ltr'><strong>vete-</strong></span> 
     </span>
    </p>
   </div>
   <div class='ocr_carea' id='block_1_98' title="bbox 139 5197 1705 5262">
    <p class='ocr_par' dir='ltr' id='par_1_98' title="bbox 139 5197 1705 5262">
     <span class='ocr_line' id='line_1_98' title="bbox 139 5197 1705 5262; baseline 0.004 -15"><span class='ocrx_word' id='word_1_729' title='bbox 139 5211 234 5252; x_wconf 87' lang='lat' dir='ltr'><strong>rmn</strong></span> <span class='ocrx_word' id='word_1_730' title='bbox 264 5197 743 5262; x_wconf 60' lang='lat' dir='ltr'><strong>Christianarum,</strong></span> <span class='ocrx_word' id='word_1_731' title='bbox 782 5210 838 5250; x_wconf 86' lang='lat' dir='ltr'><strong>ut</strong></span> <span class='ocrx_word' id='word_1_732' title='bbox 868 5200 911 5252; x_wconf 89' lang='lat' dir='ltr'><strong>si</strong></span> <span class='ocrx_word' id='word_1_733' title='bbox 949 5200 1086 5253; x_wconf 79' lang='lat' dir='ltr'><strong>forte</strong></span> <span class='ocrx_word' id='word_1_734' title='bbox 1133 5199 1186 5251; x_wconf 86' lang='lat' dir='ltr'><strong>itt</strong></span> <span class='ocrx_word' id='word_1_735' title='bbox 1237 5197 1492 5255; x_wconf 76' lang='lat' dir='ltr'><strong>familiari</strong></span> <span class='ocrx_word' id='word_1_736' title='bbox 1540 5198 1705 5254; x_wconf 83' lang='lat' dir='ltr'><strong>collo-</strong></span> 
     </span>
    </p>
   </div>
   <div class='ocr_carea' id='block_1_99' title="bbox 137 5268 1705 5341">
    <p class='ocr_par' dir='ltr' id='par_1_99' title="bbox 137 5268 1705 5341">
     <span class='ocr_line' id='line_1_99' title="bbox 137 5268 1705 5341; baseline 0.004 -24"><span class='ocrx_word' id='word_1_737' title='bbox 137 5271 241 5334; x_wconf 82' lang='lat' dir='ltr'><strong>quio</strong></span> <span class='ocrx_word' id='word_1_738' title='bbox 266 5273 496 5341; x_wconf 86' lang='lat' dir='ltr'><strong>impium</strong></span> <span class='ocrx_word' id='word_1_739' title='bbox 535 5271 780 5340; x_wconf 86' lang='lat' dir='ltr'><strong>aliquem</strong></span> <span class='ocrx_word' id='word_1_740' title='bbox 809 5283 1110 5341; x_wconf 88' lang='lat' dir='ltr'><strong>sermonem</strong></span> <span class='ocrx_word' id='word_1_741' title='bbox 1135 5277 1190 5324; x_wconf 89' lang='lat' dir='ltr'><strong>et</strong></span> <span class='ocrx_word' id='word_1_742' title='bbox 1222 5284 1254 5322; x_wconf 86' lang='lat' dir='ltr'><strong>a</strong></span> <span class='ocrx_word' id='word_1_743' title='bbox 1274 5269 1396 5325; x_wconf 72' lang='lat' dir='ltr'><strong>lidt-i</strong></span> <span class='ocrx_word' id='word_1_744' title='bbox 1420 5268 1705 5324; x_wconf 77' lang='lat' dir='ltr'><strong>catholica:</strong></span> 
     </span>
    </p>
   </div>
   <div class='ocr_carea' id='block_1_100' title="bbox 140 5339 1692 5408">
    <p class='ocr_par' dir='ltr' id='par_1_100' title="bbox 140 5339 1692 5408">
     <span class='ocr_line' id='line_1_100' title="bbox 140 5339 1692 5408; baseline 0.003 -19"><span class='ocrx_word' id='word_1_745' title='bbox 140 5341 296 5408; x_wconf 81' lang='lat' dir='ltr'><strong>regula</strong></span> <span class='ocrx_word' id='word_1_746' title='bbox 324 5339 760 5398; x_wconf 88' lang='lat' dir='ltr'><strong>dissentientem</strong></span> <span class='ocrx_word' id='word_1_747' title='bbox 796 5339 1116 5399; x_wconf 87' lang='lat' dir='ltr'><strong>audiissent,</strong></span> <span class='ocrx_word' id='word_1_748' title='bbox 1149 5341 1396 5408; x_wconf 90' lang='lat' dir='ltr'><strong>protinus</strong></span> <span class='ocrx_word' id='word_1_749' title='bbox 1421 5341 1692 5394; x_wconf 87' lang='lat' dir='ltr'><strong>obturatis</strong></span> 
     </span>
    </p>
   </div>
   <div class='ocr_carea' id='block_1_101' title="bbox 138 5409 1694 5480">
    <p class='ocr_par' dir='ltr' id='par_1_101' title="bbox 138 5409 1694 5480">
     <span class='ocr_line' id='line_1_101' title="bbox 138 5409 1694 5480; baseline 0.002 -21"><span class='ocrx_word' id='word_1_750' title='bbox 138 5410 335 5466; x_wconf 86' lang='lat' dir='ltr'><strong>auribus</strong></span> <span class='ocrx_word' id='word_1_751' title='bbox 356 5429 484 5468; x_wconf 83' lang='lat' dir='ltr'><strong>sese</strong></span> <span class='ocrx_word' id='word_1_752' title='bbox 513 5413 572 5466; x_wconf 92' lang='lat' dir='ltr'><strong>in</strong></span> <span class='ocrx_word' id='word_1_753' title='bbox 604 5409 783 5480; x_wconf 80' lang='lat' dir='ltr'><strong>fugam</strong></span> <span class='ocrx_word' id='word_1_754' title='bbox 825 5409 1037 5480; x_wconf 67' lang='lat' dir='ltr'><strong>darent.</strong></span> <span class='ocrx_word' id='word_1_755' title='bbox 1075 5410 1188 5474; x_wconf 79' lang='lat' dir='ltr'><strong>Qua</strong></span> <span class='ocrx_word' id='word_1_756' title='bbox 1219 5411 1285 5465; x_wconf 92' lang='lat' dir='ltr'><strong>de</strong></span> <span class='ocrx_word' id='word_1_757' title='bbox 1317 5425 1376 5480; x_wconf 73' lang='lat' dir='ltr'><strong>re</strong></span> <span class='ocrx_word' id='word_1_758' title='bbox 1416 5411 1694 5480; x_wconf 68' lang='lat' dir='ltr'><strong>locusex-</strong></span> 
     </span>
    </p>
   </div>
   <div class='ocr_carea' id='block_1_102' title="bbox 137 5477 1696 5547">
    <p class='ocr_par' dir='ltr' id='par_1_102' title="bbox 137 5477 1696 5547">
     <span class='ocr_line' id='line_1_102' title="bbox 137 5477 1696 5547; baseline 0.004 -20"><span class='ocrx_word' id='word_1_759' title='bbox 137 5488 229 5532; x_wconf 86' lang='lat' dir='ltr'><strong>stat</strong></span> <span class='ocrx_word' id='word_1_760' title='bbox 257 5483 483 5537; x_wconf 85' lang='lat' dir='ltr'><strong>illustris</strong></span> <span class='ocrx_word' id='word_1_761' title='bbox 537 5483 592 5534; x_wconf 88' lang='lat' dir='ltr'><strong>in</strong></span> <span class='ocrx_word' id='word_1_762' title='bbox 629 5477 726 5534; x_wconf 83' lang='lat' dir='ltr'><strong>lib.</strong></span> <span class='ocrx_word' id='word_1_763' title='bbox 773 5494 809 5533; x_wconf 87' lang='grc' dir='ltr'><strong>ιι</strong></span> <span class='ocrx_word' id='word_1_764' title='bbox 857 5477 1287 5547; x_wconf 83' lang='lat' dir='ltr'><strong>Recognitionum</strong></span> <span class='ocrx_word' id='word_1_765' title='bbox 1326 5477 1696 5536; x_wconf 84' lang='lat' dir='ltr'><strong>Pseudo—Cle-</strong></span> 
     </span>
    </p>
   </div>
   <div class='ocr_carea' id='block_1_103' title="bbox 138 5547 1693 5620">
    <p class='ocr_par' dir='ltr' id='par_1_103' title="bbox 138 5547 1693 5620">
     <span class='ocr_line' id='line_1_103' title="bbox 138 5547 1693 5620; baseline 0.003 -23"><span class='ocrx_word' id='word_1_766' title='bbox 138 5554 329 5611; x_wconf 85' lang='lat' dir='ltr'><strong>mentis.</strong></span> <span class='ocrx_word' id='word_1_767' title='bbox 361 5554 454 5608; x_wconf 90' lang='lat' dir='ltr'><strong>ubi</strong></span> <span class='ocrx_word' id='word_1_768' title='bbox 492 5551 693 5606; x_wconf 85' lang='lat' dir='ltr'><strong>Simon</strong></span> <span class='ocrx_word' id='word_1_769' title='bbox 721 5547 782 5602; x_wconf 86' lang='grc' dir='ltr'><strong>Β.</strong></span> <span class='ocrx_word' id='word_1_770' title='bbox 818 5548 975 5603; x_wconf 73' lang='lat' dir='ltr'><strong>l‘etro</strong></span> <span class='ocrx_word' id='word_1_771' title='bbox 998 5551 1067 5603; x_wconf 92' lang='lat' dir='ltr'><strong>ait</strong></span> <span class='ocrx_word' id='word_1_772' title='bbox 1103 5567 1116 5602; x_wconf 88' lang='lat'><strong>:</strong></span> <span class='ocrx_word' id='word_1_773' title='bbox 1149 5547 1213 5604; x_wconf 89' lang='lat' dir='ltr'><strong>Si</strong></span> <span class='ocrx_word' id='word_1_774' title='bbox 1237 5551 1419 5604; x_wconf 79' lang='lat' dir='ltr'><strong>dixero</strong></span> <span class='ocrx_word' id='word_1_775' title='bbox 1440 5550 1580 5620; x_wconf 85' lang='lat' dir='ltr'><strong>quod</strong></span> <span class='ocrx_word' id='word_1_776' title='bbox 1602 5565 1693 5602; x_wconf 83' lang='lat' dir='ltr'><strong>ne-</strong></span> 
     </span>
    </p>
   </div>
   <div class='ocr_carea' id='block_1_104' title="bbox 133 5620 1689 5689">
    <p class='ocr_par' dir='ltr' id='par_1_104' title="bbox 133 5620 1689 5689">
     <span class='ocr_line' id='line_1_104' title="bbox 133 5620 1689 5689; baseline 0.002 -20"><span class='ocrx_word' id='word_1_777' title='bbox 133 5633 216 5684; x_wconf 75' lang='lat' dir='ltr'><strong>que</strong></span> <span class='ocrx_word' id='word_1_778' title='bbox 249 5624 336 5675; x_wconf 84' lang='lat' dir='ltr'><strong>tibi</strong></span> <span class='ocrx_word' id='word_1_779' title='bbox 365 5637 694 5683; x_wconf 78' lang='lat' dir='ltr'><strong>consonum,</strong></span> <span class='ocrx_word' id='word_1_780' title='bbox 731 5637 824 5673; x_wconf 84' lang='lat' dir='ltr'><strong>nec</strong></span> <span class='ocrx_word' id='word_1_781' title='bbox 857 5620 1008 5687; x_wconf 73' lang='lat' dir='ltr'><strong>vulgo</strong></span> <span class='ocrx_word' id='word_1_782' title='bbox 1051 5621 1171 5672; x_wconf 83' lang='lat' dir='ltr'><strong>huic</strong></span> <span class='ocrx_word' id='word_1_783' title='bbox 1208 5621 1448 5689; x_wconf 84' lang='lat' dir='ltr'><strong>imperito</strong></span> <span class='ocrx_word' id='word_1_784' title='bbox 1493 5631 1689 5673; x_wconf 83' lang='lat' dir='ltr'><strong>rectum</strong></span> 
     </span>
    </p>
   </div>
   <div class='ocr_carea' id='block_1_105' title="bbox 135 5690 1692 5764">
    <p class='ocr_par' dir='ltr' id='par_1_105' title="bbox 135 5690 1692 5764">
     <span class='ocr_line' id='line_1_105' title="bbox 135 5690 1692 5764; baseline 0.003 -29"><span class='ocrx_word' id='word_1_785' title='bbox 135 5691 336 5752; x_wconf 80' lang='lat' dir='ltr'><strong>ridetur.</strong></span> <span class='ocrx_word' id='word_1_786' title='bbox 368 5705 424 5746; x_wconf 90' lang='lat' dir='ltr'><strong>tu</strong></span> <span class='ocrx_word' id='word_1_787' title='bbox 448 5693 676 5764; x_wconf 63' lang='lat' dir='ltr'><strong>quidem</strong></span> <span class='ocrx_word' id='word_1_788' title='bbox 709 5691 1480 5764; x_wconf 75' lang='lat' dir='ltr'><strong>quasiobstupefactus,_aures</strong></span> <span class='ocrx_word' id='word_1_789' title='bbox 1519 5690 1692 5742; x_wconf 79' lang='lat' dir='ltr'><strong>cauti-</strong></span> 
     </span>
    </p>
   </div>
   <div class='ocr_carea' id='block_1_106' title="bbox 137 5759 1690 5829">
    <p class='ocr_par' dir='ltr' id='par_1_106' title="bbox 137 5759 1690 5829">
     <span class='ocr_line' id='line_1_106' title="bbox 137 5759 1690 5829; baseline 0.001 -19"><span class='ocrx_word' id='word_1_790' title='bbox 137 5771 224 5810; x_wconf 76' lang='lat' dir='ltr'><strong>mto</strong></span> <span class='ocrx_word' id='word_1_791' title='bbox 248 5759 554 5824; x_wconf 61' lang='lat' dir='ltr'><strong>occlude)&quot;,</strong></span> <span class='ocrx_word' id='word_1_792' title='bbox 595 5761 730 5814; x_wconf 67' lang='lat' dir='ltr'><strong>velut</strong></span> <span class='ocrx_word' id='word_1_793' title='bbox 761 5775 824 5829; x_wconf 80' lang='lat' dir='ltr'><strong>ne</strong></span> <span class='ocrx_word' id='word_1_794' title='bbox 859 5759 1178 5829; x_wconf 79' lang='lat' dir='ltr'><strong>blasphemia</strong></span> <span class='ocrx_word' id='word_1_795' title='bbox 1207 5761 1534 5829; x_wconf 82' lang='lat' dir='ltr'><strong>polluantur,</strong></span> <span class='ocrx_word' id='word_1_796' title='bbox 1574 5775 1690 5813; x_wconf 80' lang='lat' dir='ltr'><strong>ver-</strong></span> 
     </span>
    </p>
   </div>
   <div class='ocr_carea' id='block_1_107' title="bbox 135 5828 1684 5904">
    <p class='ocr_par' dir='ltr' id='par_1_107' title="bbox 135 5828 1684 5904">
     <span class='ocr_line' id='line_1_107' title="bbox 135 5828 1684 5904; baseline 0.006 -29"><span class='ocrx_word' id='word_1_797' title='bbox 135 5831 239 5884; x_wconf 82' lang='lat' dir='ltr'><strong>teris</strong></span> <span class='ocrx_word' id='word_1_798' title='bbox 265 5833 313 5885; x_wconf 74' lang='lat' dir='ltr'><strong>ir:</strong></span> <span class='ocrx_word' id='word_1_799' title='bbox 339 5835 552 5904; x_wconf 69' lang='lat' dir='ltr'><strong>Iugum.</strong></span> <span class='ocrx_word' id='word_1_800' title='bbox 582 5831 693 5887; x_wconf 84' lang='lat' dir='ltr'><strong>Sed</strong></span> <span class='ocrx_word' id='word_1_801' title='bbox 724 5839 778 5884; x_wconf 75' lang='lat' dir='ltr'><strong>et</strong></span> <span class='ocrx_word' id='word_1_802' title='bbox 807 5828 1038 5886; x_wconf 63' lang='lat' dir='ltr'><strong>Iretwus</strong></span> <span class='ocrx_word' id='word_1_803' title='bbox 1069 5829 1121 5885; x_wconf 87' lang='lat' dir='ltr'><strong>itt</strong></span> <span class='ocrx_word' id='word_1_804' title='bbox 1154 5828 1248 5886; x_wconf 80' lang='lat' dir='ltr'><strong>lib.</strong></span> <span class='ocrx_word' id='word_1_805' title='bbox 1283 5846 1340 5887; x_wconf 92' lang='lat' dir='ltr'><strong>Ilt</strong></span> <span class='ocrx_word' id='word_1_806' title='bbox 1367 5829 1563 5886; x_wconf 81' lang='lat' dir='ltr'><strong>Contra</strong></span> <span class='ocrx_word' id='word_1_807' title='bbox 1581 5829 1684 5884; x_wconf 71' lang='lat' dir='ltr'><strong>Ita-</strong></span> 
     </span>
    </p>
   </div>
   <div class='ocr_carea' id='block_1_108' title="bbox 1803 4619 3372 4695">
    <p class='ocr_par' dir='ltr' id='par_1_108' title="bbox 1803 4619 3372 4695">
     <span class='ocr_line' id='line_1_108' title="bbox 1803 4619 3372 4695; baseline -0.006 -14"><span class='ocrx_word' id='word_1_808' title='bbox 1803 4626 2367 4682; x_wconf 87' lang='lat' dir='ltr'><strong>terrarnmEcclesias</strong></span> <span class='ocrx_word' id='word_1_809' title='bbox 2396 4627 2700 4695; x_wconf 78' lang='lat' dir='ltr'><strong>complexa.</strong></span> <span class='ocrx_word' id='word_1_810' title='bbox 2740 4627 2917 4692; x_wconf 81' lang='lat' dir='ltr'><strong>Atque</strong></span> <span class='ocrx_word' id='word_1_811' title='bbox 2962 4619 3176 4674; x_wconf 86' lang='lat' dir='ltr'><strong>interim</strong></span> <span class='ocrx_word' id='word_1_812' title='bbox 3225 4620 3372 4673; x_wconf 85' lang='lat' dir='ltr'><strong>salu-</strong></span> 
     </span>
    </p>
   </div>
   <div class='ocr_carea' id='block_1_109' title="bbox 1804 4713 3368 4786">
    <p class='ocr_par' dir='ltr' id='par_1_109' title="bbox 1804 4713 3368 4786">
     <span class='ocr_line' id='line_1_109' title="bbox 1804 4713 3368 4786; baseline -0.007 -15"><span class='ocrx_word' id='word_1_813' title='bbox 1804 4719 1937 4772; x_wconf 87' lang='lat' dir='ltr'><strong>taris</strong></span> <span class='ocrx_word' id='word_1_814' title='bbox 1968 4718 2060 4772; x_wconf 92' lang='lat' dir='ltr'><strong>Dei</strong></span> <span class='ocrx_word' id='word_1_815' title='bbox 2093 4734 2273 4772; x_wconf 84' lang='lat' dir='ltr'><strong>sermo</strong></span> <span class='ocrx_word' id='word_1_816' title='bbox 2304 4733 2368 4771; x_wconf 87' lang='lat' dir='ltr'><strong>ex</strong></span> <span class='ocrx_word' id='word_1_817' title='bbox 2397 4719 2541 4771; x_wconf 89' lang='lat' dir='ltr'><strong>omni</strong></span> <span class='ocrx_word' id='word_1_818' title='bbox 2590 4731 2787 4786; x_wconf 83' lang='lat' dir='ltr'><strong>genere</strong></span> <span class='ocrx_word' id='word_1_819' title='bbox 2839 4713 3118 4768; x_wconf 90' lang='lat' dir='ltr'><strong>hominum</strong></span> <span class='ocrx_word' id='word_1_820' title='bbox 3171 4726 3368 4779; x_wconf 83' lang='lat' dir='ltr'><strong>quam-</strong></span> 
     </span>
    </p>
   </div>
   <div class='ocr_carea' id='block_1_110' title="bbox 1803 4801 3367 4880">
    <p class='ocr_par' dir='ltr' id='par_1_110' title="bbox 1803 4801 3367 4880">
     <span class='ocr_line' id='line_1_110' title="bbox 1803 4801 3367 4880; baseline -0.005 -17"><span class='ocrx_word' id='word_1_821' title='bbox 1803 4810 2066 4880; x_wconf 84' lang='lat' dir='ltr'><strong>plut&#39;itttos</strong></span> <span class='ocrx_word' id='word_1_822' title='bbox 2114 4810 2182 4864; x_wconf 84' lang='lat' dir='ltr'><strong>ad</strong></span> <span class='ocrx_word' id='word_1_823' title='bbox 2227 4809 2538 4880; x_wconf 82' lang='lat' dir='ltr'><strong>religiosum</strong></span> <span class='ocrx_word' id='word_1_824' title='bbox 2595 4807 2793 4864; x_wconf 83' lang='lat' dir='ltr'><strong>summi</strong></span> <span class='ocrx_word' id='word_1_825' title='bbox 2856 4801 3108 4858; x_wconf 80' lang='lat' dir='ltr'><strong>Numinis</strong></span> <span class='ocrx_word' id='word_1_826' title='bbox 3163 4803 3367 4855; x_wconf 86' lang='lat' dir='ltr'><strong>cultum</strong></span> 
     </span>
    </p>
   </div>
   <div class='ocr_carea' id='block_1_111' title="bbox 1814 4915 3367 4988">
    <p class='ocr_par' dir='ltr' id='par_1_111' title="bbox 1814 4915 3367 4988">
     <span class='ocr_line' id='line_1_111' title="bbox 1814 4915 3367 4988; baseline -0.003 -15"><span class='ocrx_word' id='word_1_827' title='bbox 1814 4937 1972 4985; x_wconf 82' lang='lat' dir='ltr'><strong>reses,</strong></span> <span class='ocrx_word' id='word_1_828' title='bbox 1997 4921 2172 4988; x_wconf 81' lang='lat' dir='ltr'><strong>capite</strong></span> <span class='ocrx_word' id='word_1_829' title='bbox 2202 4932 2417 4988; x_wconf 89' lang='lat' dir='ltr'><strong>quarto,</strong></span> <span class='ocrx_word' id='word_1_830' title='bbox 2453 4922 2698 4974; x_wconf 87' lang='lat' dir='ltr'><strong>eumdem</strong></span> <span class='ocrx_word' id='word_1_831' title='bbox 2746 4931 2945 4972; x_wconf 85' lang='lat' dir='ltr'><strong>morem</strong></span> <span class='ocrx_word' id='word_1_832' title='bbox 2999 4915 3239 4970; x_wconf 87' lang='lat' dir='ltr'><strong>declarat</strong></span> <span class='ocrx_word' id='word_1_833' title='bbox 3285 4915 3367 4968; x_wconf 86' lang='lat' dir='ltr'><strong>his</strong></span> 
     </span>
    </p>
   </div>
   <div class='ocr_carea' id='block_1_112' title="bbox 1811 4987 3368 5060">
    <p class='ocr_par' dir='ltr' id='par_1_112' title="bbox 1811 4987 3368 5060">
     <span class='ocr_line' id='line_1_112' title="bbox 1811 4987 3368 5060; baseline -0.004 -18"><span class='ocrx_word' id='word_1_834' title='bbox 1811 4993 1992 5043; x_wconf 76' lang='lat' dir='ltr'><strong>Verbis</strong></span> <span class='ocrx_word' id='word_1_835' title='bbox 2030 4987 2274 5054; x_wconf 77' lang='lat' dir='ltr'><strong>:Quibus</strong></span> <span class='ocrx_word' id='word_1_836' title='bbox 2328 4994 2372 5043; x_wconf 85' lang='lat' dir='ltr'><strong>si</strong></span> <span class='ocrx_word' id='word_1_837' title='bbox 2409 4991 2599 5060; x_wconf 82' lang='lat' dir='ltr'><strong>aliquis</strong></span> <span class='ocrx_word' id='word_1_838' title='bbox 2631 4987 3020 5060; x_wconf 73' lang='lat' dir='ltr'><strong>annuntiat&#39;ert&#39;t</strong></span> <span class='ocrx_word' id='word_1_839' title='bbox 3072 5003 3134 5038; x_wconf 80' lang='lat' dir='ltr'><strong>ea</strong></span> <span class='ocrx_word' id='word_1_840' title='bbox 3166 5001 3282 5056; x_wconf 80' lang='lat' dir='ltr'><strong>qua:</strong></span> <span class='ocrx_word' id='word_1_841' title='bbox 3305 4988 3368 5036; x_wconf 82' lang='lat' dir='ltr'><strong>ab</strong></span> 
     </span>
    </p>
   </div>
   <div class='ocr_carea' id='block_1_113' title="bbox 1809 5058 3369 5122">
    <p class='ocr_par' dir='ltr' id='par_1_113' title="bbox 1809 5058 3369 5122">
     <span class='ocr_line' id='line_1_113' title="bbox 1809 5058 3369 5122; baseline -0.005 -10"><span class='ocrx_word' id='word_1_842' title='bbox 1809 5061 2071 5114; x_wconf 73' lang='lat' dir='ltr'><strong>Itrrreticis</strong></span> <span class='ocrx_word' id='word_1_843' title='bbox 2116 5061 2392 5114; x_wconf 75' lang='lat' dir='ltr'><strong>adinueuta</strong></span> <span class='ocrx_word' id='word_1_844' title='bbox 2442 5058 2586 5120; x_wconf 82' lang='lat' dir='ltr'><strong>sunt,</strong></span> <span class='ocrx_word' id='word_1_845' title='bbox 2629 5058 2840 5122; x_wconf 79' lang='lat' dir='ltr'><strong>proprio</strong></span> <span class='ocrx_word' id='word_1_846' title='bbox 2889 5072 3124 5108; x_wconf 75' lang='lat' dir='ltr'><strong>sermone</strong></span> <span class='ocrx_word' id='word_1_847' title='bbox 3188 5070 3369 5106; x_wconf 87' lang='lat' dir='ltr'><strong>eorum</strong></span> 
     </span>
    </p>
   </div>
   <div class='ocr_carea' id='block_1_114' title="bbox 1809 5123 3368 5199">
    <p class='ocr_par' dir='ltr' id='par_1_114' title="bbox 1809 5123 3368 5199">
     <span class='ocr_line' id='line_1_114' title="bbox 1809 5123 3368 5199; baseline -0.006 -16"><span class='ocrx_word' id='word_1_848' title='bbox 1809 5132 2133 5199; x_wconf 82' lang='lat' dir='ltr'><strong>colloquens,</strong></span> <span class='ocrx_word' id='word_1_849' title='bbox 2175 5131 2348 5182; x_wconf 86' lang='lat' dir='ltr'><strong>statim</strong></span> <span class='ocrx_word' id='word_1_850' title='bbox 2375 5133 2737 5182; x_wconf 81' lang='lat' dir='ltr'><strong>roncludentes</strong></span> <span class='ocrx_word' id='word_1_851' title='bbox 2755 5142 2930 5199; x_wconf 80' lang='lat' dir='ltr'><strong>aures,</strong></span> <span class='ocrx_word' id='word_1_852' title='bbox 2970 5128 3122 5199; x_wconf 82' lang='lat' dir='ltr'><strong>longo</strong></span> <span class='ocrx_word' id='word_1_853' title='bbox 3165 5123 3368 5199; x_wconf 76' lang='lat' dir='ltr'><strong>longius</strong></span> 
     </span>
    </p>
   </div>
   <div class='ocr_carea' id='block_1_115' title="bbox 1809 5193 3368 5268">
    <p class='ocr_par' dir='ltr' id='par_1_115' title="bbox 1809 5193 3368 5268">
     <span class='ocr_line' id='line_1_115' title="bbox 1809 5193 3368 5268; baseline -0.006 -16"><span class='ocrx_word' id='word_1_854' title='bbox 1809 5193 2032 5268; x_wconf 72' lang='lat' dir='ltr'><strong>fugient,</strong></span> <span class='ocrx_word' id='word_1_855' title='bbox 2086 5216 2147 5252; x_wconf 86' lang='lat' dir='ltr'><strong>ne</strong></span> <span class='ocrx_word' id='word_1_856' title='bbox 2196 5199 2382 5252; x_wconf 84' lang='lat' dir='ltr'><strong>audire</strong></span> <span class='ocrx_word' id='word_1_857' title='bbox 2427 5199 2635 5267; x_wconf 79' lang='lat' dir='ltr'><strong>quidem</strong></span> <span class='ocrx_word' id='word_1_858' title='bbox 2673 5193 3368 5268; x_wconf 24' lang='lat' dir='ltr'><strong>sustinentesAbtiispltetnum</strong></span> 
     </span>
    </p>
   </div>
   <div class='ocr_carea' id='block_1_116' title="bbox 1809 5263 3370 5337">
    <p class='ocr_par' dir='ltr' id='par_1_116' title="bbox 1809 5263 3370 5337">
     <span class='ocr_line' id='line_1_116' title="bbox 1809 5263 3370 5337; baseline -0.007 -15"><span class='ocrx_word' id='word_1_859' title='bbox 1809 5263 2146 5337; x_wconf 67' lang='lat' dir='ltr'><strong>rolloquium.</strong></span> <span class='ocrx_word' id='word_1_860' title='bbox 2175 5263 2791 5337; x_wconf 47' lang='lat' dir='ltr'><strong>l’ra&#39;terea&#39;Athauasius</strong></span> <span class='ocrx_word' id='word_1_861' title='bbox 2822 5267 2874 5318; x_wconf 90' lang='lat' dir='ltr'><strong>in</strong></span> <span class='ocrx_word' id='word_1_862' title='bbox 2913 5263 3148 5337; x_wconf 72' lang='lat' dir='ltr'><strong>Epistula</strong></span> <span class='ocrx_word' id='word_1_863' title='bbox 3179 5266 3245 5337; x_wconf 70' lang='lat' dir='ltr'><strong>ad</strong></span> <span class='ocrx_word' id='word_1_864' title='bbox 3279 5278 3370 5337; x_wconf 68' lang='lat' dir='ltr'><strong>sp-</strong></span> 
     </span>
    </p>
   </div>
   <div class='ocr_carea' id='block_1_117' title="bbox 1797 5329 3370 5422">
    <p class='ocr_par' dir='ltr' id='par_1_117' title="bbox 1797 5329 3370 5422">
     <span class='ocr_line' id='line_1_117' title="bbox 1797 5329 3370 5422; baseline -0.004 -32"><span class='ocrx_word' id='word_1_865' title='bbox 1797 5329 2000 5422; x_wconf 66' lang='lat' dir='ltr'><strong>l_itarios</strong></span> <span class='ocrx_word' id='word_1_866' title='bbox 2030 5359 2053 5422; x_wconf 51' lang='grc' dir='ltr'>ε</span> <span class='ocrx_word' id='word_1_867' title='bbox 2077 5341 2141 5422; x_wconf 63' lang='lat' dir='ltr'><strong>“ll</strong></span> <span class='ocrx_word' id='word_1_868' title='bbox 2168 5339 2248 5403; x_wconf 86' lang='grc' dir='ltr'><strong>τίς</strong></span> <span class='ocrx_word' id='word_1_869' title='bbox 2274 5338 2509 5422; x_wconf 63' lang='grc' dir='ltr'>ἀκούσας</span> <span class='ocrx_word' id='word_1_870' title='bbox 2530 5337 2593 5422; x_wconf 54' lang='grc' dir='ltr'><strong>ού</strong></span> <span class='ocrx_word' id='word_1_871' title='bbox 2623 5329 3101 5422; x_wconf 38' lang='grc' dir='ltr'>δακρύσειεκτάγα</span> <span class='ocrx_word' id='word_1_872' title='bbox 3136 5331 3230 5422; x_wconf 66' lang='grc' dir='ltr'><strong>καὶ</strong></span> <span class='ocrx_word' id='word_1_873' title='bbox 3248 5329 3370 5422; x_wconf 66' lang='grc' dir='ltr'><strong>1τὴν</strong></span> 
     </span>
    </p>
   </div>
   <div class='ocr_carea' id='block_1_118' title="bbox 1796 5401 3370 5482">
    <p class='ocr_par' dir='ltr' id='par_1_118' title="bbox 1796 5401 3370 5482">
     <span class='ocr_line' id='line_1_118' title="bbox 1796 5401 3370 5482; baseline -0.007 -18"><span class='ocrx_word' id='word_1_874' title='bbox 1796 5401 2282 5482; x_wconf 16' lang='grc' dir='ltr'>ἀκοὴνίκλείσειεν,</span> <span class='ocrx_word' id='word_1_875' title='bbox 2343 5409 2427 5482; x_wconf 84' lang='grc' dir='ltr'>ἵνα</span> <span class='ocrx_word' id='word_1_876' title='bbox 2469 5407 2603 5477; x_wconf 81' lang='grc' dir='ltr'>μηδὲ</span> <span class='ocrx_word' id='word_1_877' title='bbox 2638 5401 2838 5482; x_wconf 64' lang='grc' dir='ltr'><strong>Δἑτέρου</strong></span> <span class='ocrx_word' id='word_1_878' title='bbox 2890 5401 3136 5482; x_wconf 77' lang='grc' dir='ltr'>λέγοντος</span> <span class='ocrx_word' id='word_1_879' title='bbox 3175 5401 3370 5482; x_wconf 52' lang='grc' dir='ltr'>ἀνέχησ-</span> 
     </span>
    </p>
   </div>
   <div class='ocr_carea' id='block_1_119' title="bbox 1797 5470 3364 5549">
    <p class='ocr_par' dir='ltr' id='par_1_119' title="bbox 1797 5470 3364 5549">
     <span class='ocr_line' id='line_1_119' title="bbox 1797 5470 3364 5549; baseline -0.014 -16"><span class='ocrx_word' id='word_1_880' title='bbox 1797 5497 1887 5533; x_wconf 87' lang='grc' dir='ltr'><strong>ται</strong></span> <span class='ocrx_word' id='word_1_881' title='bbox 1970 5470 2327 5549; x_wconf 82' lang='lat' dir='ltr'><strong>Hieronymus</strong></span> <span class='ocrx_word' id='word_1_882' title='bbox 2362 5470 2593 5549; x_wconf 69' lang='lat' dir='ltr'><strong>de_niqite</strong></span> <span class='ocrx_word' id='word_1_883' title='bbox 2629 5477 2688 5549; x_wconf 73' lang='lat' dir='ltr'><strong>in</strong></span> <span class='ocrx_word' id='word_1_884' title='bbox 2743 5470 2835 5532; x_wconf 83' lang='lat' dir='ltr'><strong>lih.</strong></span> <span class='ocrx_word' id='word_1_885' title='bbox 2876 5493 2891 5530; x_wconf 92' lang='grc' dir='ltr'><strong>ι</strong></span> <span class='ocrx_word' id='word_1_886' title='bbox 2926 5470 3182 5549; x_wconf 41' lang='lat' dir='ltr'><strong>adversus</strong></span> <span class='ocrx_word' id='word_1_887' title='bbox 3213 5470 3364 5549; x_wconf 51' lang='lat' dir='ltr'><strong>Ila/1:-</strong></span> 
     </span>
    </p>
   </div>
   <div class='ocr_carea' id='block_1_120' title="bbox 1799 5541 3372 5616">
    <p class='ocr_par' dir='ltr' id='par_1_120' title="bbox 1799 5541 3372 5616">
     <span class='ocr_line' id='line_1_120' title="bbox 1799 5541 3372 5616; baseline -0.005 -14"><span class='ocrx_word' id='word_1_888' title='bbox 1799 5541 1931 5604; x_wconf 66' lang='lat' dir='ltr'><strong>nunt</strong></span> <span class='ocrx_word' id='word_1_889' title='bbox 1961 5566 1978 5602; x_wconf 91' lang='lat'><strong><em>:</em></strong></span> <span class='ocrx_word' id='word_1_890' title='bbox 2010 5541 2188 5603; x_wconf 62' lang='lat' dir='ltr'><strong>Lectis</strong></span> <span class='ocrx_word' id='word_1_891' title='bbox 2214 5564 2378 5616; x_wconf 82' lang='lat' dir='ltr'><strong>nuper</strong></span> <span class='ocrx_word' id='word_1_892' title='bbox 2406 5541 2680 5613; x_wconf 71' lang='lat' dir='ltr'><strong>Theophili</strong></span> <span class='ocrx_word' id='word_1_893' title='bbox 2708 5562 2856 5614; x_wconf 74' lang='lat' dir='ltr'><strong>pana:</strong></span> <span class='ocrx_word' id='word_1_894' title='bbox 2882 5541 3137 5616; x_wconf 73' lang='lat' dir='ltr'><strong>epistolis,</strong></span> <span class='ocrx_word' id='word_1_895' title='bbox 3165 5542 3219 5594; x_wconf 87' lang='lat' dir='ltr'><strong>in</strong></span> <span class='ocrx_word' id='word_1_896' title='bbox 3251 5543 3372 5610; x_wconf 84' lang='lat' dir='ltr'><strong>qui-</strong></span> 
     </span>
    </p>
   </div>
   <div class='ocr_carea' id='block_1_121' title="bbox 1798 5614 3368 5689">
    <p class='ocr_par' dir='ltr' id='par_1_121' title="bbox 1798 5614 3368 5689">
     <span class='ocr_line' id='line_1_121' title="bbox 1798 5614 3368 5689; baseline -0.007 -17"><span class='ocrx_word' id='word_1_897' title='bbox 1798 5621 1892 5673; x_wconf 85' lang='lat' dir='ltr'><strong>bus</strong></span> <span class='ocrx_word' id='word_1_898' title='bbox 1920 5617 2162 5689; x_wconf 84' lang='lat' dir='ltr'><strong>Origenis</strong></span> <span class='ocrx_word' id='word_1_899' title='bbox 2182 5614 2387 5686; x_wconf 71' lang='lat' dir='ltr'><strong>exponit</strong></span> <span class='ocrx_word' id='word_1_900' title='bbox 2424 5633 2650 5689; x_wconf 79' lang='lat' dir='ltr'><strong>errores,</strong></span> <span class='ocrx_word' id='word_1_901' title='bbox 2681 5617 2876 5689; x_wconf 82' lang='lat' dir='ltr'><strong>dicitur</strong></span> <span class='ocrx_word' id='word_1_902' title='bbox 2908 5614 3176 5667; x_wconf 76' lang='lat' dir='ltr'><strong>abiurasse</strong></span> <span class='ocrx_word' id='word_1_903' title='bbox 3215 5629 3368 5689; x_wconf 71' lang='lat' dir='ltr'><strong>aures</strong></span> 
     </span>
    </p>
   </div>
   <div class='ocr_carea' id='block_1_122' title="bbox 1794 5683 3372 5750">
    <p class='ocr_par' dir='ltr' id='par_1_122' title="bbox 1794 5683 3372 5750">
     <span class='ocr_line' id='line_1_122' title="bbox 1794 5683 3372 5750; baseline -0.007 -6"><span class='ocrx_word' id='word_1_904' title='bbox 1794 5707 1944 5750; x_wconf 84' lang='lat' dir='ltr'><strong>suos,</strong></span> <span class='ocrx_word' id='word_1_905' title='bbox 1986 5683 2040 5743; x_wconf 78' lang='grc' dir='ltr'>εἶ</span> <span class='ocrx_word' id='word_1_906' title='bbox 2078 5683 2343 5742; x_wconf 67' lang='lat' dir='ltr'><strong>auctorem</strong></span> <span class='ocrx_word' id='word_1_907' title='bbox 2382 5687 2517 5741; x_wconf 84' lang='lat' dir='ltr'><strong>tanti</strong></span> <span class='ocrx_word' id='word_1_908' title='bbox 2547 5689 2673 5741; x_wconf 86' lang='lat' dir='ltr'><strong>mali</strong></span> <span class='ocrx_word' id='word_1_909' title='bbox 2721 5687 2866 5742; x_wconf 88' lang='lat' dir='ltr'><strong>clara</strong></span> <span class='ocrx_word' id='word_1_910' title='bbox 2913 5698 3091 5739; x_wconf 81' lang='lat' dir='ltr'><strong>coram</strong></span> <span class='ocrx_word' id='word_1_911' title='bbox 3133 5683 3372 5736; x_wconf 76' lang='lat' dir='ltr'><strong>cautibus</strong></span> 
     </span>
    </p>
   </div>
   <div class='ocr_carea' id='block_1_123' title="bbox 1800 5760 2243 5816">
    <p class='ocr_par' dir='ltr' id='par_1_123' title="bbox 1800 5760 2243 5816">
     <span class='ocr_line' id='line_1_123' title="bbox 1800 5760 2243 5816; baseline -0.002 -1"><span class='ocrx_word' id='word_1_912' title='bbox 1800 5776 1919 5816; x_wconf 76' lang='lat' dir='ltr'><strong>voce</strong></span> <span class='ocrx_word' id='word_1_913' title='bbox 1946 5760 2243 5814; x_wconf 82' lang='lat' dir='ltr'><strong>danmasse.</strong></span> 
     </span>
    </p>
   </div>
  </div>
