3878 6478
193 376 278 436 I97
1183 368 1527 428 HISTORUE
1567 368 1713 426 ECCI

1821 368 2121 426 ,ιΑεΤιοΑε
2158 366 2287 424 LIB.
2326 364 2395 423 V.

3295 369 3397 427 ωδ

192 494 265 555 καὶ
294 492 459 546 πᾶσαν
492 488 660 559 ἁγίαν
703 487 925 561 Γραφὴν
961 487 1309 561 διεληλυθὼς,
1351 490 1412 543 οὐ
1460 488 1711 561 πτύρομα

1838 490 2017 545 tribus
2046 497 2160 544 toto
2189 486 2322 543 orbe
2347 484 2607 556 dispersis
2634 496 2916 540 sermones
2961 496 3103 555 saepe
3149 487 3350 541 contuli
3377 518 3407 549 ,ε

189 589 259 644 επὶ
282 587 378 648 σοῖς
406 578 969 652 καταπλησσομένοις.
1001 581 1066 633 Ol.
1092 579 1199 652 γὰρ
1220 579 1353 652 ἐμοῦ
1387 579 1629 651 μείζονες
1654 583 1730 635 εί-

192 685 356 751 ρηκσσι
374 690 386 702 ’
418 691 437 724 ι
464 672 796 745 Πειθαρχεῖν
811 671 892 725 δεῖ
915 671 1034 743 θεῷ
1065 671 1264 742 μᾶλλον
1294 669 1668 743 ἦάνθρώποις.
1706 691 1723 722 ι

188 770 375 830 Τούτοις
397 766 655 838 ἐπιφέρει
687 766 816 836 περὶ
846 764 1063 817 πάντων
1085 764 1311 835 γράφων
1338 763 1444 817 τῶν
1480 780 1730 835 συμπαρ-

185 863 325 914 όντων
373 856 525 927 αὑτῷ
584 857 683 909 καὶ
726 853 1125 925 ὀμοδοξούντων
1176 853 1506 915 ἐπισκόπων,
1559 852 1730 906 ταῦτα

184 952 354 1022 λέγων·
397 969 415 1001 ι
461 950 772 1019 Ἐδυνάμην
827 947 884 1001 δὲ
935 945 1044 1000 τῶν
1092 945 1407 1000 ἐπισκόπων
1446 943 1556 997 τῶν
1594 962 1730 1016 συμ-

184 1044 431 1115 παρόντων
456 1038 854 1113 μνημονεῦσαι,
873 1036 967 1103 οὓς
980 1039 1137 1109 ὑμεῖς
1158 1034 1426 1107 ἠξιώσατε
1460 1035 1730 1108 μετακλη-

183 1136 316 1208 θῆναι
366 1136 454 1188 ὑπ’
510 1134 651 1205 ἐμοῦ
687 1133 818 1202 (69),
868 1131 962 1185 καὶ
1014 1130 1484 1201 μετεκαλεσάμην·
1536 1122 1612 1181 ὧν
1662 1128 1729 1183 τὰ

181 1227 386 1298 ὀνόματα
413 1225 510 1279 ἐὰν
538 1224 770 1296 γράφω,
800 1220 970 1275 πολλὰ
998 1221 1180 1294 πλήθη
1209 1221 1366 1274 εἰσίν.
1413 1221 1476 1273 Ol
1503 1220 1560 1273 δὲ
1593 1220 1729 1273 ἰδόν-

180 1337 254 1383 τες
297 1318 379 1370 τὸν
432 1317 632 1387 μικρόν
691 1331 791 1385 μου
850 1312 1158 1381 ἄνθρωπον,
1204 1311 1610 1382 συνηυδόκησαν
1662 1312 1727 1380 τῇ

181 1408 427 1480 ἐπιστολῇ,
462 1407 669 1469 εἰδότες
698 1406 780 1458 ὅτι
818 1405 939 1476 είκῆ
970 1402 1165 1467 πολιὰς
1209 1402 1309 1457 οὐκ
1342 1402 1567 1473 ἤνεγκα,
1595 1399 1729 1454 ἀλλὰ

180 1507 226 1559 ἐν
252 1501 425 1573 Κυρίῳ
461 1497 642 1569 Ἰησοῦ
672 1497 903 1552 πάντοτε
929 1495 1342 1566 πεπολίτευμαι.
1383 1513 1402 1546 ι
1456 1494 1577 1547 Ἑπὶ
1605 1492 1728 1546 τού-

176 1613 268 1660 τοις
287 1576 442 1665 ὁμὲν
474 1593 577 1664 τῆς
619 1589 909 1662 Ῥωμαίων
940 1586 1221 1659 προεστὼς
1252 1587 1483 1659 Βίκτωρ,
1518 1584 1730 1658 ἀθρόως

175 1690 254 1758 τῆς
281 1684 456 1748 Ἀσίας
481 1684 667 1754 πάσης
698 1682 814 1752 ἅμα
838 1683 957 1743 ταῖς
986 1679 1208 1751 ὁμόροις
1250 1679 1594 1749 Ἐκκλησίαις
1633 1677 1731 1740 τὰς

177 1775 428 1849 παροικίας
454 1774 808 1844 ἀποτέμνειν,
834 1771 909 1837 ὡς
939 1769 1381 1842 ὲτεροδοξούσας,
1422 1770 1518 1840 τῆς
1545 1768 1728 1838 κοινῆς

1833 583 1922 651 qui
1949 581 2289 650 Scripturam
2321 593 2531 635 sacram
2560 593 2782 635 omnem
2809 577 3039 648 perlegi,
3090 576 3231 631 nihil
3282 592 3397 631 mo-

1833 689 1961 728 veor
1985 675 2051 728 iis
2081 689 2200 744 quae
2226 674 2383 730 nobis
2408 673 2474 728 ad
2511 669 2857 727 formidinem
2886 671 3240 725 intentantur.
3300 670 3397 723 Et-

1829 768 1970 822 enim
1987 768 2056 821 ab
2073 766 2178 821 illis
2194 766 2285 835 qui
2311 780 2397 820 me
2420 764 2576 835 longe
2601 763 2833 833 majores
2853 762 3223 817 erantdictum
3243 761 3391 817 scio:

1835 876 1854 908 ι
1894 859 2124 914 Obcdire
2155 867 2368 928 oportet
2391 856 2497 913 Deo
2524 856 2696 927 magis
2728 869 2890 923 quam
2921 853 3230 908 hominibus
3260 850 3325 905 ³⁷.
3368 871 3386 902 ι

1828 948 1958 1003 Post
1990 951 2106 1005 haec
2145 950 2211 1005 de
2263 949 2535 1020 episcopis
2561 948 2655 1019 qui
2687 946 2847 1002 simul
2881 946 3108 1001 aderant
3130 959 3252 1000 cum
3278 944 3393 998 haec

1828 1042 2115 1106 scriberet,
2142 1051 2197 1097 et
2229 1042 2419 1097 eadem
2440 1055 2566 1095 cum
2594 1040 2710 1109 ipso
2743 1037 3081 1101 sentiebant,
3113 1036 3194 1091 sic
3215 1035 3395 1105 loqui-

1832 1144 1958 1187 tur:
1987 1152 2007 1184 ι
2048 1131 2262 1186 Possem
2289 1133 2451 1185 etiam
2475 1131 2850 1200 episcoporum
2878 1128 2969 1199 qui
2998 1140 3212 1182 mecum
3242 1132 3390 1187 sunt,
3430 1158 3437 1173 .

1832 1224 2010 1277 facere
2050 1224 2402 1289 mentionem,
2449 1237 2585 1290 quos
2623 1222 2858 1292 petiistis
2885 1230 2944 1275 ut
2987 1232 3345 1274 convocarem
3376 1256 3392 1280 ,

1829 1317 1969 1368 sicut
1994 1325 2049 1367 et
2079 1314 2202 1368 feci.
2229 1313 2469 1379 Quorum
2507 1314 2725 1367 nomina
2761 1314 2808 1368 si
2837 1311 3170 1380 ascripsero,
3205 1309 3392 1379 ingens

1831 1421 2089 1460 numerus
2135 1404 2430 1459 videbitur.
2464 1403 2528 1459 Hi
2556 1420 2677 1459 cum
2719 1419 2806 1460 me
2836 1402 3087 1473 pusillum
3116 1401 3392 1456 hominem

1832 1496 2159 1559 iuvisissent,
2188 1494 2470 1564 epistolam
2509 1502 2751 1550 nostram
2778 1508 3001 1550 assensu
3025 1507 3123 1548 suo
3143 1504 3396 1559 compro-

1830 1591 2047 1653 barunt,
2083 1585 2236 1656 gnari
2277 1600 2362 1640 me
2400 1601 2563 1641 canos
2617 1586 2747 1641 istos
2786 1600 2890 1641 non
2925 1585 3124 1640 frustra
3153 1594 3391 1653 gestare.

1829 1680 1921 1735 sed
1950 1680 2119 1735 vitam
2148 1695 2215 1735 ex
2272 1678 2561 1748 praeceptis
2618 1677 2986 1747 institutisque
3027 1675 3152 1733 Jesu
3191 1674 3392 1729 Christi

1828 1788 2041 1843 semper
2066 1773 2261 1841 egisse.
2312 1790 2332 1825 ι
2369 1770 2465 1827 His
2498 1772 2570 1826 ita
2599 1773 2786 1843 gestis,
2815 1769 3001 1826 Victor
3029 1768 3247 1839 quidem
3283 1768 3393 1823 Ro-

174 1870 386 1932 ἑνώσεως
407 1869 696 1940 πειρᾶται,
724 1865 818 1919 καὶ
872 1861 1177 1933 στηλιτεύει
1207 1860 1318 1933 (70)
1344 1878 1406 1929 γε
1437 1860 1524 1915 διὰ
1546 1877 1713 1932 γραμ-

1831 1880 2002 1919 tuanzc
2021 1866 2173 1919 urbis
2199 1866 2483 1936 episcopus
2513 1865 2659 1919 illico
2679 1879 2870 1919 omnes
2892 1863 3037 1918 Asiae
3060 1861 3390 1915 vicinarum-

174 1961 347 2034 μάτων,
378 1960 776 2030 άκοινωνήτους
800 1955 966 2028 ἄρδην
989 1955 1199 2017 πάντας
1229 1955 1353 2017 τοὺς
1377 1954 1552 2007 ἐκεῖσε
1588 1954 1721 2006 ἀναε-

157 2051 420 2120 ἰιηρύττων
466 2045 757 2114 ἀδελφούς.
805 2044 941 2097 Ἀλλ’
982 2043 1042 2096 οὐ
1088 2043 1226 2097 πᾶσί
1255 2059 1319 2111 γε
1352 2046 1463 2107 τοῖς
1497 2043 1721 2095 ἐπισκό-

170 2153 269 2202 ποις
320 2136 471 2192 ταῦτ’
536 2135 828 2208 ἠρέσκετο.
911 2130 1523 2203 ’Δντιπαρακελεύονται
1585 2130 1722 2201 δῆτα

168 2229 311 2300 αὐτῷ,
354 2229 421 2283 τὰ
462 2230 564 2301 τῆς
600 2228 827 2299 εἰρήνης
867 2226 961 2279 καὶ
995 2224 1098 2294 τῆς
1134 2223 1270 2295 πρὸς
1320 2224 1446 2287 τοὺς
1494 2222 1721 2295 πλησίον

167 2320 380 2383 ἑνώσεως
430 2319 530 2374 καὶ
576 2318 802 2389 ἀγάπης
846 2318 1082 2388 φρονεῖν.
1117 2314 1374 2388 Φέρονται
1421 2314 1476 2368 δὲ
1521 2314 1614 2369 καὶ
1662 2316 1718 2369 at

164 2409 340 2463 τούτων
383 2408 588 2477 φωναὶ,
648 2403 1097 2479 ⁸ιτληκτικὼιτερον
1148 2405 1573 2477 καθαπτομένων
1624 2405 1717 2460 τοῦ

166 2500 410 2573 Βίκτορος.
471 2502 561 2554 Ἐν
590 2494 675 2564 οἷς
708 2499 804 2553 καὶ
841 2500 870 2551 ὁ
904 2499 1193 2569 Εἰρηναῖος
1233 2499 1298 2551 ὲκ
1331 2495 1619 2568 προσώπου
1643 2489 1718 2548 ὧν

164 2594 320 2664 ἡγεῖτο
347 2593 462 2665 (71)
504 2590 653 2647 κατὰ
682 2589 781 2663 τὴν
820 2589 1054 2644 Γαλλίαν
1095 2589 1337 2660 ἀδελφῶν
1383 2589 1717 2653 ἐπιστείλας,

221 2687 259 2719 ³¹
284 2688 401 2743 Act.
436 2703 496 2743 γ.
1462 2716 1465 2725 ι

164 2810 393 2863 teriorrm
416 2805 719 2861 lectionem
749 2804 886 2861 Rob.
917 2803 1192 2876 Stephano
1222 2803 1493 2875 placuisse
1517 2806 1709 2861 miror.

164 2879 296 2934 Certe
323 2878 556 2949 Ruﬁnus
578 2877 747 2949 ῆρνυε
794 2876 940 2949 legit,
979 2887 1044 2949 ut
1072 2891 1139 2930 ex
1182 2876 1434 2949 versione
1464 2876 1581 2944 ejus
1609 2892 1708 2946 ap-

161 2959 307 3017 paret.
334 2948 428 3003 Sic
472 2946 635 3002 enim'
667 2946 863 3007 vertit.
900 2946 990 3014 qui
1032 2963 1209 3017 antae:
1256 2947 1329 2999 ita
1370 2947 1710 3002 observarunt

160 3015 275 3073 lianc
313 3019 479 3079 diem,
521 3028 580 3071 ut
624 3017 921 3087 conueniret
960 3033 1077 3087 cum
1121 3015 1214 3070 illo
1251 3032 1353 3085 quo
1396 3017 1709 3087 fermentum

160 3090 438 3142 Judeorum
469 3087 706 3157 populus
738 3086 934 3157 aufert.
966 3086 1243 3157 Facessat,
1264 3087 1425 3156 igitur
1452 3087 1709 3157 deinceps

158 3159 443 3215 emendatio
470 3154 692 3222 eorum,
740 3154 834 3227 qui
874 3156 1039 3230 ῆρτυε
1082 3154 1150 3210 τὰ
1190 3154 1373 3227 ἄζυμα
1416 3157 1504 3212 hic
1550 3154 1706 3213 resti-

84 3250 87 3259 '
162 3238 310 3282 luunt.

214 3299 312 3370 (69)
344 3298 487 3370 ίοϋς
527 3296 713 3370 ὑμεῖςΔ
759 3295 1055 3370 ᾐξιοξᾳατε
1103 3296 1550 3370 μπακληρῆναι
1608 3299 1709 3353 ὑπ’

156 3365 303 3437 ἐμοῦξ
336 3365 661 3440 ὃοτίρειξηιι
695 3366 866 3440 igitur
897 3365 1079 3423 Victor
1105 3384 1242 3436 papa
1276 3372 1341 3421 ad
1369 3365 1707 3440 Polycratem

160 3440 410 3505 Ephesium
438 3437 958 3508 urbisepiscopum,
990 3446 1069 3503 ut,
1098 3451 1395 3492 convocato
1424 3437 1709 3508 episcopo—

160 3524 256 3562 rum
281 3510 420 3564 Asia:
437 3506 701 3573 concilio,
737 3507 947 3562 litteras
991 3522 1117 3561 suas
1147 3518 1201 3562 et
1233 3509 1558 3562 sententiam
1596 3506 1707 3563 Ro-

156 3580 279 3633 mani
320 3579 538 3634 concilii
570 3580 639 3632 de
682 3577 1049 3648 celebratione
1100 3577 1219 3632 festi
1269 3578 1540 3648 paschalis
1577 3579 1709 3647 ipsis

160 3650 389 3704 recitaret
423 3665 439 3702 :
484 3648 734 3704 minatus
780 3661 899 3701 sese
940 3647 1087 3701 illum
1115 3662 1143 3700 a
1178 3647 1554 3703 communione
1602 3649 1709 3701 lto-

158 3734 303 3774 mana:
356 3719 624 3775 Ecclesia:
685 3727 1116 3788 segregaturum,
1176 3718 1277 3788 nisi
1338 3719 1569 3773 decretis
1598 3719 1709 3774 suis

157 3790 563 3858 obtemperaret,
617 3798 673 3841 et
731 3787 890 3842 minis
937 3788 1160 3858 quidem
1218 3787 1452 3844 Victoris
1497 3788 1705 3858 itare-

157 3857 354 3923 spondet
376 3859 703 3929 Polycrates
722 3879 735 3913 :
751 3858 822 3911 Οὐ
844 3857 1119 3929 πτύρομαι
1147 3859 1237 3912 ἐπὶ
1252 3861 1363 3923 τοῖς
1398 3857 1709 3929 καταπλησ-

156 3928 399 3998 σομένοις.
438 3928 715 3985 Caeterum
768 3930 909 3996 quod
943 3928 1131 3982 attinet
1166 3933 1229 3981 ad
1262 3932 1705 3984 convocationezu

155 3997 541 4067 episcoporum,
572 3999 888 4069 Polycrates
932 3997 1135 4054 Victori
1177 4000 1592 4069 obtemperavit,
1650 4009 1708 4054 ut

155 4083 207 4123 ex
231 4070 321 4124 hoc
345 4072 470 4126 loco
500 4078 752 4139 apparet.

209 4140 309 4211 (70)
363 4139 482 4196 Καὶ
542 4138 900 4207 omam-nisi.
974 4138 1189 4205 Langns
1262 4140 1477 4210 quidem
1547 4147 1708 4199 vertit

155 4210 298 4267 uolat.
361 4211 652 4266 Masculus
717 4223 845 4263 vero
890 4217 947 4262 et
997 4210 1522 4279 Christophorsonus
1585 4231 1709 4268 ver-

154 4287 307 4335 terunt
354 4281 648 4342 invehitur,
693 4279 1105 4352 quia‘scilicet
1166 4281 1569 4352 στηλιτευτικός
1618 4283 1706 4338 λό-

152 4364 229 4469 ἒος
271 4352 534 4405 invectiva
563 4351 737 4403 oratio
771 4348 987 4403 dicitur.
1034 4348 1302 4404 Caeterum
1339 4367 1460 4405 eum
1492 4356 1604 4407 lucc
1637 4357 1705 4407 ab

191 4421 357 4469 usehio
408 4420 707 4469 obscurius
744 4429 962 4469 narrata
1008 4422 1140 4469 sint.
1186 4421 1340 4469 multi
1392 4423 1705 4469 dubitarunt

191 4421 357 4475 usebio
408 4420 707 4475 obscurius
744 4429 962 4472 narrata
1008 4422 1140 4482 sint,
1186 4421 1340 4473 inulti
1392 4423 1707 4478 dubitarunt

154 4500 308 4544 utrum
357 4489 557 4572 Victor
594 4504 758 4570 papa.
785 4488 1056 4544 Ecclesiae
1088 4489 1227 4572 Asiae
1273 4506 1302 4542 a
1329 4495 1707 4549 communione
1741 4519 1783 4572 ο

155 4572 232 4612 sua
262 4576 449 4616 revera
478 4561 807 4629 sejunxerit,
862 4576 929 4612 an
972 4575 1098 4613 vero
1140 4560 1192 4614 id
1223 4571 1426 4614 tantum
1476 4575 1706 4617 conatus

153 4641 292 4698 atque
321 4632 719 4686 interminatus
744 4630 831 4683 sit.
873 4630 1030 4697 Quod
1084 4631 1150 4683 ad
1200 4646 1286 4684 me
1337 4630 1550 4695 attinet,
1605 4634 1705 4689 hoc

152 4711 460 4765 postremum
521 4701 707 4754 verius
755 4711 900 4769 puto.
960 4700 1169 4755 Etenim
1202 4701 1463 4755 Eusebius
1505 4704 1705 4758 diserte

153 4772 263 4842 dicit
283 4771 625 4842 ἀποτέμνειν
657 4770 934 4841 πειρᾶται.
960 4769 1164 4842 lleinde
1190 4771 1434 4838 epistola:
1452 4771 1634 4827 Ireuari
1654 4786 1707 4828 et

151 4839 353 4895 aliorum
406 4837 795 4912 episcoporum
839 4844 905 4895 ad
967 4837 1237 4912 Victorem
1283 4843 1519 4912 scriptas,
1572 4848 1706 4898 satis

150 4922 361 4977 arguunt
398 4929 518 4966 rein
560 4913 739 4965 adhuc
774 4911 826 4980 iu
876 4911 1127 4980 pendenti
1171 4911 1356 4978 fuisse,
1398 4911 1514 4968 'nec
1548 4915 1704 4968 datu-

153 4982 361 5036 nationis
387 4982 722 5036 sententiam
756 4979 1036 5035 etiamtum
1070 4996 1101 5034 a
1130 4979 1346 5035 Victore
1392 4984 1443 5036 itt
1476 4985 1704 5039 Asianos

153 5049 295 5122 luisse
318 5054 617 5122 prolatam.
648 5050 741 5105 Sic
762 5052 903 5122 enim
927 5052 1116 5106 scribit
1144 5051 1407 5106 Eusebius
1431 5056 1496 5107 de
1521 5056 1702 5108 lrcnaci

152 5117 332 5204 litteris
355 5125 421 5204 ad
455 5122 735 5204 Victorem
763 5137 776 5172 :
806 5121 897 5204 Ῑῷ
930 5122 1131 5204 γΞμὴν
1160 5121 1374 5204 Βίκτορι
1406 5125 1727 5204 προσηκόν-’

150 5205 238 5265 τως
259 5191 330 5257 ὡς
358 5194 437 5265 μὴ
468 5191 775 5265 ἀποκόπτοι
804 5191 928 5256 ὅλας
961 5191 1281 5265 Ἐκκλησίας
1305 5191 1461 5259 Θεοῦ,
1482 5191 1706 5249 πλεῖστα

149 5258 290 5331 ἕτερα
347 5258 634 5335 παραινεῖ.
689 5261 935 5335 Nondum
964 5278 1112 5335 ergo
1146 5258 1430 5319 'Ecclesias
1480 5268 1625 5319 Asia:
1674 5284 1703 5319 a

150 5332 511 5386 communione
561 5332 746 5387 Victor
794 5333 1120 5396 absciderat,
1163 5349 1284 5386 cum
1337 5336 1435 5390 has
1496 5337 1706 5390 litteras

150 5402 385 5479 scriberet
410 5402 677 5479 irettteus,
714 5404 1145 5479 quandoquidem
1180 5401 1445 5479 Vit-torem
1471 5405 1706 5459 lrenaeus

151 5471 222 5524 his
282 5474 482 5527 litteris
528 5474 809 5536 admonet,
869 5471 1108 5527 ne'illas
1158 5472 1228 5526 ob
1278 5477 1474 5529 vetusti
1540 5480 1705 5531 moris

148 5541 535 5616 Observandum
583 5558 613 5595 a
667 5542 830 5596 totius
861 5540 1114 5616 Ecclesiae
1160 5557 1383 5614 corpore
1425 5545 1704 5616 sejttuget’e

151 5610 279 5665 Velit.
328 5614 593 5668 Socrates
656 5623 831 5665 tamen
890 5615 1117 5682 ittillbl'o
1142 5628 1193 5677 ν,
1238 5610 1336 5682 cap
1370 5610 1702 5681 $2,13us'ebii

151 5684 295 5750 verba
337 5684 411 5736 ita
462 5684 704 5750 accepit,
738 5684 887 5750 quasi
922 5681 1100 5737 Victor
1128 5681 1357 5739 Asianus
1390 5703 1419 5738 a
1465 5702 1704 5741 commu-

150 5748 292 5829 nione
315 5768 413 5829 sua
450 5748 821 5829 separaverit.
850 5754 1026 5824 Atque
1058 5754 1129 5806 ita
1164 5766 1351 5829 auctor
1375 5755 1703 5829 Libt'iisyuo—

149 5820 259 5887 dici,
291 5823 445 5891 cujus
478 5834 662 5877 tamen
707 5820 1063 5879 testiinonium
1104 5826 1255 5893 parvi
1289 5825 1451 5882 facio.
1507 5820 1706 5883 Obser-

1828 1971 1934 2026 que
1959 1958 2363 2027 provinciarum
2404 1957 2674 2012 Ecclesias
2719 1965 2972 2026 tanquam
3008 1954 3281 2010 contraria
3312 1969 3397 2008 re-

1829 2058 1929 2104 cta:
1959 2049 2083 2105 iidei
2116 2051 2434 2115 sentientes,
2470 2066 2500 2104 a
2544 2048 2928 2104 communione
2957 2046 3278 2102 abscindere
3305 2060 3396 2101 co-
3477 2080 3486 2090 ι

1828 2151 2021 2207 natur;
2080 2142 2325 2213 datisque
2369 2142 2566 2196 litteris
2612 2141 2898 2195 universos
2943 2139 3033 2209 qui
3097 2137 3206 2192 illic
3237 2143 3397 2192 erant

1826 2232 2022 2287 fratres
2054 2234 2369 2303 proscribit,
2403 2243 2456 2286 et
2510 2233 2579 2286 ab
2635 2233 2841 2287 unitate
2871 2229 3126 2285 Ecclesiae
3171 2241 3396 2299 prorsus

1825 2323 2033 2379 alienos
2071 2339 2193 2380 esse
2229 2325 2561 2395 pronuntiat.
2602 2324 2797 2379 Verum
2833 2323 2950 2378 haec
3008 2337 3112 2376 non
3142 2321 3394 2377 omnibus

1826 2414 2115 2484 placebant
2160 2416 2450 2487 episcopis.
2498 2415 2735 2471 Proinde
2765 2415 3042 2471 Victorem
3073 2428 3138 2468 ex
3167 2412 3395 2468 adverso

1827 2504 2027 2559 hortati
2058 2513 2205 2572 sunt,
2237 2513 2295 2559 ut
2335 2521 2397 2559 ea
2455 2507 2634 2576 potius
2676 2506 2882 2562 sentire
2917 2504 3079 2560 vellet
3106 2518 3225 2573 qua:
3272 2500 3393 2572 paci

1824 2604 1882 2647 et
1902 2595 2095 2650 unitati
2124 2597 2484 2667 charitatique
2514 2613 2640 2668 erga
2666 2599 2970 2669 proximum
3002 2596 3392 2667 congruebant.

1816 2808 1936 2863 vavi
1989 2809 2132 2864 enim
2175 2808 2322 2863 illum
2360 2809 2703 2877 scriptorem,
2728 2806 2973 2876 quisquis
3014 2805 3194 2877 fuerit,
3226 2804 3393 2877 multa

1818 2889 2023 2934 temere
2048 2879 2383 2947 contingere.
2420 2875 2525 2933 sed
2554 2888 2794 2932 nostram
2836 2875 3161 2931 sententiam
3192 2875 3394 2947 contir-

1815 2959 1946 3016 mat,
1980 2950 2158 3019 primo
2202 2945 2471 3019 Eusebius
2524 2949 2639 3015 ipse
2689 2947 2743 3000 in
2805 2947 2937 3019 locis
2958 2945 3389 3019 supracitatis.

1816 3012 2015 3074 Deinde
2045 3019 2272 3074 Photius
2297 3020 2347 3072 in
2379 3012 2722 3078 Bibliotheca.
2761 3032 2880 3083 cap.
2918 3012 3166 3083 120.7ubi
3198 3015 3392 3069 scribit

1812 3087 2080 3144 Irenaeum
2165 3089 2348 3159 plures
2415 3089 2627 3159 dedisse
2703 3086 2933 3159 litteras‘
2981 3086 3046 3159 ad
3122 3082 3388 3159 Victorem

1735 3140 1775 3193 δ’
1811 3140 2420 3230 papainrduui:illom
2460 3140 2727 3230 iltoriatur‘
2769 3170 2836 3210 ne
2886 3155 2954 3230 ob
2990 3154 3388 3230 dissensionem

1817 3224 1893 3284 de
1931 3228 2135 3283 Pascha
2186 3228 2322 3283 ullos
2375 3245 2403 3282 a
2456 3226 2837 3283 communione
2899 3224 3150 3279 Ecclesia:
3208 3238 3392 3292 segre-

1853 3310 1990 3355 aret.
2035 3299 2177 3370 Ergo
2222 3309 2363 3370 ante,
2393 3299 2600 3352 litteras
2640 3296 2826 3370 trenzei
2882 3295 3151 3370 neuiinetn
3210 3294 3391 3370 adhuc

1845 3371 2004 3425 Fictor
2035 3388 2063 3424 a
2095 3365 2475 3425 communione
2509 3369 2879 3437 praesciderat.
2918 3366 3023 3437 Sed
3071 3378 3246 3437 neque
3282 3365 3389 3419 dici

1816 3450 1995 3509 potest
2041 3448 2166 3563 sust
2208 3439 2464 3508 epistolas
2511 3435 2701 3491 ’lretuei
2753 3438 2803 3489 id
2860 3454 2888 3489 a
2924 3436 3139 3491 Victore
3188 3435 3388 3489 factum

1816 3510 2009 3563 fuisse.
2086 3509 2221 3563 rimo
2279 3511 2420 3563 enim
2471 3508 2732 3563 Eusebius
2781 3506 2884 3562 hoc
2940 3522 3044 3560 non
3092 3504 3244 3563 dicit.
3280 3520 3387 3560 nou

1816 3504 2009 3565 fuisse.
2041 3504 2420 3563 Primo—enim
2471 3508 2732 3563 Eusebius
2781 3506 2884 3562 hoc
2940 3522 3044 3560 non
3092 3504 3244 3566 dicit,
3280 3520 3387 3560 nou

1815 3581 2113 3635 omissuros
2162 3580 2367 3648 utique,
2398 3580 2444 3634 si
2496 3580 2547 3632 id
2603 3594 2633 3631 a
2674 3575 2897 3632 Victore
2949 3588 3135 3647 postea
3176 3575 3390 3648 laetum

1816 3651 2026 3704 fuisset.
2104 3648 2217 3705 lino
2260 3646 2413 3703 'vero
2484 3663 2705 3719 prorsus
2769 3646 3104 3703 contrarium
3174 3646 3388 3719 innuit,

1813 3720 1940 3774 dum
1977 3721 2233 3774 Irena'um
2281 3720 2350 3773 ob
2398 3717 2702 3787 hujusutodi
2753 3719 2967 3773 litteras
2986 3726 3146 3772 vocat
3172 3717 3389 3786 εἰρηνο-

1815 3790 1986 3852 ποιόν.
2041 3792 2091 3843 id
2118 3800 2202 3844 est
2229 3791 2374 3857 pacis
2402 3798 2691 3844 auctorem.
2741 3788 3157 3858 Litteraziigitur
3199 3787 3388 3840 Irentei

1814 3865 1880 3914 ad
1932 3860 2206 3916 Victorem
2247 3875 2441 3929 papam
2481 3862 2718 3927 scriptas,
2759 3874 2944 3929 pacem
2974 3857 3231 3912 Ecclesiae
3262 3872 3392 3925 prec-

1814 3932 2087 3985 Stiterunt.
2123 3930 2256 3983 Cum
2318 3934 2460 3985 enim
2497 3930 2680 3983 Victor
2728 3939 2953 3999 paratus
2991 3937 3137 3983 esset
3170 3942 3391 3981 exeunt-

1814 4001 2195 4056 tnuuicationis
2226 4003 2547 4055 sententiam
2572 4015 2821 4069 promere
2852 4001 3117 4053 adversus
3133 3999 3388 4057 Asianos,

1814 4070 1999 4124 Irenaei
2030 4070 2256 4140 epistola
2295 4088 2417 4126 eum
2465 4088 2493 4125 a
2531 4068 2757 4124 consilio
2786 4068 3247 4140 dituovit.fQuare
3283 4084 3387 4140 non

1814 4136 2081 4196 assentior
2111 4140 2398 4208 Halloixio,
2436 4141 2525 4209 qui
2554 4143 2620 4194 ad
2674 4140 2842 4194 Vitam
2869 4137 3079 4200 Irenwi.
3110 4155 3233 4207 pag.
3260 4136 3387 4209 668,

1813 4213 2011 4265 asserit
2044 4210 2313 4266 Victorem
2369 4207 2630 4267 adversus
2660 4212 2893 4266 Asianos
2943 4207 3386 4264 excommunica-

1817 4283 1977 4336 timeis
2009 4280 2195 4335 tulisse
2222 4283 2573 4336 sententiam.

1882 4353 1995 4422 (Ἠ)
2031 4352 2344 4421 Εἰρηναῖος
2366 4352 2436 4405 ἐκ
2463 4350 2786 4419 προσώπου
2816 4343 2905 4403 ὧν
2933 4346 3154 4418 ἡγεῖτο.
3184 4345 3392 4422 Fitigi-

1815 4417 1901 4474 tur
1947 4417 2062 4476 h'tec
2096 4417 2573 4490 'lrenati’epistola
2614 4421 2906 4492 synodica,
2956 4417 3142 4487 utpote
3186 4417 3389 4481 scripta

1816 4494 2034 4547 nomine
2103 4492 2474 4547 Ecclesiarum
2532 4491 2754 4558 Galliae,
2824 4491 2982 4561 cujus
3048 4495 3211 4561 caput
3272 4494 3394 4537 erat

1813 4562 2154 4631 Lugdunum.
2200 4561 2433 4633 Proinde
2478 4564 2593 4619 haec
2625 4554 2853 4633 epistola
2892 4554 3083 4633 referri
3115 4554 3393 4633 debuerat

1775 4623 1955 4686 .iuIEr
2019 4633 2250 4687 concilia
2309 4632 2523 4699 Gallias,
2583 4623 2822 4688 ut'olim
2878 4628 3061 4686 monui
3122 4623 3388 4699 Iacobum

1815 4702 2185 4769 Sirmoudum,
2216 4706 2391 4757 virum
2429 4693 2823 4765 doctissimum,
2876 4716 2974 4755 nec
3009 4712 3246 4766 unquam
3285 4693 3391 4747 nisi

1813 4773 2107 4827 honoriﬁce
2134 4776 2544 4831 nominandum.
2575 4776 2785 4829 Lteuint
2812 4773 2898 4827 ille
2921 4770 3211 4824 editionem
3237 4779 3390 4819 suam

1813 4842 2175 4899 Conciliorum
2206 4843 2395 4898 Callia:
2430 4861 2460 4898 a
2494 4844 2833 4901 Constantini
2869 4839 3200 4908 temporibus
3230 4851 3393 4889 exor-

1813 4930 1908 4970 sus
1939 4925 2056 4982 est;
2108 4916 2214 4969 hoc
2257 4915 2429 4969 solum
2494 4918 2548 4969 iu
2599 4915 2914 4985 praefatione
2960 4925 3072 4985 sua
3113 4910 3391 4985 monuisse

1812 4978 2122 5057 contentus,
2149 4986 2280 5039 duas
2303 4986 2536 5057 synodos
2560 4978 2947 5057 Lugdunenses
2963 4978 3391 5057 quibttsprwl‘uit

1814 5053 2050 5110 tremens
2078 5051 2371 5109 memorari
2409 5073 2422 5110 :
2455 5051 2682 5126 quarum
2712 5057 2763 5107 in
2794 5056 2963 5126 altera
2996 5051 3388 5126 Valentiuus‘et

1813 5126 2050 5180 Marcion
2074 5127 2311 5179 daumati
2342 5118 2548 5181 sintfln
2577 5129 2746 5179 altera
2779 5140 2912 5177 vero
2935 5122 3141 5177 Pascha
3168 5118 3385 5172 nonnisi

1814 5199 1899 5263 die
1932 5196 2214 5250 Dominico
2248 5197 2633 5250 celebrandum
2678 5211 2800 5250 cum
2824 5193 3083 5249 tredecim
3116 5190 3386 5259 episcopis

1813 5267 2049 5320 lrenaaus
2078 5265 2337 5320 decrevit.
2386 5267 2580 5319 Verum
2632 5266 2888 5333 quoniam
2933 5264 3127 5333 harum
3152 5264 3385 5329 synodo-

1815 5354 1932 5390 rutn
1961 5337 2249 5390 obscurior
2275 5349 2419 5390 esset
2444 5331 2726 5399 memoria,
2760 5338 2879 5389 ideo
2913 5350 2971 5387 se
3004 5331 3121 5385 illas
3159 5340 3384 5397 praeter-

1813 5409 2028 5461 misisse
2051 5407 2261 5462 scribit.
2285 5407 2397 5477 Ego
2419 5421 2546 5459 vero
2569 5409 2765 5475 prioris
2787 5407 3003 5475 quidem
3027 5401 3168 5477 illius
3188 5399 3379 5477 syiLodi

1812 5477 2186 5546 Lugdunensis
2222 5466 2393 5531 fateor
2419 5466 2707 5531 obscuram
2743 5466 2863 5531 esse
2903 5466 3381 5546 ittettioriattt'._§ed

1813 5540 2081 5614 posterior
2108 5546 2197 5599 illa
2224 5549 2274 5600 in
2302 5562 2407 5617 qua
2432 5547 2498 5599 de
2534 5548 2622 5600 die
2652 5546 2870 5601 PaScbte
2903 5550 3230 5617 actuut_cst,
3263 5540 3382 5594 illu-

1813 5612 2084 5671 Strissimo
2114 5612 2336 5671 Eusebii
2360 5618 2664 5671 testimonio
2694 5619 3063 5671 continuatur.
3089 5612 3265 5668 Locus
3298 5624 3384 5668 est

1810 5704 1930 5756 cap.
1954 5687 2023 5741 23
2050 5687 2208 5753 hujus
2230 5689 2373 5751 libri,
2401 5688 2491 5742 ubi
2516 5688 2581 5742 de
2611 5689 2830 5759 synodis
2851 5686 3224 5759 episcoporum
3248 5687 3380 5759 agit,

1812 5775 1932 5827 qua:
1972 5759 2043 5814 ob
2068 5761 2497 5814 controversiain
2534 5756 2699 5830 super
2726 5759 3127 5830 Paschavat'iis
3161 5758 3214 5810 in
3246 5756 3382 5830 locis

1813 5840 2152 5899 congregatae
2182 5840 2329 5894 sunt,
2363 5841 2415 5884 ct
2452 5831 2513 5885 de
2544 5828 2819 5901 synodicis
2872 5828 3132 5899 cujusque
3165 5828 3383 5882 concilii
