3878 6522
434 380 541 437 503

1174 380 1443 438 EUSEBII
1483 376 1962 436 CESARIENSIS
1998 377 2151 435 OPP.
2191 378 2370 433 PARS
2408 377 2450 433 Ι.
2491 406 2564 418 -
2599 374 2992 433 BISTORICA.

3590 372 3689 429 50‘

434 493 581 552 enim
637 497 956 557 existimant
983 496 1143 552 unico
1195 497 1280 550 die
1323 496 1423 549 sibi
1454 510 1576 576 esse
1601 494 1961 566 jejunandutn
1995 514 2007 548 :

2121 490 2491 564 συμμετροῦσι
2527 488 2627 560 τὴν
2668 490 2886 562 ἡμέραν
2924 489 3102 543 αὐτῶν
3148 487 3279 559 (79).
3315 487 3429 542 Kal.
3476 487 3687 557 τοιαύτη

434 585 523 638 alii
549 584 783 649 duobus,
824 584 915 640 alii
960 584 1248 654 pluribus:
1287 581 1522 637 nonnulli
1579 582 1742 637 etiam
1775 579 2006 649 quadra-

433 676 583 745 ginta
609 675 758 729 boris
784 675 997 729 diurnis
1031 673 1188 744 193
1229 689 1294 729 ac
1352 673 1633 727 nocturnis
1680 671 2006 740 computatis

434 765 575 817 diem
606 778 760 817 suum
810 764 1131 817 metiuntur.
1185 763 1362 831 Atque
1395 762 1506 815 lucc
1563 761 1616 814 iu
1666 762 2006 815 observando

430 853 633 924 jejunio
666 854 911 908 varietas
935 870 1039 906 uou
1068 864 1254 907 nostra
1286 853 1524 920 primum
1554 860 1714 905 actate
1750 862 1873 905 uata
1898 861 2007 912 est,

433 946 529 1002 sed
558 945 712 1015 longe
738 956 896 1000 antea
935 947 1073 1015 apud
1115 945 1347 1011 majores
1374 953 1599 999 nostros
1647 944 1811 1012 coepit
1846 962 1859 996 :
1918 945 2004 1009 qui

436 1037 818 1108 negligentius,
844 1045 905 1091 ut
930 1035 1229 1091 verisimile
1256 1045 1360 1102 est,
1384 1035 1759 1104 praesidentes,
1790 1048 1855 1087 ex
1882 1035 1979 1089 sim
1997 1065 2009 1072 -

430 1130 675 1199 plicitate
704 1139 759 1183 et
786 1129 1058 1199 imperitia
1082 1138 1256 1183 ortam
1295 1128 1747 1184 consuetudinem
1779 1128 2012 1196 posteris

433 1223 788 1279 tradiderunt.
825 1224 1187 1279 Nihilominus
1211 1233 1391 1279 tamen
1415 1227 1468 1276 et
1491 1237 1682 1276 omnes
1710 1222 1796 1276 isti
1820 1235 2006 1290 pacem

432 1377 671 1435 hratunt.
706 1381 1012 1441 Postremo,
1040 1380 1194 1434 varie
1226 1396 1252 1433 a
1283 1379 1452 1432 variis
1486 1376 1655 1433 fuisse
1680 1378 2006 1447 jejunatum.

434 1448 662 1519 Semper
690 1463 871 1505 autem
920 1452 1232 1505 meminisse
1265 1449 1560 1511 debemus.
1605 1450 1870 1504 lreuzeum
1922 1450 2009 1504 hic

432 1518 581 1591 loqui
613 1525 678 1575 de
704 1522 910 1591 jejunio
956 1521 1433 1591 superpositiouis,
1463 1520 1606 1588 quod
1634 1535 1730 1588 per
1755 1535 2007 1591 magnam

436 1588 829 1647 hebdomadam
865 1607 893 1644 a
934 1590 1267 1647 Christianis
1307 1591 1708 1645 celebrabatur.
1742 1588 2006 1644 Caeterum

434 1661 601 1714 semel
634 1662 878 1715 admisso
908 1661 1254 1715 hebdomadis
1281 1659 1556 1715 Paschalis
1581 1659 1808 1724 jejunio,
1846 1660 2006 1713 etiam

435 1729 861 1800 Quadragesitua
904 1731 1235 1784 admittenda
1272 1740 1373 1785 est.
1399 1730 1531 1784 Nam
1583 1732 1879 1783 bebdomas
1910 1728 2007 1782 Pa-

435 1802 638 1871 schalis
664 1818 788 1870 pars
810 1802 1367 1871 esthadragesimai.
1392 1803 1469 1856 Ac
1494 1801 1763 1855 interdum
1787 1800 2005 1869 quidem

2116 585 2216 657 μὲν
2267 584 2509 638 ποικιλία
2552 584 2659 638 τῶν
2693 583 3122 656 ὲπιτηρούντων,
3174 581 3235 636 οὐ
3288 580 3386 635 νῦν
3416 581 3502 650 ἐφ’
3540 580 3690 652 ἡμῶν

2112 680 2387 747 γεγονυῖα,
2414 676 2549 730 ἀλλὰ
2573 677 2668 731 καὶ
2688 676 2823 730 πολὺ
2849 677 3112 748 πρότερον
3138 674 3230 728 ἐπὶ
3247 672 3359 727 τῶν
3386 672 3494 743 πρὸ
3518 671 3689 743 ἡμῶν,

2110 769 2218 822 τῶν
2269 768 2420 841 παρὰ
2454 769 2516 821 τὸ
2560 769 2810 839 ἀκριϐὲς,
2857 768 2933 832 ὡς
2968 768 3134 831 εἰκὸς,
3174 765 3525 839 κρατούντων
3562 763 3690 833 (80),

2109 860 2207 931 τὴν
2242 860 2364 913 καθ’
2411 860 2687 932 ἁπλότητα
2720 860 2814 914 καὶ
2858 860 3163 930 ἰδιωτισμδν
3195 858 3489 930 συνήθειαν
3533 857 3615 920 εἰς
3638 856 3693 911 τδ

2113 951 2405 1022 μετέπειτα
2438 952 2833 1022 πεποιηκότων.
2883 952 2994 1005 Καὶ
3026 951 3179 1005 οὐδὲν
3228 949 3455 1003 ἔλαττον
3501 947 3695 1012 πάντες

2111 1036 2256 1095 οὗτοι
2282 1043 2603 1115 εξρὴνευσὰν
2629 1060 2686 1095 τε
2720 1044 2813 1097 καὶ
2860 1040 3213 1114 εἰρηνεύομεν
3247 1040 3385 1111 πρὸς
3414 1038 3692 1111 ἀλλήλους,

2111 1134 2204 1186 καὶ
2269 1136 2302 1201 ἠ
2354 1133 2618 1202 διαφωνία
2673 1137 2771 1205 τῆς
2831 1135 3084 1203 νηστείας
3136 1134 3236 1203 τὴν
3288 1131 3549 1203 ὁμόνοιαν
3600 1130 3695 1200 τῆς

2111 1227 2347 1291 πίστεως
2397 1228 2679 1301 συνίστησι
2740 1228 2873 1302 (81).
2943 1248 2963 1281 ι
3027 1228 3252 1291 Τούτοις
3306 1227 3403 1281 καὶ
3458 1223 3695 1297 ἱστορίαν

2114 1378 2246 1433 Nam
2293 1391 2350 1433 ut
2396 1382 2853 1452 Quinquagesima
2911 1399 3004 1437 seu
3070 1381 3436 1452 Pentecoste,
3482 1378 3695 1452 proprie

2115 1452 2330 1516 quidem
2364 1466 2446 1505 est
2474 1450 2587 1507 dies
2617 1454 2803 1508 ultima
2848 1453 2913 1506 de
2943 1451 3475 1521 quinquagintaillis
3508 1450 3694 1503 diebus

2118 1522 2377 1575 Paschale
2403 1522 2598 1577 festum
2630 1523 3105 1590 subsequentibus.
3134 1520 3315 1575 tamen
3343 1520 3454 1575 late
3484 1531 3695 1588 sumpto

2115 1592 2381 1663 vocabulo
2410 1633 2423 1655 ,
2459 1593 2729 1647 ittterdum
2776 1593 3044 1663 signiﬁcat
3077 1603 3246 1645 totum
3281 1591 3411 1645 illttd
3466 1591 3692 1663 spatium

2116 1662 2329 1714 dierum
2359 1664 2504 1729 quod
2539 1674 2622 1719 est
2657 1680 2684 1718 a
2718 1662 2923 1718 Pascha
2956 1665 3020 1713 ad
3054 1663 3443 1718 Pentecosten.
3473 1670 3533 1712 ut
3558 1662 3692 1726 apud

2115 1729 2497 1801 Hieronymum
2530 1734 2579 1786 iu
2610 1734 2833 1802 epistola
2865 1735 2930 1787 ad
2959 1732 3291 1802 Marcellam,
3322 1730 3466 1799 apud
3491 1730 3694 1784 Cassia-

2118 1817 2243 1853 llttttt
2279 1800 2333 1855 et
2379 1800 2687 1871 complures
2735 1805 2887 1857 alios.
2932 1804 3023 1856 Sic
3062 1804 3227 1857 etiam
3263 1800 3691 1870 Quadragesima

429 1850 697 1953 jejunium
737 1873 880 1953 illius
917 1850 1266 1953 liebdouiitdis
1291 1872 1565 1953 distingui
1588 1850 1833 1953 videmus.
1862 1886 1892 1923 a
1916 1871 2011 1953 λθ-
2041 1850 2084 1905 B
2117 1873 2332 1953 proprie
2360 1850 2578 1953 quidem
2604 1850 2687 1927 esi.
2713 1850 2831 1930 dies
2865 1889 3002 1953 unus
3038 1850 3103 1928 de
3135 1850 3540 1953 ιιιιειιίῖοιιιμὶιιιιιυζ
3580 1872 3695 1952 dies

430 1940 589 2011 junio
615 1942 1056 2010 Quadragesiuuc
1082 1981 1096 2004 ,
1130 1951 1185 1993 ut
1234 1942 1372 2010 apud
1414 1940 1775 2011 Epiphauitun
1821 1942 1871 1994 in
1907 1940 2011 1995 Ea:-

434 2010 695 2077 positione
714 2012 871 2080 ﬁdei;
907 2013 1047 2079 apud
1073 2013 1405 2068 Clementem
1436 2014 1488 2066 iu
1522 2010 2009 2067 'Constitutionibus

438 2083 764 2146 apostolicis.
805 2082 909 2136 Sed
939 2093 993 2137 et
1029 2093 1182 2136 vetus
1215 2093 1403 2138 auctor
1444 2083 1498 2135 in
1550 2091 1779 2136 tractatu
1827 2094 2011 2135 contra

441 2150 694 2218 Graecos,
727 2168 887 2221 quem
938 2152 1106 2206 edidit
1154 2152 1352 2208 Petrus
1403 2153 1711 2208 Steuartius
1752 2153 1804 2205 iu
1864 2160 2011 2206 tomo

438 2222 702 2290 singulari
739 2223 1033 2292 Insigninm
1060 2232 1360 2285 auctorum,
1392 2239 1516 2292 pag.
1555 2223 1682 2283 509.
1712 2224 1778 2278 tle
1804 2221 2011 2277 Graecis

438 2292 514 2363 ita
556 2293 747 2348 scribit
802 2310 816 2346 :
860 2290 989 2346 Nec
1022 2290 1499 2363 Qttadragesimam
1546 2293 1844 2356 celebrant;
1892 2309 2010 2345 cum

440 2361 864 2434 Quadragesima
922 2365 987 2418 sit
1034 2361 1302 2434 jejunium
1376 2366 1731 2434 quadraginta
1784 2364 2009 2416 dierum.

438 2431 552 2498 Ipsi
576 2431 694 2486 vero
720 2435 977 2502 majorem
998 2431 1344 2503 septimanam
1390 2431 1423 2487 α
1451 2431 1665 2489 numero
1694 2432 2013 2501 Quadrage-

438 2506 586 2558 simte
615 2504 976 2565 secluilentes,
1025 2522 1116 2560 sea:
1158 2506 1496 2561 hebdomadis
1542 2504 2010 2571 Quadragesimam

438 2573 717 2630 claudunt.
768 2574 863 2628 Tot
891 2578 1027 2629 enim
1051 2584 1173 2629 sunt
1216 2593 1247 2627 a
1281 2577 1449 2642 prima
1472 2592 1650 2628 eorum
1701 2576 2012 2641 septimana,

438 2661 601 2715 usque
619 2645 686 2696 ad
713 2644 1003 2700 Sabbatnm
1042 2646 1182 2715 quod
1213 2643 1527 2699 Palmarum
1550 2661 1721 2715 rantes
1748 2644 2012 2711 praecedit.

439 2713 508 2766 In
537 2732 641 2778 quo
670 2713 1125 2770 universaltterab
1169 2717 1277 2769 illis
1320 2727 1570 2770 cantatur
1612 2731 1630 2768 :
1666 2714 1798 2779 Qua:
1826 2715 2016 2767 anima:

437 2784 583 2838 utilis
610 2798 681 2838 est
714 2787 1029 2853 corripiemus
1096 2786 1587 2855 Quadragesimam.
1659 2783 1835 2840 Verba
1892 2792 2015 2838 sunt

442 2871 509 2908 νς
544 2854 718 2908 ollicio
748 2856 1059 2910 (It-atrorum
1111 2858 1164 2911 in
1226 2854 1464 2912 Sabbato
1507 2865 1634 2911 ante
1679 2856 2013 2910 Domiuieam

441 2923 773 2980 Palinurum.
817 2926 1011 2982 Verum
1048 2945 1225 2997 neque
1256 2930 1343 2982 hic
1380 2938 1608 2990 auctor,
1637 2942 1735 2980 nec
1772 2925 2017 2994 plerique

441 2996 533 3049 alii
573 2998 907 3053 recentiores
939 3000 1073 3054 satis
1100 2996 1440 3053 intellexisse
1471 2998 1602 3051 mihi
1624 2998 1891 3054 videntur.
1921 3008 2018 3047 cur

441 3065 559 3139 hare
588 3082 780 3139 magna
802 3067 1387 3139 bebdomasinterdutn
1419 3068 1785 3139 distinguatur
1818 3083 1845 3120 a
1871 3065 2015 3131 Qua-

439 3137 768 3206 dragesima.
803 3137 918 3193 Non
945 3139 1088 3194 enim
1119 3141 1188 3194 ita
1225 3137 1610 3208 distinguitur,
1639 3138 1790 3206 quasi
1827 3148 2012 3208 revera

439 3222 546 3260 non
595 3208 863 3276 pertineat
906 3212 971 3264 ad
1015 3209 1517 3278 Quadragesimam.
1557 3210 1757 3264 Verum
1803 3208 1871 3261 ab
1921 3207 2006 3259 illa

439 3277 806 3350 distinguitur.
833 3292 891 3334 ut
923 3296 1051 3350 pars
1081 3296 1109 3332 a
1140 3277 1269 3333 toto.
1299 3279 1406 3333 Cur
1433 3291 1611 3334 autem
1639 3296 1667 3333 a
1695 3280 2005 3350 Quadrage-j

442 3348 579 3403 sima
612 3349 886 3404 interdum
922 3348 1176 3405 distincta
1201 3351 1385 3413 fuerit,
1423 3350 1616 3418 duplex
1654 3350 1795 3404 ratio
1826 3348 2007 3402 afferri

439 3428 639 3484 potest.
683 3419 860 3474 Prima
885 3462 899 3480 ,
932 3421 1077 3489 quod
1110 3420 1429 3475 districtiori
1466 3420 1671 3490 jejunio
1710 3420 2010 3475 celebrare-

444 3500 553 3553 tur,
583 3491 1029 3559 superpositionis
1064 3491 1313 3554 scilicet,
1353 3501 1411 3544 ut
1444 3507 1603 3559 supra
1638 3491 2010 3550 ostendimus;

444 3557 678 3629 secunda
720 3557 896 3624 ratio,
943 3562 1082 3619 quod
1135 3561 1250 3615 haec
1310 3557 1608 3615 hebdomas
1674 3562 1887 3629 proprie
1945 3562 2010 3614 ad

446 3626 655 3682 Pascha
681 3631 933 3697 pertinet.
964 3631 1137 3685 Feriae
1189 3631 1332 3684 enim
1367 3626 1718 3685 hebdomadis
1769 3626 2015 3685 denomi-

446 3707 647 3769 nantur
668 3716 696 3752 a
720 3711 993 3769 sequente
1015 3701 1293 3756 Dominica
1314 3743 1328 3765 ,
1362 3710 1416 3754 ct
1462 3703 1528 3753 ad
1561 3716 1679 3755 eam
1711 3704 2011 3769 pertinent,

445 3780 507 3821 ut
533 3767 658 3822 alibi
689 3767 1174 3826 demonstrabitur.
1212 3771 1392 3835 Quare
1418 3785 1539 3824 cum
1571 3773 1683 3825 lucc
1714 3767 2017 3825 hebdomas

452 3839 781 3895 Dominicam
827 3841 1141 3895 Pascbalem
1180 3842 1425 3911 proxime
1468 3842 1786 3905 antecedat,
1827 3843 2017 3894 merito

447 3912 611 3963 etiam
655 3914 720 3965 ad
764 3926 881 3964 eam
923 3912 1177 3981 pertinet.
1232 3910 1379 3981 lliue
1420 3921 1500 3964 est
1548 3914 1688 3978 quod
1723 3913 2018 3965 hebdomas

451 3981 662 4053 μεγάλη
692 3980 1113 4053 ιΙὶριιιιιδξΩιιῙιιδ
1156 3980 1403 4053 vocabuli
1440 3996 1630 4053 causas
1668 3981 1824 4035 all‘ert
1851 3983 2021 4051 (dtry-

448 4051 964 4117 eostoutusdtomilia
986 4053 1055 4105 50
1077 4054 1130 4105 in
1152 4051 1415 4106 Genesim.
1438 4052 1541 4105 Sed
1567 4068 1691 4105 vera
1713 4053 1851 4105 illius
1871 4068 2022 4106 voca-

451 4124 561 4178 buli
581 4124 720 4177 ratio
738 4133 997 4194 estquam
1021 4124 1154 4194 dixi.
1175 4122 1308 4194 Cum
1330 4122 1473 4194 enim,
1504 4123 1617 4175 lucc
1634 4123 1715 4194 sit
1731 4123 2022 4194 hebdomas

449 4195 690 4258 l’ascbat,
722 4196 836 4247 dies
854 4192 1037 4246 autem
1059 4193 1280 4246 Pascha:
1304 4193 1567 4264 appelletu
1580 4194 1648 4263 νὴ
1666 4192 1889 4264 Μεγάλη
1907 4196 2021 4247 Κυ-

450 4265 614 4338 ριακὴ
632 4265 727 4319 τοῦ
746 4265 958 4338 Πάσχα,
981 4274 1124 4319 recte
1140 4264 1303 4338 etiarn
1325 4262 1439 4338 hth
1458 4262 1752 4338 h_ebdot_nas
1767 4262 1957 4338 sancta
1972 4276 2025 4317 et

451 4330 640 4404 inagna
676 4330 1103 4406 cognatiiiuatur.
1143 4334 1221 4406 lu
1245 4330 1435 4401 Typico
1474 4334 1657 4406 Sancti
1687 4333 1845 4387 Saba:
1869 4374 1883 4397 ,
1910 4336 2017 4389 siu-

448 4410 556 4470 guli
589 4406 706 4461 dies
734 4405 892 4473 hujus
927 4405 1280 4461 hebdomadis
1328 4405 1499 4458 sancti
1527 4415 1579 4457 et
1618 4406 1800 4473 magni
1831 4419 2028 4460 vocan-

452 4487 539 4531 tur
566 4478 667 4532 hoc
700 4482 858 4532 modo
885 4496 898 4534 :
945 4478 1009 4531 'H
1033 4476 1162 4546 ἁγία
1190 4475 1282 4528 καὶ
1320 4474 1530 4547 μεγάλη
1556 4474 1788 4545 δευτέρα.
1808 4518 1822 4542 ,
1864 4486 1920 4530 et
1944 4476 2022 4530 sic

450 4549 727 4618 deinceps.
784 4548 1083 4618 lueipicbat
1123 4558 1301 4600 autem
1358 4547 1652 4618 hebdumas
1700 4547 1788 4599 illa
1822 4547 2015 4618 aleria

450 4616 718 4681 secunda,
767 4630 826 4673 ut
861 4616 1125 4673 discimus
1170 4635 1234 4671 ex
1281 4617 1489 4687 Cyrillo
1532 4616 1912 4686 etTlteopbilo
1956 4617 2012 4671 in

457 4688 702 4743 llomiliis
731 4690 1068 4756 paschalibus
1111 4697 1167 4742 et
1206 4704 1272 4742 ex
1305 4689 1607 4757 Epiphanio
1651 4689 1703 4742 itt
1745 4689 2014 4742 Aerianis.

450 4758 620 4816 Porro
643 4762 884 4827 quamvis
914 4777 943 4813 a
963 4760 1380 4828 Quadragcsima
1424 4774 1809 4829 nonnunquam
1834 4759 2017 4813 distiu-

452 4842 706 4897 gueretur
745 4835 815 4885 ob
860 4846 955 4884 eas
994 4847 1129 4899 quas
1182 4830 1292 4882 dixi
1329 4845 1552 4891 causas,
1604 4844 1791 4884 revera
1836 4838 2013 4884 tamen

452 4904 734 4966 coiijuucta
766 4911 881 4954 erat
903 4901 1363 4968 Quadragesiuue,
1388 4901 1612 4968 ejusque
1634 4911 1878 4970 extrema
1892 4915 2017 4970 pars
2038 4937 2041 4940 ‹

452 4982 573 5023 erat
601 4980 656 5024 et
692 4972 1160 5039 complementum.
1191 4971 1351 5025 Certe
1394 4973 1444 5023 id
1479 4969 1762 5024 manifeste
1804 4969 2016 5040 colligi-

459 5050 547 5094 tur
587 5058 655 5095 ex
691 5039 941 5095 Homiliis
964 5041 1297 5112 paschalibus
1331 5040 1516 5111 Cyrilli
1539 5081 1553 5103 ,
1586 5044 1640 5093 in
1675 5041 1870 5108 quibus
1904 5039 2016 5095 haec

452 5112 751 5180 septimana
781 5111 1036 5182 perpetuo
1066 5113 1322 5182 distincta
1355 5111 1551 5180 legitur
1573 5128 1600 5164 a
1634 5112 2014 5182 reliquaAQua—

455 5184 782 5250 dragesitua,
820 5180 1196 5251 et'septimana
1247 5180 1467 5236 Pasrbae
1518 5192 1761 5235 vocatur.
1816 5180 2014 5237 Eadem

458 5263 636 5305 tamen
666 5254 1096 5324 Quadragesimae
1118 5255 1504 5317 contribuitur,
1529 5256 1725 5322 quippe
1746 5268 1867 5324 qua:
1890 5266 2017 5324 qua-

456 5325 703 5391 draginta
749 5323 957 5376 dierum
1000 5339 1279 5377 numerqu
1325 5324 1634 5389 adimpleat.
1680 5323 1922 5392 Denique
1948 5323 2015 5376 il—

459 5393 546 5451 lud
574 5396 733 5447 etiam
762 5395 1027 5447 observan
1052 5399 1156 5446 lum
1184 5407 1264 5448 est
1286 5436 1301 5459 ,
1345 5398 1486 5463 quod
1546 5393 1737 5447 scribit
1765 5393 2019 5448 Socrates

458 5466 511 5516 in
563 5465 653 5517 lib.
702 5481 755 5527 v,
814 5481 935 5533 cap.
986 5464 1090 5529 22,
1140 5475 1351 5519 veteres
1390 5466 1726 5518 Christianos
1769 5465 2019 5532 paschale

458 5551 620 5587 suum
648 5534 912 5603 jejunium
957 5549 1177 5589 vocasse
1217 5535 1730 5604 Quadragesimam,
1769 5536 2020 5603 quamvis

460 5619 566 5674 non
614 5613 738 5659 totis
792 5607 1151 5674 quadraginta
1195 5606 1386 5659 diebus
1446 5603 1637 5658 omnes
1684 5603 2016 5673 jejuuarent.

463 5673 697 5742 lijusqne
720 5673 963 5730 voeabuli
990 5678 1167 5729 varias
1189 5691 1218 5725 a
1244 5678 1410 5729 variis
1439 5690 1631 5730 causas
1656 5674 1837 5729 alferri
1868 5675 2016 5733 dicit.

464 5744 590 5817 Mitti
646 5746 859 5811 quidem
916 5746 1335 5817 Quadragesima
1381 5746 1523 5800 dicta
1578 5743 2019 5817 videturkeodem

466 5812 668 5884 modo,
705 5832 812 5886 quo
857 5812 1309 5887 Qumquagbsima
1357 5831 1476 5885 qua:
1524 5826 1607 5872 est
1646 5825 1767 5887 post
1791 5814 2018 5871 Pascha.

2112 1942 2323 1995 scilicet
2360 1940 2681 2002 Parasreve.
2717 1946 2808 2011 qui
2837 1944 3050 2011 quidem
3102 1944 3241 2011 apud
3290 1940 3695 1995 Alexandrinos

2112 2023 2232 2084 erat
2262 2010 2742 2084 quadragesimus,
2769 2010 2912 2068 utex
2947 2013 3129 2084 Cyrilli
3177 2010 3424 2084 llomiliis
3476 2016 3697 2084 pascha—

2113 2081 2251 2161 libus
2285 2081 2528 2161 constat.
2571 2081 3568 2161 Latiustamen‘sutuptovocabulo,
3605 2082 3695 2161 tle-

2113 2152 2295 2226 signat
2327 2154 2492 2208 etiam
2530 2154 2886 2226 quadraginta
2920 2155 3034 2208 dies
3079 2151 3411 2224 jejuniorum
3464 2153 3561 2222 qui
3603 2151 3675 2207 Pa

2113 2223 2245 2276 Scha
2276 2225 2619 2279 antecedunt.

2186 2294 2296 2364 (79)
2346 2294 2757 2364 Συμμετροῦσι
2805 2292 2919 2361 τὴν
2969 2294 3198 2363 ἡμέραν
3252 2290 3474 2364 αὐτῶν.
3536 2292 3695 2346 Miror

2116 2374 2195 2419 tot
2249 2363 2495 2419 homines
2538 2368 2813 2429 eruditos,
2864 2364 2955 2433 qui
2989 2367 3132 2419 hunc
3184 2365 3370 2418 Irenaei
3426 2363 3607 2417 locum
3643 2364 3693 2417 iu

2115 2436 2230 2491 suis
2254 2434 2405 2490 libris
2441 2447 2832 2504 exposuerunt,
2867 2434 2982 2501 ejus
3009 2437 3192 2487 vitium
3219 2450 3325 2488 non
3362 2435 3698 2504 animadver-

2118 2507 2266 2559 tisse.
2311 2506 2443 2572 Quis
2466 2503 2609 2560 enim
2652 2516 2731 2560 est
2767 2520 2962 2559 sensus
3002 2507 3192 2559 horum
3236 2503 3578 2559 verborum?
3607 2515 3696 2557 aut

2116 2576 2239 2643 quis
2285 2592 2517 2644 unquam
2565 2578 2753 2630 credat
2802 2576 2969 2629 fuisse
3017 2576 3304 2638 luuniues,
3333 2574 3426 2643 qui
3463 2577 3696 2642 quadra-

2116 2647 2261 2715 ginta
2295 2647 2548 2701 horarum
2580 2646 2756 2713 spatio
2805 2648 2945 2698 diem
2983 2647 3323 2715 tuetirentur.
3366 2645 3537 2713 Atqui
3574 2660 3696 2710 qua-

2116 2714 2363 2785 draginta
2404 2719 2549 2770 hor-.e
2579 2717 2795 2769 biduum
2832 2716 3191 2782 jejunantibus
3220 2714 3490 2769 elliciuut.
3543 2715 3690 2785 Equi-

2117 2783 2243 2841 deui
2279 2802 2384 2841 nou
2419 2788 2625 2851 dubito,
2656 2788 2780 2852 quin
2817 2788 3048 2841 lreumus
3086 2786 3159 2839 ita
3194 2785 3523 2854 scripserit:
3557 2783 3695 2854 Οἰδὲ

2117 2859 2519 2929 τεσσαράκοντα
2557 2857 2703 2929 ὥρας
2762 2856 3026 2929 ἡμερινᾲς
3090 2872 3147 2909 τε
3212 2853 3319 2929 quali
3375 2853 3697 2929 νυκτερινὰς

2120 2926 2492 3000 σιιμμὲτροῦσι
2520 2926 2617 2999 τὴν
2648 2926 2923 3000 νηστὲίαν.
2960 2927 3075 3000 Qua
3118 2928 3387 2994 scriptura
3417 2926 3554 3000 nihil
3586 2926 3693 3000 pla-

2120 2997 2248 3053 nius
2285 2997 2406 3053 esse
2460 2997 2653 3067 potest.
2695 2997 2873 3064 Quare
2923 3008 3017 3050 aut
3046 2997 3282 3050 lreuaeus
3339 2999 3569 3051 omnino
3624 2998 3694 3050 ita

2120 3068 2339 3138 scripsit
2365 3109 2381 3130 ,
2437 3079 2532 3122 aut
2570 3078 2718 3125 certe
2754 3071 2826 3121 ita
2877 3069 3117 3122 scribere
3158 3067 3371 3122 debuit.
3418 3067 3530 3121 Sed
3557 3067 3698 3138 anti-

2119 3137 2331 3207 quarii,
2363 3140 2715 3194 vocabuloex
2746 3139 3033 3208 superiore
3059 3138 3197 3192 linea
3245 3139 3350 3191 huc
3403 3137 3694 3201 translato,

2116 3210 2290 3265 locum
2325 3220 2702 3275 corruperunt.

2180 3281 2292 3349 (80)
2316 3279 2437 3334 Τῶν
2454 3274 2610 3349 παρὰ
2632 3281 2699 3334 τὸ
2724 3278 2983 3348 ἀκριϐὲς,
3000 3274 3272 3343 dig-sibe,
3297 3278 3696 3349 κρατούντων.

2112 3347 2281 3405 Hunc
2314 3351 2488 3405 locum
2535 3347 2646 3405 non
2705 3347 3091 3404 intellexerunt
3137 3350 3485 3417 interpretes.
3541 3347 3699 3405 Solus

2112 3421 2388 3476 Musculus
2421 3436 2638 3476 sensum
2673 3431 2958 3475 assecutus
2981 3430 3103 3481 est,
3137 3420 3231 3471 sed
3270 3433 3333 3473 es
3380 3429 3542 3487 parte
3578 3428 3695 3470 tau-

2116 3503 2247 3546 tmn.
2291 3490 2383 3546 Sic
2412 3493 2555 3546 enim
2585 3493 2745 3545 vertit
2779 3506 2793 3543 :
2827 3488 2896 3543 Et
2934 3492 3035 3543 ista
3069 3489 3431 3558 jejuuantium
3469 3489 3695 3542 varietas

2115 3576 2293 3615 nostra
2337 3564 2548 3616 demum
2587 3573 2852 3628 tempore,
2900 3562 2988 3614 sed
3035 3562 3200 3613 multo
3239 3567 3400 3612 antea
3440 3576 3537 3625 per
3581 3559 3696 3611 illos

2115 3634 2287 3693 creuit,
2318 3634 2409 3701 qui
2439 3643 2558 3685 ante
2582 3649 2672 3685 nos
2698 3642 2890 3699 prwter
2911 3640 3222 3684 accuratam
3252 3630 3615 3701 diligentiam,
3642 3639 3695 3681 ut

2118 3700 2395 3755 verisimile
2424 3710 2499 3755 est
2526 3742 2541 3764 ,
2581 3717 2757 3755 rerum
2808 3703 3027 3755 habenis
3071 3702 3260 3769 potiti,
3303 3700 3599 3765 simplicem
3636 3715 3697 3751 ac

2118 3772 2382 3839 vulgatam
2422 3773 2851 3825 consuetudinem
2874 3772 3285 3838 posthabuerqu
3313 3786 3375 3822 ac
3400 3778 3694 3823 mutarunt.

2120 3844 2215 3897 Est
2260 3853 2409 3897 certe
2456 3843 2540 3895 hic
2590 3842 2775 3895 lreutei
2824 3842 2977 3895 locus
3006 3841 3295 3896 admodum
3328 3841 3619 3894 intricatus
3644 3851 3697 3893 et

2118 3915 2401 3968 obscurus.
2430 3910 2552 3964 Vult
2586 3921 2763 3965 autem
2795 3913 3084 3967 ostendere
3122 3910 3355 3964 lreutcus
3388 3911 3538 3963 unde
3579 3921 3695 3964 orta

2121 3986 2195 4037 sit
2224 3992 2370 4036 tanta
2406 3982 2699 4037 diversitas
2721 3981 2909 4051 jejuuii
2937 3982 3231 4049 paschalis.
3260 3979 3350 4034 Ait
3377 3981 3551 4050 igitur
3576 3995 3693 4033 eam

2124 4063 2301 4107 natam
2331 4067 2450 4108 esse
2482 4067 2584 4106 non
2629 4066 2695 4106 ex
2749 4053 2864 4121 lege
2910 4054 3084 4120 aliqua
3131 4054 3199 4105 ab
3241 4052 3508 4118 apostolis
3550 4060 3695 4104 auta

2124 4124 2338 4178 Citrislo
2360 4125 2509 4188 data,
2537 4122 2631 4177 sed
2655 4123 2911 4189 paulatim
2940 4138 3035 4176 usu
3058 4123 3290 4191 quodam
3320 4121 3694 4182 iucrebuisse;

2126 4208 2190 4246 ac
2236 4204 2424 4262 postea
2457 4194 2742 4261 episcopos
2774 4195 3070 4260 quosdam,
3102 4192 3154 4244 in
3180 4193 3245 4245 iis
3272 4207 3396 4257 qua:
3431 4192 3501 4244 ad
3538 4192 3699 4245 disci-

2127 4263 2325 4332 plinam
2365 4265 2632 4331 pertinent
2664 4278 2855 4332 parum
2887 4262 3173 4330 diligentes
3218 4276 3317 4314 nec
3357 4262 3494 4332 satis
3537 4276 3689 4314 aecu-

2130 4329 2311 4397 i'atos,
2340 4329 2391 4386 id
2439 4335 2581 4403 quod
2611 4329 2927 4396 simpliciter
2974 4329 3344 4403 introductum
3381 4329 3595 4395 fuerat,
3637 4332 3699 4385 li-

2128 4414 2215 4459 cet
2245 4401 2521 4474 singulare
2547 4410 2603 4458 et
2626 4403 2694 4457 ab
2725 4404 2953 4456 aliarum
3016 4401 3383 4456 Ecclesiarum
3430 4418 3587 4474 more
3628 4404 3700 4455 di-

2130 4472 2365 4539 versum,
2402 4474 2453 4528 in
2483 4474 2938 4530 consuetudinem
2971 4474 3202 4526 vertisse
3230 4487 3292 4526 ac
3328 4472 3566 4538 posteris
3605 4474 3700 4526 ob-

2052 4531 2096 4586 Ῑ)
2127 4531 2453 4600 servandum
2482 4544 2787 4613 reliquisse.
2820 4541 3187 4613 Reprehendit
3230 4531 3397 4613 igitur
3442 4543 3566 4597 illos
3597 4546 3701 4598 Ire-

2124 4632 2289 4680 naeus,
2316 4617 2458 4685 quod
2489 4611 2639 4686 παρᾶ
2670 4614 2731 4667 τὸ
2756 4612 2988 4684 ἀκριϐές
3011 4613 3237 4683 egerint.
3262 4611 3368 4665 Est
3394 4613 3553 4686 enini
3589 4614 3703 4667 dili.

2121 4690 2299 4756 gentis
2336 4683 2615 4754 episc0pi,
2669 4683 2849 4739 videre
2890 4701 2956 4738 ne
2994 4686 3132 4756 quid
3171 4698 3370 4756 novum
3412 4686 3467 4756 iu
3513 4683 3701 4739 Eccle-

2122 4753 2261 4813 siam
2308 4753 2599 4811 inducatur
2664 4766 2864 4824 printer
2928 4755 3291 4824 reliquarumi
3331 4753 3699 4809 Ecclesiarum

2121 4829 2616 4884 consuetudinein.‘
2656 4823 2728 4879 Ita
2787 4826 3042 4879 Socrates
3083 4825 3227 4878 hunc
3276 4823 3467 4878 lreutei
3527 4823 3700 4878 locum

2123 4899 2332 4966 cepisse
2358 4897 2570 4951 videtur
2600 4900 2652 4950 iu
2684 4912 2802 4964 cap.
2828 4896 2900 4948 9.2
2946 4895 3043 4949 lib.
3081 4909 3130 4957 v,
3169 4894 3259 4947 ubi
3312 4907 3606 4964 postquam
3639 4896 3702 4949 de

2117 4968 2447 5037 jejuniorum
2485 4978 2542 5022 et
2572 4966 2944 5035 hujuscemodi
2985 4968 3181 5018 ritutun
3217 4966 3359 5032 apud
3395 4966 3580 5037 varias
3610 4966 3704 5020 Ec-

2123 5036 2317 5092 clesias
2347 5038 2714 5103 discrepantia
2736 5038 2947 5089 abunde
2963 5036 3245 5093 disseruit.
3272 5037 3343 5088 ita
3377 5036 3656 5090 concludit
3685 5054 3698 5089 :

2122 5111 2294 5164 Αἴτιοι
2325 5108 2454 5180 γὰρ,
2491 5108 2567 5171 ὡς
2598 5106 2872 5180 ἡγοῦμαι,
2905 5105 3007 5180 τῆς
3032 5103 3288 5175 τοιαύτης
3313 5105 3625 5180 ριαφωνίᾳς
3651 5107 3700 5180 οἱ

2123 5182 2266 5234 κατὰ
2315 5175 2504 5250 καιρὸν
2551 5175 2657 5250 τῶν
2705 5175 3041 5250 Ἐκκλησιῷν
3098 5176 3472 5250 προεστῶτες
3536 5179 3587 5250 oi
3645 5177 3701 5231 δὲ

2121 5251 2293 5305 ταῦτα
2326 5242 2765 5320 παραλαϐόντες.
2824 5242 2869 5316 ᾧ
2893 5242 3077 5318 ’νόμον
3137 5242 3249 5310 τοῖς
3295 5248 3701 5320 ἐπιγινομένοις

2124 5322 2504 5393 παρέγραψαν,

2197 5387 2347 5464 (δι’)’ν
2373 5387 2434 5447 Ἡ
2470 5390 2760 5464 διαφωνία
2801 5389 2911 5458 τῆς
2947 5390 3229 5464 νηστείας
3258 5387 3387 5464 ,τὴν
3416 5391 3703 5464 ὁμόνοιαν

2126 5459 2235 5533 τῆξ
2282 5463 2543 5527 πίστεως
2615 5462 2997 5533 συνίστησιν
3030 5461 3171 5513 Idem
3220 5459 3296 5511 ait
3362 5459 3597 5533 August.
3644 5462 3697 5533 iu

2126 5530 2288 5601 epist.
2318 5536 2406 5599 86,
2438 5539 2507 5587 ad
2539 5532 2868 5586 Casul'anum
2902 5547 2915 5582 :
2963 5531 3041 5601 Sit
3082 5546 3206 5598 ergo
3250 5545 3357 5583 una
3407 5530 3540 5597 ﬁdes
3588 5532 3701 5586 uui-

2126 5600 2287 5658 versa:
2312 5622 2431 5674 qua:
2471 5606 2659 5672 ubique
2676 5604 2937 5674 dilatatur
2966 5600 3235 5674 Ecclesiw,
3263 5610 3517 5674 tanquam
3554 5604 3696 5657 intus

2127 5676 2182 5729 in
2214 5672 2457 5728 membris
2478 5715 2493 5739 ,
2519 5674 2725 5728 etiamsi
2751 5675 2864 5741 ipsa
2894 5673 3017 5739 ﬁdei
3044 5672 3217 5724 unitas
3251 5672 3578 5738 quibusdam
3616 5674 3697 5726 dio

2126 5746 2291 5798 versis
2317 5746 2768 5797 observationibus
2790 5743 3113 5802 celebratur,
3145 5742 3334 5811 quibus
3362 5744 3516 5799 nullo
3542 5745 3692 5798 modo

2129 5818 2264 5887 quod
2285 5816 2337 5870 in
2357 5814 2461 5883 ﬁde
2487 5831 2662 5870 verum
2691 5825 2786 5878 est,
2817 5813 3115 5883 impeditur.
