3878 6520
473 398 578 455 507

1226 393 1496 451 EUSEBII
1533 393 2007 453 CESARIENSIS
2042 400 2192 457 OPP.
2234 399 2415 458 PARS
2449 401 2495 460 1.
2534 433 2604 444 -
2636 398 3032 457 HISTORICA.

3638 406 3739 463 508

475 520 848 575 Ecclesiarum
872 518 1210 590 presbyteris
1237 517 1330 587 qui
1353 516 1405 571 id
1428 516 1817 585 observabant,
1845 518 2051 574 Eucha-

2159 538 2350 586 σαντες
2382 521 2519 594 πρὸς
2546 521 2792 586 ἑαυτούς.
2821 521 2957 576 Οὔτε
2985 521 3094 593 γάρ
3120 523 3149 575 ὁ
3189 521 3468 594 Ἀνίκητος
3508 525 3598 578 τὸν
3635 527 3741 579 ﬂo-

477 611 685 667 ristiam
718 609 1158 666 transmiserunt.
1188 606 1393 661 Etcum
1422 606 1768 663 beatissimus
1797 607 2054 680 Polycar-

478 718 580 772 pus
607 702 818 757 Aniceti
843 698 1181 769 temporibus
1218 698 1445 753 Romam
1474 698 1740 764 venisset,
1771 710 1936 772 atque
1966 701 2052 755 in-

479 804 562 849 ter
582 793 703 847 illos
723 793 790 846 de
818 791 1139 861 quibusdam
1172 789 1294 844 aliis
1326 790 1485 845 rebus
1513 791 1726 845 modica
1751 801 1897 847 esset
1923 807 2053 846 can-

476 882 765 946 trovcrsia,
813 880 1001 937 statim
1048 888 1237 935 mutuo
1267 882 1417 951 pacis
1464 881 1655 937 osculo
1681 897 1741 937 se
1782 883 2052 953 complexi

476 984 625 1039 sunt,
649 973 717 1028 de
740 973 843 1027 hoc
869 972 1049 1042 capite
1076 988 1184 1027 non
1213 988 1543 1044 magnopere
1567 974 1714 1029 inter
1745 991 1805 1031 se
1827 986 2054 1032 conten-

475 1066 690 1121 dentes.
732 1064 919 1134 Neque
943 1064 1089 1119 enim
1113 1064 1375 1121 Anicetus
1397 1063 1699 1138 Polycarpo
1725 1070 2056 1138 persuadere

476 1172 715 1228 unquam
749 1165 963 1226 poterat
996 1166 1054 1210 ut
1081 1155 1378 1212 observare
1397 1158 1697 1227 desineret,
1735 1160 1935 1231 quippe
1961 1163 2052 1233 qui

475 1264 599 1306 cum
629 1247 838 1306 Joanne
871 1250 1083 1306 Domini
1139 1251 1312 1305 nostri
1345 1250 1635 1322 discipulo,
1666 1262 1722 1309 et
1749 1269 1874 1309 cum
1921 1255 2055 1309 reli-

475 1342 602 1414 quis
627 1342 888 1412 apostolis
927 1343 1252 1414 quibuscum
1294 1343 1637 1400 familiariter
1666 1345 1899 1413 vixerat,
1928 1361 2052 1401 eum

479 1453 688 1493 rnorem
720 1447 981 1508 perpetuo
1006 1438 1373 1492 observasset.
1412 1435 1598 1507 Neque
1628 1438 1756 1492 item
1794 1437 2053 1509 Polycar-

476 1542 579 1599 pus
604 1529 828 1583 Anicelo
856 1530 1183 1598 persuadere
1208 1540 1434 1583 conatus
1472 1537 1556 1582 est
1592 1541 1652 1583 ut
1684 1528 2003 1584 observaret
2036 1570 2051 1593 ,

474 1633 602 1672 cum
632 1618 891 1673 Anicetus
936 1631 1122 1671 eorum
1156 1617 1248 1687 qui
1279 1625 1408 1671 ante
1436 1630 1496 1670 se
1538 1613 1753 1679 fuerant
1786 1618 2058 1687 presbyte-

478 1723 665 1764 rorum
725 1722 930 1763 morem
966 1706 1067 1761 sibi
1120 1705 1466 1760 retinendum
1515 1719 1636 1761 esse
1672 1706 1896 1762 diceret.
1926 1706 2055 1773 Quae

472 1815 601 1857 eum
638 1801 712 1855 ita
744 1814 805 1855 se
836 1798 1125 1863 baberent,
1156 1799 1632 1853 communicarunt
1654 1798 1757 1853 sibi
1786 1798 2047 1853 invicem:

2155 614 2436 687 λύκαρπον
2461 616 2645 668 πεῖσαι
2676 614 2899 668 ἐδύνατο
2926 614 3000 686 μὴ
3027 616 3234 687 τηρεῖν,
3260 615 3355 670 ἅτε
3378 616 3516 687 μετὰ
3559 617 3741 672 Ἰωάν-

2156 723 2249 759 νου
2280 705 2373 759 τοῦ
2411 704 2655 778 μαθητοῦ
2688 706 2783 760 τοῦ
2824 707 3026 779 Κυρίου
3054 706 3235 780 ήμῶν,
3262 709 3359 763 καὶ
3394 708 3504 763 τῶν
3536 709 3740 766 λοιπῶν

2158 795 2475 850 ἀποστόλων
2486 791 2567 859 οἷς
2584 796 2972 869 συνδιέτριψεν,
3000 798 3087 852 ἀεὶ
3100 815 3230 870 τετη
3239 817 3303 872 ρη
3315 800 3470 865 κάτα,
3488 798 3611 856 οὔτε
3635 802 3741 873 μὴν

2155 888 2184 940 ό
2214 885 2569 958 Πολύκαρπος
2598 885 2690 940 τὸν
2734 886 3012 958 Ἀνίκητον
3044 888 3230 943 ἔπεισε
3273 894 3483 962 τηρεῖν,
3513 891 3739 962 λέγοντα

2154 975 2254 1045 τὴν
2289 976 2573 1048 συνήθειαν
2603 976 2712 1029 τῶν
2759 975 2861 1047 πρὸ
2886 975 3050 1031 αὑτοῦ
3089 978 3477 1052 πρεσϐυτέρων
3504 980 3738 1052 ὀφείλειν

2156 1067 2423 1137 κατέχειν.
2460 1066 2571 1120 Καὶ
2608 1065 2817 1121 τούτων
2853 1065 3025 1132 οὕτως
3067 1068 3320 1139 ἐχόντων,
3370 1070 3739 1143 ἐκοινώνησαν

2155 1159 2368 1223 ἑαυτοῖς
2384 1176 2398 1190 ο
2422 1159 2517 1213 καὶ
2541 1161 2597 1213 ἐν
2613 1161 2679 1230 τῇ
2719 1159 3015 1233 Ἐκκλησία
3036 1159 3430 1233 παρεχώρησεν
3451 1162 3481 1216 ὁ
3523 1162 3741 1237 ’Δνίκη-

2153 1266 2247 1313 τος
2274 1250 2373 1322 τὴν
2387 1249 2754 1322 Εὑχαριστίαν
2781 1249 2891 1322 (89)
2923 1250 2999 1322 τῷ
3019 1250 3388 1323 Πολυκάρπῳ,
3418 1254 3538 1306 κατ’
3558 1254 3742 1325 ἐντρο-

2157 1341 2265 1412 πὴν
2296 1341 2560 1411 δηλονότι,
2593 1341 2688 1396 καὶ
2728 1341 2846 1414 μετ’
2880 1344 3101 1415 εἰρήνης
3146 1343 3241 1397 ἀπ’
3287 1343 3532 1415 ἀλλήλων
3565 1342 3740 1414 ἀπηλ-

2155 1431 2421 1503 λάγησαν,
2475 1431 2655 1502 πάσης
2699 1432 2798 1503 τῆς
2853 1432 3184 1503 Ἐκκλησίας
3231 1435 3456 1505 εἰρήνην
3500 1433 3741 1504 ἐχόντων

2154 1524 2263 1577 τῶν
2298 1523 2609 1596 τηρούντων
2636 1524 2729 1578 καὶ
2766 1524 2839 1595 μὴ
2868 1524 3197 1598 τηρούντων.
3232 1545 3251 1578 ι
3295 1526 3405 1579 Καὶ
3440 1528 3469 1580 ό
3508 1525 3610 1597 μὲν
3643 1526 3739 1581 El-

2159 1616 2379 1687 ρηναῖος
2407 1613 2728 1688 φερώνυμός
2759 1632 2842 1680 τις
2877 1614 2953 1670 ὢν
2994 1619 3060 1689 τῇ
3098 1617 3463 1691 προσηγορία,
3495 1618 3648 1691 αὐτῷ
3680 1635 3740 1673 τε

2155 1709 2236 1781 τῷ
2262 1709 2447 1781 τρόπῳ
2462 1710 2820 1784 είρηνοποιὺς,
2846 1709 3068 1765 τοιαῦτα
3087 1712 3225 1786 ὑπὲρ
3241 1714 3339 1784 τῆς
3362 1712 3471 1767 τῶν
3506 1711 3742 1785 Ἐκκληο

2159 1794 2290 1849 σιῶν
2332 1798 2554 1868 εἰρήνης
2599 1797 2902 1868 παρεκάλει
2933 1816 2993 1852 τε
3041 1800 3134 1855 καὶ
3178 1800 3530 1875 ἐπρέσϐευεν.
3578 1803 3639 1857 '0
3694 1802 3740 1856 δ’

485 1901 543 1946 ει
568 1890 829 1945 Anicetus
876 1890 930 1945 in
965 1890 1209 1946 Ecclesia
1263 1890 1619 1945 consecrandi
1668 1904 1865 1943 munus
1901 1889 2051 1961 Poly-

2162 1888 2327 1952 αὐτὸς
2373 1890 2435 1942 οὐ
2472 1888 2617 1960 μόνῳ
2649 1888 2729 1943 τῶ
2772 1890 3014 1963 Βίκτορι,
3050 1892 3146 1947 καὶ
3170 1894 3449 1967 διαφεροις
3485 1893 3543 1949 δὲ
3584 1894 3742 1950 πλεί-

477 1999 645 2053 carpo
677 1983 903 2039 honoris
955 1998 1119 2039 causa
1178 1982 1497 2038 concessit:
1556 1979 1882 2050 tandemque
1932 1995 2056 2036 cum

478 2088 613 2144 pace
641 2090 672 2129 a
703 2089 761 2130 se
799 2074 1029 2128 invicem
1053 2075 1426 2129 discesserunt
1452 2090 1465 2127 :
1505 2080 1613 2126 tam
1656 2072 1722 2127 iis
1748 2072 1840 2142 qui
1869 2072 2059 2127 obser-

2161 1998 2310 2044 στοις
2333 1981 2593 2054 ἄρχουσιν
2608 1981 2963 2055 Ἐκκλησιῶν,
2992 1983 3063 2037 τά
3094 1984 3406 2058 κατάλληλα
3422 1985 3491 2039 δι’
3518 1987 3743 2039 ἐπιστο·

2156 2071 2264 2128 λῶν
2294 2074 2423 2146 περὶ
2451 2074 2546 2128 τοῦ
2589 2076 2948 2148 κεκινημένου
2987 2078 3297 2149 ζητήματος
3326 2076 3542 2149 ὡμίλει.

478 2164 701 2230 vabant,
765 2180 929 2236 quam
967 2166 1071 2221 illis
1128 2167 1218 2236 qui
1256 2166 1480 2220 minime
1514 2165 1905 2231 observabant,
1936 2178 2121 2234 pacem
2160 2169 2708 2235 communionemque
2762 2170 2929 2225 totius
2975 2169 3232 2226 Ecclesia:
3289 2171 3677 2226 retinentibus.
3715 2190 3736 2224 ι

477 2258 559 2315 Ac
587 2256 824 2313 Irenrens
855 2257 1070 2327 quidem
1102 2256 1308 2311 nomini
1367 2272 1467 2311 suo
1520 2271 1649 2312 vere
1686 2256 2023 2325 respondens
2049 2295 2065 2322 ,
2105 2269 2205 2310 nec
2240 2257 2356 2312 solo
2386 2259 2626 2326 nomine,
2687 2260 2782 2314 sed
2811 2259 2977 2313 etiam
3012 2259 3139 2314 vita:
3172 2260 3419 2315 instituto
3450 2274 3515 2314 ac
3540 2274 3744 2330 prope.

477 2350 585 2407 sito
616 2350 895 2421 paciﬁcus,
939 2366 1037 2422 pro
1069 2351 1428 2406 Ecclesiarum
1489 2366 1624 2421 pace
1650 2351 1766 2406 lucc
1799 2351 2008 2405 monuit
2069 2360 2124 2407 et.
2161 2352 2437 2419 allegavit.
2477 2353 2587 2409 Nec
2616 2364 2745 2409 Vero
2773 2355 2840 2409 ad
2885 2354 3045 2428 194
3092 2353 3362 2410 Victorem
3411 2355 3609 2422 solum,
3645 2357 3743 2412 sed

473 2442 545 2497 ad
583 2441 782 2498 multos
816 2441 954 2496 alios
985 2440 1346 2495 Ecclesiarum
1367 2441 1639 2497 antistites
1662 2441 1729 2497 de
1751 2442 2050 2512 quaestione
2087 2443 2371 2514 proposita
2400 2442 2610 2499 litteras
2636 2443 2688 2499 in
2716 2445 2961 2500 eamdem
2988 2446 3314 2501 sententiam
3343 2446 3510 2502 misit.

1042 2536 1269 2592 CAPUT
1310 2535 1475 2595 XXV.

479 2628 758 2698 Quomodo
780 2631 954 2685 cuncti
1003 2630 1059 2683 in
1090 2646 1247 2681 unum
1277 2630 1593 2709 sententiam
1628 2628 1692 2683 de
1716 2630 1801 2683 die
1829 2627 2049 2685 Pasclue

1078 2707 1432 2753 convenerint.

551 2794 803 2864 Episc0pi
834 2808 968 2849 vero
993 2790 1290 2851 Palaestina
1312 2806 1449 2863 quos
1480 2790 1638 2861 paulo
1663 2807 1825 2863 supra
1848 2806 2046 2847 memo-

479 2886 745 2950 ravimus,
772 2883 1061 2940 Narcissus
1105 2885 1316 2940 scilicet
1345 2894 1399 2939 et
1428 2883 1762 2953 Theophilus
1790 2923 1806 2949 ,
1837 2895 1892 2939 et
1924 2901 2045 2939 cum

479 2976 587 3033 illis
609 2975 830 3031 Cassius
858 2975 1012 3048 Tyri,
1035 2985 1090 3032 et
1112 2976 1304 3031 Clarus
1339 2976 1687 3032 Ptolemaidis
1703 2977 1968 3047 episcopi,
1994 2988 2050 3032 et

474 3069 571 3140 qui
605 3070 764 3124 simul
795 3085 917 3125 cum
945 3069 1078 3138 ipsis
1101 3080 1492 3135 convenerant,
1520 3079 1810 3142 postquam
1835 3071 1900 3124 de
1937 3080 2048 3125 tra-

475 3161 685 3217 ditione
716 3159 820 3216 diei
854 3161 1156 3227 Paschalis,
1184 3177 1304 3232 qure
1332 3161 1443 3232 jam
1499 3162 1625 3218 inde
1676 3162 1745 3217 ab
1781 3163 2050 3233 apostolis

2657 2540 3053 2594 ΚΕΦᾹΛΑΙΟΝ
3095 2542 3221 2596 ΚΕ’.

2161 2633 2360 2701 Ὅπως
2381 2632 2503 2700 τοῖς
2525 2631 2676 2688 πᾶσι
2701 2634 2811 2706 μία
2828 2632 3035 2706 ψῆφος
3065 2634 3198 2706 ,περὶ
3224 2632 3329 2689 τοῦ
3358 2633 3576 2706 Πάσχα
3588 2653 3743 2691 συν-

2540 2703 2813 2773 εφωνήθη
2839 2702 3058 2777 (Nich.
3086 2702 3152 2760 E.
3191 2721 3264 2772 tv,
3299 2705 3413 2776 56).

2223 2796 2291 2850 υἶ
2314 2813 2378 2866 γε
2406 2797 2513 2869 μὴν
2537 2796 2630 2848 ἐπὶ
2663 2796 3026 2868 Παλαιστίνης
3065 2796 3157 2861 οὓς
3191 2798 3395 2871 ἀρτίως
3423 2797 3741 2871 διεληλύθα-

2159 2905 2279 2960 μεν,
2316 2889 2347 2942 ὃ
2375 2906 2436 2942 τε
2473 2889 2786 2961 Νάρκισσος
2823 2889 2916 2943 καὶ
2960 2889 3237 2958 Θεόφιλος,
3285 2890 3382 2943 καὶ
3425 2891 3523 2944 σὺν
3554 2890 3741 2955 αὐτοῖς

2156 2980 2397 3045 Κάσσιος
2420 2980 2521 3051 τῆς
2548 2980 2692 3034 κατὰ
2719 2980 2895 3053 Τύρον
2938 2980 3261 3052 Ἐκκλησίας
3289 2979 3605 3045 ἐπίσκοπος,
3643 2984 3741 3035 καὶ

2156 3072 2372 3145 Κλάρος
2398 3073 2496 3144 τῆς
2522 3074 2580 3126 ἐν
2612 3073 2959 3145 Πτολεμαΐδι,
2987 3074 3040 3126 οῖ
3078 3089 3136 3126 τε
3174 3072 3318 3127 κατὰ
3345 3073 3555 3127 τούτων
3607 3091 3738 3127 συν-

2156 3162 2472 3235 εληλυθότες
2506 3164 2751 3237 περὶτῆς
2782 3163 3143 3234 κατελθούσης
3182 3167 3262 3228 είς
3293 3165 3494 3229 αὐτοὺς
3524 3167 3587 3219 ἐκ
3617 3165 3739 3219 δια-

478 3256 547 3310 ad
573 3255 720 3325 ipsos
743 3256 1002 3310 continua
1032 3255 1379 3311 successione
1427 3265 1765 3319 manaverat,
1796 3256 1961 3313 multa
1994 3257 2046 3311 in

2159 3254 2323 3326 δοχῆς
2362 3255 2471 3308 τῶν
2517 3254 2829 3309 ἀποστόλων
2866 3254 3114 3328 περὶτοῦ
3150 3256 3341 3327 Πάσχα
3387 3256 3741 3329 παραδόσεως

475 3346 592 3400 suis
618 3346 816 3401 litteris
840 3347 1237 3410 disseruerunt,
1276 3345 1491 3400 tandem
1513 3346 1580 3401 ad
1610 3346 1774 3401 finem
1806 3346 2051 3417 epistolae

477 3436 567 3495 bis
596 3448 824 3493 utuntur
853 3439 1037 3494 verbis
1066 3457 1079 3493 :
1111 3456 1132 3490 ι
1170 3438 1302 3494 Date
1338 3454 1560 3508 operam
1600 3449 1659 3493 ut
1686 3438 1931 3509 epistola:
1956 3455 2051 3495 no-

479 3538 608 3586 atra:
636 3529 965 3599 exemplaria
992 3544 1089 3599 per
1114 3544 1305 3585 omnes
1334 3530 1609 3586 Ecclesias
1642 3530 1950 3594 mittantur,
1980 3546 2048 3586 ne

478 3619 642 3673 nobis
670 3618 875 3673 crimen
903 3621 1169 3688 imputent
1197 3618 1289 3688 qui
1322 3619 1533 3674 animas
1562 3633 1689 3673 suas
1727 3633 1758 3673 a
1790 3628 1938 3674 recto
1959 3635 2052 3675 ve-

480 3711 661 3768 ritatis
721 3713 936 3767 tramite
982 3710 1141 3766 facile
1197 3711 1498 3766 abducunt.
1537 3710 1668 3765 Illud
1699 3711 1864 3765 etiam
1899 3712 2053 3766 vobis

480 3803 895 3875 significamus,
952 3806 1145 3859 eodem
1209 3820 1317 3874 quo
1356 3803 1498 3874 apud
1550 3818 1648 3858 nos
1701 3800 1789 3857 die
1843 3800 2050 3858 Pascha

481 3897 831 3954 Alexandria:
853 3896 1138 3953 celebrari.
1172 3897 1216 3950 Α
1247 3897 1405 3953 nobis
1435 3895 1579 3950 enim
1614 3895 1682 3950 ad
1718 3894 1859 3961 illos,
1889 3905 1945 3950 et
1969 3895 2051 3950 vi-

481 4088 537 4145 ld
570 4101 677 4142 non
709 4084 860 4151 dicit,
886 4083 992 4140 nisi
1017 4083 1154 4138 forte
1181 4098 1248 4137 ex
1279 4083 1527 4153 versione
1553 4082 2050 4153 Christcpltorsoni.

480 4158 595 4214 Hoc
618 4165 825 4211 tantum
880 4158 955 4209 ait
1007 4154 1257 4226 lreuaaus,
1288 4169 1410 4208 cunt
1460 4152 1792 4226 Polycarpus
1826 4156 2051 4209 Romam

480 4228 719 4283 venisset
754 4227 964 4281 Aniceti
1000 4225 1352 4293 temporibus,
1370 4235 1423 4277 et
1460 4222 1603 4279 leves
1640 4227 1899 4293 quasdam
1931 4243 2050 4278 rum

479 4298 573 4354 illo
610 4299 678 4353 de
718 4297 839 4351 aliis
882 4295 1047 4349 rebus
1096 4294 1496 4349 controversias
1532 4295 1825 4355 habuisset.
1860 4298 2055 4349 ambos

481 4378 662 4425 tamen
692 4368 836 4423 illico
866 4380 1051 4435 pacem
1082 4365 1223 4419 inter
1246 4380 1304 4419 se
1345 4363 1561 4429 fecisse,
1594 4364 1749 4435 aede
1778 4364 1918 4419 festo
1951 4365 2053 4419 Pa-

479 4443 627 4495 scha!
680 4432 920 4492 noluisse
952 4436 1095 4489 inter
1134 4449 1192 4489 se
1237 4435 1590 4490 contendere.
1624 4432 1742 4488 Non
1793 4436 1957 4504 igitur
1980 4439 2052 4490 ub

478 4509 829 4595 ανατεείριιριιι
859 4504 1485 4595 διεπίεξιειῗεξςὲθῗτξεεα
1515 4505 2051 4595 εἰῑέἐὶτιξειξιεεέὲειεη
2084 4537 2129 4595 υ

479 4574 880 4634 controversias
926 4576 1442 4647 Botuant_venerat
1515 4574 1891 4647 Polycarpus.
1925 4576 2052 4631 Scio

479 4647 868 4716 Hieronymum
900 4648 952 4700 in
984 4645 1119 4699 libro
1158 4645 1235 4716 De
1260 4649 1439 4715 script.
1484 4644 1640 4707 εδει..
1680 4644 1896 4716 Baronii
1926 4663 2049 4700 sen-

480 4714 705 4774 tentiam
754 4720 1105 4787 conﬁrmare.
1150 4715 1243 4771 Sic
1297 4714 1439 4770 enim
1480 4716 1557 4787 ait
1592 4717 1659 4770 de
1710 4714 2049 4787 l’olycarpo:

480 4787 588 4844 Hic
614 4800 825 4860 propter
864 4784 1132 4860 quasdam
1153 4801 1311 4860 super
1347 4788 1439 4860 die
1492 4784 1709 4841 Pasclue
1737 4784 2052 4860 τιυὶιυδιὶυιιεε

480 4860 576 4915 sub
608 4853 733 4928 imp.
764 4853 1034 4928 Antonino
1066 4854 1189 4918 Pio,
1218 4853 1522 4928 Ecclesium
1575 4853 1780 4928 regente
1812 4858 2052 4923 Anicato,

482 4926 705 4983 Romani
730 4931 884 4985 venit.
926 4927 1002 4980 lta
1039 4928 1200 4981 etiam
1234 4926 1502 4983 Eusebius
1531 4937 1719 4981 noster
1755 4927 1806 4981 in
1840 4928 1937 4981 lib.
1973 4941 2048 4990 tv,

482 5014 602 5068 cap.
639 4999 694 5053 4.
740 5000 847 5054 Sed
894 5012 1017 5052 cum
1054 4997 1416 5068 Hieronymus
1450 4996 1502 5049 id
1536 5011 1603 5050 ex
1647 4996 1875 5068 Eusebio
1899 5013 2050 5050 smn-

478 5065 692 5139 pserit,
732 5069 995 5123 Eusebius
1045 5080 1227 5139 autem
1262 5065 1361 5139 ex
1393 5065 1631 5139 lrettato,
1671 5067 2049 5139 inquirendum

478 5137 562 5197 est
600 5153 630 5193 a
662 5138 846 5199 nobis.
875 5153 979 5191 non
1014 5137 1143 5204 quid
1169 5137 1433 5193 Eusebius
1459 5137 1659 5191 dixerit
1692 5153 1755 5192 ac
1786 5137 2053 5208 Hierony-

478 5224 620 5274 mus.
652 5211 744 5265 sed
773 5209 951 5277 potius
989 5209 1117 5276 quid
1156 5208 1386 5263 senserit
1415 5208 1670 5261 Irentcus.

546 5280 660 5352 (89)
698 5276 1128 5352 ῌιιρεχώρησεν
1176 5281 1211 5332 ό
1272 5279 1571 5352 Ἀνίκητος
1633 5276 1752 5352 τὴν
1773 5279 2051 5352 -Εὐχαρι-

478 5347 678 5406 ortas}.
708 5347 864 5405 llu’nc
911 5352 1169 5404 honorem
1198 5351 1457 5403 Anicetus
1501 5349 1739 5417 pontifex
1773 5347 2051 5402 Romanus

480 5422 671 5477 habuit
701 5420 997 5476 venerabili
1029 5421 1144 5475 seni
1169 5419 1487 5490 Polycarpo,
1529 5429 1585 5470 nt
1609 5420 1758 5472 illtnn
1788 5422 1839 5471 in
1864 5418 2052 5471 Eccle-

477 5490 560 5544 sia
600 5507 753 5547 sacra
804 5493 985 5545 facere
1026 5493 1247 5550 sineret,
1273 5499 1324 5544 et
1391 5491 1607 5559 quidem
1656 5498 1923 5558 praesente
1964 5502 2046 5553 se,

479 5563 624 5631 quod
656 5563 711 5616 in
735 5564 927 5631 primis
972 5564 1266 5616 notandum
1294 5558 1419 5613 est.
1446 5561 1536 5614 Sic
1579 5558 1768 5631 irentei
1794 5562 1959 5631 verba
1993 5569 2050 5612 et

483 5627 711 5686 ltullnus
735 5627 793 5687 et
815 5633 994 5686 ueteri
1016 5634 1341 5700 interpretes
1369 5638 1712 5698 acceperunt.
1737 5627 1842 5683 Sed
1874 5627 2048 5682 Fran-

480 5703 658 5755 ciscus
676 5701 923 5769 Florens,
942 5699 1252 5757 antecesSor
1282 5699 1709 5761 Aurelianensis,
1726 5702 1806 5752 vir
1832 5701 2045 5763 doctus,

480 5780 532 5839 et
560 5771 718 5825 nobis
749 5773 875 5825 dum
905 5774 1041 5839 vixit
1064 5771 1464 5833 amicissimus,
1506 5770 1620 5824 hcc
1652 5769 1834 5823 lrenmi
1880 5775 2047 5824 verba

481 5838 641 5896 aliter
664 5840 1003 5912 intelligenda
1031 5856 1153 5898 esse
1195 5842 1472 5898 contendit
1498 5840 1552 5896 in
1599 5848 1833 5897 tractatu
1861 5843 1928 5896 ad
1975 5842 2045 5895 ti-

2155 3345 2380 3400 πλεῖστα
2410 3345 2761 3417 διειληφότες,
2803 3347 2947 3400 κατὰ
2972 3348 3032 3401 τὸ
3061 3347 3210 3413 τέλος
3253 3349 3354 3420 τῆς
3383 3348 3606 3422 γραφῆς
3636 3351 3740 3403 αὐ-

2155 3436 2266 3497 τοῖς
2294 3435 2531 3505 ῥήμασιν
2563 3435 2868 3505 ἐπιλέγουσι
2912 3435 3117 3490 ταῦτα*
3156 3456 3174 3487 ι
3217 3438 3329 3508 Τῆς
3359 3437 3406 3491 δ’
3449 3440 3741 3511 ἐπιστολῆς

2155 3526 2313 3596 ἡμῶν
2341 3525 2636 3599 πειράθητε
2670 3527 2811 3581 κατὰ
2844 3530 3024 3582 πᾶσαν
3069 3529 3398 3601 Ἐκκλησίαν
3425 3532 3743 3602 ἀντίγραφα

2155 3617 2583 3689 διαπέμψασθαι,
2636 3621 2783 3685 ὅπως
2837 3622 2912 3693 μὴ
2965 3621 3137 3694 ἔνοχοι
3179 3616 3329 3693 ὦμεν
3375 3626 3491 3685 τοῖς
3540 3625 3743 3696 ῥᾳδίως

2159 3709 2435 3763 πλανὼσιν
2474 3710 2683 3765 ἑαυτῶν
2716 3712 2813 3776 τὰς
2849 3714 3048 3784 ψυχάς.
3079 3714 3361 3787 Δηλοῦμεν
3401 3717 3459 3771 δὲ
3499 3718 3629 3788 ὑμῖν
3656 3719 3741 3772 ὅτι

2157 3806 2224 3875 τῇ
2257 3803 2393 3874 αὐτῇ
2426 3804 2609 3875 ἡμέρᾳ
2643 3806 2737 3858 καὶ
2777 3806 2835 3858 ἐν
2881 3806 3251 3880 Ἀλεξανδρείᾳ
3295 3807 3545 3877 ἄγουσιν,
3590 3805 3740 3884 ᾗπερ

2159 3895 2254 3950 καὶ
2282 3896 2461 3967 ἡμεῖς.
2493 3895 2629 3967 Παρ’
2684 3896 2839 3968 ἡμῶν
2868 3896 2977 3969 γὰρ
3007 3896 3076 3950 τὰ
3111 3899 3417 3970 γράμματα
3444 3900 3556 3970 (90)
3581 3902 3742 3975 κομί-

2159 4082 2327 4137 tulum
2359 4082 2391 4136 7
2422 4079 2782 4136 Decretalium
2816 4081 2892 4134 De
2928 4081 3276 4135 translatione
3319 4081 3570 4148 episcopi.
3610 4081 3738 4137 Vult

2156 4154 2299 4207 enim
2350 4153 2635 4208 Anicetum
2683 4153 2993 4221 porrexisse
3036 4153 3299 4205 duntaxat
3331 4151 3735 4221 Eucltaristiam

2156 4223 2478 4293 l‘olycarpo,
2513 4237 2618 4293 non
2683 4219 2864 4293 autem
2927 4222 3264 4277 conceSsisse
3302 4221 3377 4275 illi
3420 4219 3523 4293 jus
3556 4236 3736 4293 sacra

2156 4291 2413 4365 mysteria
2449 4291 3023 4365 celebrandi.‘\lerum
3061 4293 3105 4347 si
3147 4293 3301 4365 ltunc
3336 4291 3526 4365 Ireuaci
3554 4292 3737 4365 locum

2155 4360 2229 4418 ita
2264 4363 2635 4429 intelligimus,
2665 4362 2796 4433 quid
2829 4362 3057 4417 honoris
3094 4361 3356 4415 tributum
3380 4360 3543 4433 lucrit
3571 4360 3736 4433 Poly-

2154 4448 2317 4502 Carpo
2342 4436 2409 4488 ab
2433 4433 2661 4486 Auieeto
2684 4434 2708 4486 ?
2731 4431 2843 4502 Huc
2869 4434 3013 4486 enim
3062 4434 3263 4486 diserte
3298 4430 3733 4502 notatlrenmu's,

2159 4499 2272 4557 tum
2310 4503 2401 4557 illo
2437 4503 2602 4575 verbo
2632 4499 3016 4575 παρεχώρησε,
3044 4504 3185 4572 quod
3213 4504 3281 4575 de
3322 4516 3421 4555 suo
3446 4500 3570 4569 jure
3600 4518 3739 4575 con-

2156 4576 2351 4628 cedere
2416 4574 2680 4640 significat
2718 4573 2741 4638 ῆς
2789 4585 2900 4626 ιιιιιι
2949 4574 3053 4627 illis
3114 4573 3297 4627 verbis
3359 4586 3483 4641 quae
3542 4573 3734 4638 addit,

2154 4645 2275 4698 κατ’
2302 4643 2569 4715 ἐντροπὴν
2599 4642 3078 4715 δηλονότιηιιιίεει,
3102 4644 3318 4715 honoris
3335 4658 3510 4715 cause
3531 4653 3581 4697 et
3609 4660 3737 4697 cou-

2155 4712 2807 4785 templauone,’ut_vertit
2864 4713 3111 4768 Rufinus.
3150 4714 3334 4785 rCerte
3383 4715 3428 4766 si
3470 4712 3738 4769 Euchari-

2153 4782 2311 4839 stiam
2353 4795 2560 4838 tantum
2609 4782 2905 4855 Polycarpo
2943 4784 3277 4854 porrexisset
3295 4784 3577 4848 Anicetus,
3613 4785 3737 4838 nol-

2155 4855 2261 4909 lum
2284 4857 2332 4909 ei
2365 4855 2689 4924 pt'mcipntnn
2709 4858 2966 4909 honorent
2990 4855 3292 4918 detulisset,
3323 4869 3444 4908 eum
3467 4856 3723 4924 nnrnibns

2153 4922 2453 4994 peregrinis
2509 4927 2777 4994 episcopis
2836 4926 2887 4979 id
2949 4925 3150 4994 passim
3193 4924 3358 4977 tribui
3405 4922 3630 4987 soleret,
3674 4938 3729 4979 ιιι

2153 4992 2574 5064 δυιη-θρίεςορὸ
2638 4992 2880 5049 είνὶιειιὶε
2950 4992 3149 5046 ἐὶιιιιιι
3216 4996 3777 5056 (ειιιιιιιιιιιίειιτειιι.ε

2152 5063 2602 5134 quemadmodum
2647 5066 2835 5119 scribit
2874 5066 2988 5136 ipse
3014 5063 3240 5136 Florcns
3279 5064 3502 5118 ibidem.
3535 5067 3646 5120 Sed
3678 5077 3734 5119 et

2154 5137 2208 5189 in
2236 5136 2471 5191 concilio
2496 5135 2825 5199 Arelatensi,
2858 5135 3038 5206 capite
3082 5135 3171 5199 50,
3205 5136 3487 5206 decretum
3530 5146 3646 5201 est,
3674 5146 3734 5190 ut

2153 5207 2438 5276 peregrino
2462 5206 2718 5276 episcopo
2745 5206 2894 5276 locus
2912 5204 3262 5276 sacriﬁcandi
3299 5205 3479 5276 detur.

2223 5273 2336 5345 (90;
2376 5275 2529 5346 Vulg.
2559 5273 2880 5345 παρ’ἡμῶν
2894 5275 2962 5329 δὲ
2991 5275 3063 5329 τὰ
3093 5273 3420 5346 γράμματα.
3446 5273 3537 5346 Sic
3554 5288 3622 5346 ex
3640 5289 3732 5328 co-

2152 5348 2270 5402 dice
2299 5346 2465 5416 liegio
2481 5344 2647 5400 edidit
2673 5344 2810 5401 Rob.
2836 5344 3163 5411 Stephanus.
3190 5348 3244 5398 lu
3264 5347 3451 5416 codice
3472 5344 3732 5416 Medicam

2153 5413 2549 5491 Ιεείιιιιοξπαμ
2565 5416 2746 5491 ῂμῷν-
2783 5433 2843 5491 τε
2892 5416 2963 5469 τὰ
3006 5415 3345 5491 γράμματα..
3389 5413 3730 5491 Nicepltorus
3769 5423 3781 5481 ξ

2150 5483 2279 5542 νεῐο
2308 5488 2360 5541 in
2421 5483 2540 5556 cap.
2564 5483 2635 5542 5'6
2694 5487 2815 5541 libri
2860 5502 2914 5542 tv
2954 5483 3133 5549 habet,
3161 5483 3293 5557 παρ’
3322 5483 3482 5557 ἡμῶν
3508 5484 3633 5557 γὰρ
3660 5484 3729 5540 τὰ

2150 5559 2472 5631 γράμματα,
2490 5554 2672 5627 atque
2697 5559 2777 5631 ita
2803 5559 2977 5631 codex
3004 5554 3492 5631 5|az_arini_ts,1"uk.
3522 5554 3725 5631 ει

2149 5625 2525 5697 intelliguntur
2551 5625 2730 5684 autem
2762 5629 2848 5687 hic
2884 5630 3077 5682 littera:
3111 5627 3588 5696 Pascltales,quas
3609 5625 3729 5696 ἐορ-

2148 5700 2411 5763 ταστικάς
2437 5702 2723 5753 vocabant.
2750 5701 3014 5753 (la-terum
3048 5700 3164 5767 ejus
3189 5698 3381 5768 synodi
3419 5697 3726 5768 Caesarieuo

2148 5772 2224 5823 sis
2269 5783 2391 5825 acta
2436 5770 2683 5837 quaedam
2713 5778 2926 5825 exstant
2969 5765 3108 5837 apud
3157 5765 3353 5822 lienam
3381 5767 3434 5821 in
3468 5767 3611 5820 libre
3651 5765 3727 5819 De

2153 5841 2351 5897 carnali
2382 5840 2721 5910 equinoctie;
2753 5856 2873 5912 qtue
2904 5840 3032 5896 licet
3070 5856 3101 5895 a
3140 5838 3408 5895 nonnullis
3439 5837 3723 5907 illegitima
