3878 6520
470 376 573 432 515

1207 371 1472 428 EUSEBII
1510 368 1982 426 CESABIENSIS
2017 369 2170 426 OPP.
2213 368 2388 426 PARS
2418 369 2462 426 l.
2499 399 2570 412 -
2608 367 2996 427 HISTORICA.

3593 369 3711 426 516

467 490 648 546 festim
681 505 802 545 cum
849 488 1102 561 lacrymis
1131 489 1199 542 ad
1247 489 1413 558 pedes
1459 488 1752 560 Zephyriui
1799 489 2032 559 episcopi

2146 488 2362 552 Τούτοις
2404 487 2828 559 ἐπισυνάψωμεν
2866 485 2960 541 καὶ
3001 483 3164 548 ἄλλας
3209 481 3338 556 περὶ
3370 480 3480 537 τῶν
3526 481 3710 536 αὐτῶν

467 598 590 640 sese
618 580 906 651 abiecerit,
928 596 1032 636 non
1060 581 1234 636 solum
1259 582 1392 638 cieri
1416 621 1432 648 ,
1458 596 1646 637 verum
1681 583 1842 636 etiam
1868 597 2034 637 saecu-

467 676 664 731 larium
697 675 944 746 vestigiis
975 672 1290 741 advolutus;
1332 683 1389 731 et
1438 673 1640 729 Christi
1672 674 2037 731 misericordis

468 767 770 824 Ecclesium
805 769 982 839 ipsam
1006 783 1220 837 quoque
1253 767 1658 823 misericordem
1692 767 1906 822 ﬂetibus
1926 770 2036 824 suis

467 859 824 915 commoverit
864 869 1027 928 atque
1061 860 1425 915 concusserit.
1472 859 1760 931 Multisque
1785 860 2038 930 precibus

468 966 597 1006 usus
621 991 636 1017 ,
667 952 904 1006 ostensis
927 951 1091 1005 etiam
1125 951 1396 1007 vibicibus
1450 952 1728 1024 plagarum
1779 968 1913 1021 quas
1939 967 2038 1023 pro

469 1045 669 1100 Christi
701 1044 1042 1099 confessione
1084 1043 1403 1113 pertulerat,
1427 1044 1514 1098 vix
1547 1046 1762 1100 tandem
1795 1047 1862 1100 ad
1889 1061 2038 1100 com-

470 1139 781 1193 munionem
817 1139 1087 1192 admissus
1103 1147 1206 1192 est.
1239 1156 1259 1191 ›
1301 1136 1398 1192 His
1433 1135 1752 1206 adiiciemus
1778 1137 1881 1193 alia
1903 1154 2038 1208 quo-

467 1245 574 1299 que
596 1229 835 1298 ejusdem
871 1229 1158 1298 scriptoris
1195 1229 1263 1283 de
1304 1228 1496 1283 iisdem
1527 1229 1796 1285 liaareticis
1826 1230 1989 1284 verba
2017 1269 2033 1295 ,

468 1339 586 1392 quae
618 1323 699 1378 sic
733 1322 939 1377 habent
971 1340 984 1377 :
1022 1340 1042 1374 ι
1085 1320 1284 1377 Sacras
1326 1322 1543 1392 quidem
1568 1360 1586 1386 ,
1621 1321 1838 1392 inquit,
1891 1321 2041 1378 Scri-

468 1424 654 1481 pturas
705 1414 962 1468 audacter
995 1412 1437 1467 adulteraverunt
1467 1431 1480 1466 :
1516 1412 1808 1483 pritnitivte
1855 1423 2036 1469 autem

469 1506 590 1561 ﬁdei
625 1505 862 1576 regulam
895 1505 1201 1574 reiecerunt
1232 1520 1246 1556 :
1281 1503 1557 1560 Christum
1591 1506 1766 1575 ipsim
1807 1504 2038 1575 denique

468 1597 898 1668 ignoraverunt:
936 1613 1041 1652 non
1074 1598 1418 1666 inquirentes
1443 1597 1572 1667 quid
1612 1612 1780 1652 sacra:
1810 1598 2038 1653 doceant

467 1689 764 1760 Scriptum
789 1707 805 1754 ;
835 1691 930 1746 sed
959 1690 1261 1758 cuiusmodi
1299 1689 1738 1762 syllogismorum
1772 1690 1941 1763 ﬁgura
1970 1692 2038 1746 ad

466 1783 894 1837 conﬁrmandam
932 1783 1264 1853 impietatem
1293 1799 1446 1838 suam
1469 1783 1792 1852 reperiatur,
1818 1785 2038 1840 assidue

2136 580 2229 634 τοῦ
2272 580 2436 634 αὐτοῦ
2485 581 2844 653 συγγραφέως
2883 577 3087 648 φωνὰς,
3119 575 3305 630 τοῦτον
3349 575 3577 647 ἐχούσας
3617 576 3712 629 τὸν

2138 674 2354 747 τρόπον·
2379 692 2397 725 ι
2424 673 2645 745 Γραφὰς
2676 673 2772 744 μὲν
2795 672 2946 736 θείας
2962 670 3179 742 ἀφόϐως
3195 669 3710 742 ρερᾳδιουργήκασι,

2138 766 2371 829 πίστεως
2407 765 2464 819 δὲ
2497 765 2728 838 ἀρχαίας
2764 764 2966 819 κανόνα
3010 763 3328 834 ὴθετήκασι,
3375 761 3607 833 Χριστὸν
3651 761 3715 814 δὲ

2138 858 2490 929 ἠγνοήκασιν,
2520 858 2579 910 οὐ
2605 858 2656 910 τί
2685 857 2740 910 αἱ
2765 856 2904 910 θεῖαι
2930 855 3147 925 λέγουσι
3172 855 3383 927 Γραφαὶ
3401 853 3715 924 ζητοῦντες,

2137 951 2251 1004 ἀλλ’
2277 952 2458 1003 ὁποῖον
2487 951 2669 1022 σχῆμα
2691 948 3050 1020 συλλογισμοῦ
3077 949 3156 1012 εἰς
3177 949 3276 1018 τὴν
3299 947 3401 1018 τῆς
3420 945 3720 1018 ἀθεότητος

2139 1041 2333 1113 εὑρεθῇ
2376 1041 2654 1105 σύστασιν,
2687 1040 2985 1111 φιλοπόνως
3025 1039 3351 1102 ἀσκοῦντες·
3396 1037 3501 1091 κᾶν
3533 1038 3720 1100 αὐτοῖς

2139 1132 2393 1206 προτείνῃ
2418 1150 2502 1196 τις
2535 1132 2697 1205 ῥητὸν
2723 1131 2945 1204 Γραφῆς
2976 1131 3180 1200 θεῖκῆς,
3207 1126 3522 1195 ἐξετάζουσι
3554 1127 3718 1181 πότε-

2141 1243 2233 1296 ρον
2261 1225 2601 1296 συνημμένον
2629 1226 2662 1296 ἢ
2695 1223 3072 1294 διεζευγμένον
3104 1224 3180 1292 (5)
3219 1221 3442 1276 δύναται
3487 1221 3719 1291 ποιῆσαι

2141 1319 2323 1390 σχῆμα
2351 1317 2732 1389 συλλογισμοῦ.
2762 1315 3169 1378 Καταλιπόντες
3208 1314 3266 1368 δὲ
3304 1314 3404 1377 τὰς
3432 1314 3594 1382 ἁγίας
3616 1313 3718 1366 τοῦ

2138 1408 2273 1462 Θεοῦ
2302 1410 2541 1482 Γραφὰς,
2575 1410 2916 1482 γεωμετρίαν
2957 1405 3390 1477 ἐπιτηδεύουσιν,
3423 1407 3500 1470 ὡς
3539 1407 3604 1462 ἂν
3650 1409 3719 1460 ἐκ

2138 1501 2237 1572 τῆς
2269 1502 2374 1573 γῆς
2413 1502 2565 1566 ὄντες
2591 1503 2686 1556 καὶ
2717 1504 2815 1574 τῆς
2847 1504 2947 1574 γῆς
2980 1502 3286 1568 λαλοῦντες,
3319 1502 3416 1555 καὶ
3447 1501 3540 1553 τὸν
3569 1501 3718 1554 ἄνω-

2139 1592 2230 1645 θεν
2297 1595 2594 1666 ἐρχόμενον
2653 1594 2728 1666 (4)
2803 1594 3143 1663 ἀγνοοῦντες.
3219 1594 3521 1663 Εὐκλείδης
3584 1590 3720 1660 γοῦν

2139 1687 2291 1758 παρά
2335 1704 2478 1741 τισιν
2539 1688 2715 1741 αὐτῶν
2757 1688 3057 1758 φιλοπόνως
3095 1689 3515 1759 γεωμετρεῖται,
3571 1685 3719 1755 Ἀρι-

2142 1783 2392 1852 στοτέλης
2440 1783 2496 1835 δὲ
2557 1783 2651 1836 καὶ
2702 1782 3043 1854 Θεόφραστος
3109 1779 3505 1852 θαυμάζονται·
3546 1779 3584 1830 Γ
3587 1779 3722 1848 αληο

466 1875 817 1929 meditantes.
841 1873 992 1940 Quod
1022 1876 1066 1930 si
1103 1877 1227 1945 quis
1253 1876 1487 1944 aliquem
1507 1875 1702 1930 divina:
1737 1874 2035 1946 Scriptura:

2146 1873 2227 1936 νὸς
2297 1874 2406 1946 γὰρ
2471 1875 2602 1938 ἴσως
2663 1875 2767 1927 ὑπό
2824 1891 2984 1927 τινων
3037 1873 3130 1927 καὶ
3188 1874 3576 1942 προσκυνεῖται
3615 1871 3720 1939 (5).

466 1964 643 2018 locum
667 1965 750 2020 eis
785 1966 1047 2033 obiiciat,
1073 1968 1388 2024 examinant
1422 1975 1599 2021 utrum
1630 1982 1931 2023 connexum
1964 1983 2032 2023 an

467 2055 792 2124 disiunctum
825 2058 1118 2129 syllogismi
1153 2072 1324 2127 genus
1368 2071 1434 2111 ex
1483 2071 1550 2112 eo
1603 2058 1796 2112 conﬁci
1841 2059 2032 2127 possit.

467 2144 799 2216 Relictisque
843 2158 1007 2217 atque
1051 2148 1281 2218 abiectis
1329 2148 1503 2204 sacris
1553 2149 1648 2204 Dei
1695 2148 2032 2218 Scripturis,

467 2240 774 2308 geometria:
804 2242 1060 2304 student;
1109 2244 1307 2313 quippe
1348 2245 1440 2313 qni
1489 2252 1782 2297 terrestres
1831 2243 1941 2296 sint
1983 2252 2039 2298 et

467 2333 756 2398 loquantur
778 2340 1014 2398 terrena,
1033 2343 1088 2387 et
1114 2335 1260 2388 illum
1279 2336 1367 2404 qui
1392 2336 1459 2389 de
1488 2334 1626 2390 coelo
1647 2335 1860 2389 advenit
1885 2333 2038 2404 igno-

466 2430 611 2477 rent.
644 2423 882 2478 Euelidis
916 2425 1079 2493 igitur
1111 2425 1414 2481 Geometria
1451 2429 1590 2498 apud
1620 2426 1905 2481 nonnullos
1940 2442 2036 2480 eo-

468 2530 587 2568 rum
621 2518 858 2570 studiose
902 2517 1188 2573 excolitur.
1220 2520 1551 2577 Aristoteles
1583 2534 1714 2574 vero
1761 2527 1816 2574 et
1857 2517 2035 2573 Theo-

468 2608 721 2675 phrastus
753 2623 962 2663 summa
1011 2610 1373 2666 admiratione
1408 2611 1778 2679 suspiciuntur
1824 2627 1839 2663 :
1877 2609 2038 2666 Gale-

468 2715 567 2755 nus
607 2712 789 2756 autem
825 2718 854 2755 a
907 2703 1231 2772 quibusdam
1280 2703 1442 2757 etiam
1475 2704 1753 2758 adoratur.
1800 2701 2038 2757 Proinde

466 2792 602 2849 istos
632 2793 720 2862 qui
755 2793 1051 2847 inﬁdelium
1093 2795 1302 2850 artibus
1336 2810 1400 2848 ac
1445 2793 1746 2862 disciplinis
1772 2793 1840 2848 ad
1863 2793 2036 2848 stabi-

469 2883 700 2938 Iicndam
739 2885 960 2939 haeresis
997 2899 1109 2939 sum
1137 2886 1445 2954 opinionem
1478 2887 1798 2952 abutuntur,
1831 2894 1885 2940 et
1912 2885 2038 2940 sub-

468 2977 542 3030 tiii
569 2977 852 3046 impiorum
879 2977 1155 3031 hominum
1194 2979 1428 3033 versutia
1461 2979 1918 3049 simplicissimum
1954 2978 2037 3033 di-

467 3071 710 3123 vinarum
741 3069 1151 3140 Scripturarum
1180 3072 1492 3125 adulterant
1520 3074 1701 3135 ﬁdem,
1731 3070 2035 3124 remotissi’

2138 1964 2203 2019 Oi
2271 1966 2326 2018 δὲ
2384 1969 2501 2030 ταῖς
2555 1965 2662 2019 τῶν
2721 1965 2964 2019 ἀπίστων
3013 1966 3229 2035 τέχναις
3309 1965 3392 2028 εἰς
3452 1964 3554 2036 τὴν
3618 1962 3724 2033 τῆς

2137 2058 2399 2128 αἱρέσεως
2439 2057 2616 2112 αὐτῶν
2652 2056 2875 2126 γνώμην
2925 2057 3340 2129 ἀποχρώμενοι,
3373 2055 3468 2110 καὶ
3498 2058 3565 2126 τῇ
3607 2054 3722 2106 τῶν

2138 2151 2311 2205 ἀθέων
2347 2149 2649 2221 πανουργίᾳ
2680 2151 2776 2221 τὴν
2807 2149 2982 2220 ἁπλῆν
3016 2150 3120 2202 τῶν
3151 2149 3308 2201 θείων
3352 2149 3587 2219 Γραφῶν
3630 2149 3726 2201 πί-

2138 2261 2253 2296 στιν
2269 2241 2680 2314 καπηλεύοντες,
2694 2243 2774 2295 ὃτι
2795 2241 2927 2314 μηδὲ
2946 2243 3108 2310 ἐγγὺς
3131 2241 3365 2302 πίστεως
3387 2241 3635 2312 ὑπάρχου
3645 2259 3722 2304 σι,

2137 2333 2188 2385 τί
2211 2332 2290 2385 δεῖ
2311 2333 2404 2385 καὶ
2427 2331 2604 2400 λέγειν
2630 2347 2644 2395 ;
2675 2329 2770 2384 Διὰ
2795 2330 2953 2383 τοῦτο
2977 2333 3095 2392 ταῖς
3125 2327 3294 2391 θείαις
3317 2329 3562 2399 Γραφαῖς
3586 2328 3726 2396 ἀφό-

2137 2423 2246 2487 ϐως
2274 2423 2538 2477 ἐπέϐαλον
2568 2422 2668 2486 τὰς
2695 2425 2903 2493 χεῖρας,
2932 2422 3180 2490 λέγοντες
3219 2421 3388 2483 αὐτὰς
3411 2420 3726 2492 διωρθωκέ-

2137 2533 2244 2569 ναι.
2272 2517 2380 2568 Καὶ
2411 2517 2492 2568 ὅτι
2517 2514 2674 2567 τοῦτο
2705 2515 2778 2585 μὴ
2805 2513 3270 2585 καταψευδόμενος
3295 2513 3479 2568 αὐτῶν
3511 2511 3726 2581 λέγω,ό

2139 2606 2455 2677 βουλόμενος
2476 2605 2693 2659 δύναται
2717 2606 2924 2676 μαθεῖν.
2957 2607 3020 2660 Ei
3044 2606 3150 2676 γάρ
3170 2624 3253 2669 τις
3279 2605 3500 2676 θελήσει
3522 2622 3726 2674 συγκο-

2142 2699 2304 2769 μίσας
2343 2698 2521 2753 αὐτῶν
2555 2701 2784 2754 ἐκάττου
2827 2699 2893 2752 τὰ
2927 2699 3230 2771 ἀντίγραφα
3262 2698 3542 2766 ἐξετάζειν
3582 2701 3726 2771 πρὸς

2137 2791 2358 2862 ἄλληλα,
2379 2792 2521 2844 κατὰ
2535 2792 2670 2844 πολὺ
2693 2793 2758 2845 ἂν
2771 2791 2919 2864 εὖροι
2941 2792 3329 2861 διαφωνοῦντα.
3345 2812 3362 2844 ι
3385 2792 3516 2846 Ἀσύ
3526 2810 3726 2863 μφωνα

2137 2882 2266 2952 γοῦν
2296 2882 2448 2936 ἔσται
2491 2882 2562 2936 τὰ
2600 2882 2994 2954 Ἀσκληπιάδου
3024 2883 3097 2954 (6)
3136 2886 3248 2946 τοῖς
3275 2884 3555 2937 Θεοδότου.
3587 2884 3726 2937 Πολ-ι
3829 2923 3832 2926 .

2137 2973 2244 3030 λῶν
2264 2975 2321 3029 δέ
2340 2977 2487 3029 ἐστιν
2503 2977 2824 3048 εὐπορῆσαι,
2839 2977 2926 3030 διὰ
2949 2977 3010 3030 τὸ
3030 2977 3326 3048 φιλοτίμως
3345 2977 3724 3048 ἐγγεγράφθαι

2138 3070 2264 3134 τοὺς
2295 3068 2542 3142 μαθητὰς
2571 3069 2750 3123 αὐτῶν
2778 3068 2848 3122 τὰ
2873 3069 2961 3137 ὑφ’
2984 3069 3211 3123 ἑκάστου
3233 3068 3435 3132 αὐτῶν,
3459 3069 3536 3133 ὠς
3568 3069 3726 3123 αὐτοὶ

466 3177 582 3216 mos
615 3177 736 3216 esse
764 3179 792 3215 a
823 3163 928 3217 ﬁde
963 3164 1091 3233 quid
1121 3164 1318 3218 attinet
1350 3164 1578 3218 dicere?
1613 3163 1749 3218 Hinc
1777 3172 1857 3218 est
1892 3161 2035 3232 quod

2146 3161 2386 3230 καλοῦσι,
2403 3162 2828 3234 κατωρθωμένα,
2857 3161 3130 3214 τουτέστιν
3163 3160 3530 3231 ἠφανισμέναι.
3554 3160 3726 3214 Πάλιν

464 3255 661 3310 divinis
695 3253 996 3326 Scripturis
1044 3255 1308 3312 audacter
1341 3271 1536 3312 manus
1565 3255 1869 3311 intulerunt
1897 3299 1909 3321 ,
1933 3269 2038 3326 eas

2146 3253 2197 3308 δὲ
2227 3253 2435 3318 τούτοις
2459 3255 2528 3308 τὰ
2557 3230 2884 3326 Ἕρμοφίλου
2913 3253 2974 3306 ού
3010 3252 3238 3325 συνᾴδει.
3271 3251 3351 3304 Τὰ
3375 3230 3488 3323 γὰρ
3529 3251 3725 3306 Ἀπολ-

535 3430 613 3504 (3)
650 3432 910 3499 Πότερον
940 3433 1334 3504 συνημμένον
1367 3432 1405 3501 ἢ
1443 3431 1871 3502 διεζευγμένον.
1903 3432 2040 3500 Quid

465 3502 988 3596 εξισυνημμένονοι
1034 3502 1160 3572 quid
1178 3504 1592 3596 ξιεςευγμέγον,
1637 3508 1832 3559 docent
1880 3506 2044 3596 diale-

465 3572 614 3628 ctici.
649 3572 1006 3643 i’t‘o’tittutiata
1037 3589 1156 3640 quze
1178 3573 1342 3626 Stoici
1373 3572 1661 3643 ἀξιώματα
1683 3585 1901 3634 vocant.
1937 3574 2039 3626 alia

467 3652 594 3695 sunt
620 3641 907 3711 simplicia,
936 3655 994 3696 ut
1023 3644 1301 3706 illud,dies
1335 3655 1408 3696 est
1429 3661 1447 3708 ;
1470 3641 1575 3697 alia
1618 3662 1722 3698 non
1757 3645 2046 3710 simplicia.

469 3712 546 3784 Ex
582 3712 683 3784 his,
718 3727 838 3779 quae
881 3729 984 3767 non
1029 3722 1152 3766 sunt
1185 3715 1444 3777 simplicia
1471 3753 1486 3777 ,
1534 3714 1637 3766 alia
1670 3725 1794 3768 sunt
1839 3729 2044 3784 συνημ-

472 3781 638 3851 μένα,
674 3782 724 3835 id
754 3793 837 3836 est
865 3797 1132 3846 connexa,
1159 3798 1278 3849 qua:
1312 3793 1565 3836 constant
1595 3799 1660 3837 ex
1709 3784 1919 3838 duobus
1959 3781 2044 3837 di-

469 3855 647 3905 versis
688 3853 1073 3920 prununtiatis,
1121 3863 1176 3906 ut
1220 3853 1371 3917 illud,
1410 3851 1470 3907 Si
1502 3857 1610 3907 dies
1668 3865 1763 3920 est,
1795 3854 1889 3907 tua:
1946 3864 2042 3907 est.

470 3922 589 3977 Alia
639 3919 991 3992 διεζευγμένα
1031 3938 1124 3992 seu
1173 3921 1459 3992 disiuncta,
1502 3933 1560 3976 ut
1606 3925 1733 3977 illttd
1760 3963 1774 3986 ,
1810 3935 1899 3976 aut
1933 3925 2045 3978 dies

469 4001 569 4054 est,
602 4002 693 4046 aut
744 3991 987 4046 noceat.
1034 3991 1164 4046 Vide
1211 3991 1502 4061 Diogenem
1542 3993 1814 4048 Laertiutn
1859 3995 1910 4046 in
1944 3993 2044 4048 Ze-

474 4079 628 4118 none.
667 4062 893 4134 Δδριιιιιδξ
932 4063 1234 4134 Empiricus
1266 4063 1326 4116 τὸ
1367 4063 1706 4134 συνημμένον
1755 4062 1940 4134 definit
1985 4064 2046 4119 τὸ

471 4131 722 4205 συνεστὸς
747 4133 806 4197 ἐξ
838 4132 1147 4205 ἀξιώματος
1177 4131 1600 4205 διαφορουμένου
1620 4175 1634 4199 ,
1661 4134 1694 4204 ἢ
1802 4132 2043 4205 ἀξιωμά-

467 4221 577 4258 των
602 4203 990 4276 διαφερόντων,
1019 4203 1104 4256 διὰ
1141 4203 1235 4277 τοῦ
1276 4203 1389 4277 είῆ
1429 4203 1584 4277 εἴπερ
1631 4203 1952 4277 συνδέσμου.
1977 4205 2044 4260 Et

467 4274 778 4344 exemplum
826 4277 1056 4328 connexi
1096 4275 1236 4344 quod
1281 4274 1323 4326 si
1371 4289 1435 4328 ex
1481 4274 1833 4342 pronuntiato
1858 4275 2042 4344 διαφο-

471 4344 718 4416 ρουμένῳ
761 4343 864 4399 hoc
921 4344 1076 4416 aﬂert
1109 4341 1209 4397 :Si
1269 4344 1380 4416 dies
1414 4341 1508 4408 est,
1543 4348 1652 4399 dies
1699 4355 1795 4416 ρει.
1825 4345 1902 4399 Ex
1937 4341 2042 4416 quo

469 4411 826 4485 i-ori-igeiidus
859 4423 942 4485 est
967 4414 1257 4485 Diogenes
1305 4413 1555 4468 Laertius
1595 4417 1647 4468 in
1697 4411 1906 4485 Zenone
1941 4411 2043 4470 hoc

472 4482 675 4556 :nodo':
719 4482 808 4556 Ἐξ
852 4482 1160 4556 ἀξιώματος
1205 4485 1790 4556 μέννδιαφορουμένου,
1827 4483 1958 4549 οἷον,
1996 4488 2044 4538 εἱ

2219 3432 2310 3514 (ὦ)Δ
2341 3432 2460 3514 Τὸν,
2509 3431 2746 3514 ,ἀνωθεν
2784 3432 3137 3514 ’ἐρχόμενοκ
3191 3431 3725 3514 Christophorsoiius

2148 3501 2317 3557 vertit
2350 3519 2361 3554 :
2396 3501 2665 3556 Christum
2705 3504 2795 3573 qui
2837 3506 2899 3556 de
2928 3507 3054 3557 caelo
3097 3514 3340 3557 uenturus
3377 3501 3455 3557 est
3508 3507 3723 3572 penitus

2146 3579 2415 3642 ignorant.
2485 3573 2655 3640 Quam
2743 3573 3241 3641 interpretationem
3303 3574 3558 3641 equidem
3613 3591 3722 3628 non

2150 3647 2366 3698 damno.
2405 3642 2499 3698 Sic
2529 3644 2671 3697 enim
2706 3643 2847 3711 loqui
2886 3643 3059 3697 solent
3086 3643 3259 3697 sant-ti
3296 3643 3486 3698 Patres
3517 3651 3584 3698 de
3632 3661 3725 3698 su-

2152 3728 2337 3782 premo
2371 3714 2604 3768 adventu
2660 3713 2884 3777 Christi,
2925 3728 3034 3781 quo
3066 3715 3325 3768 mundum
3376 3716 3726 3780 iudicaturus

2151 3793 2255 3845 est,
2290 3798 2392 3836 non
2427 3785 2580 3852 quasi
2605 3785 2671 3852 de
2707 3784 2909 3846 futuro,
2943 3785 3035 3838 sed
3065 3785 3404 3847 tanquamde
3441 3787 3722 3852 praesenti.

2151 3853 2368 3926 ἔρχεται
2392 3851 2596 3926 κρίνειν
2629 3851 2836 3926 ζῶντας
2869 3853 2963 3926 καὶ
2995 3853 3242 3923 νεκρούς.
3279 3854 3352 3906 ita
3383 3851 3723 3924 [legesippus

2153 3924 2203 3977 in
2245 3924 2504 3994 Martyrio
2533 3925 2717 3978 sancti
2749 3925 2956 3985 Jacobi,
2990 3933 3045 3978 et
3073 3925 3162 3977 alii
3208 3925 3408 3993 passim
3442 3927 3511 3979 ab
3556 3927 3722 3994 [gnsc-

2151 3995 2241 4047 bio
2263 3995 2436 4048 citati.
2467 3994 2699 4048 Possunt
2723 4004 2901 4048 tamen
2931 3994 3043 4048 haec
3065 3994 3228 4048 verba
3259 3995 3425 4047 etiam
3447 3999 3514 4048 de
3544 3998 3722 4062 primo

2151 4064 2348 4117 Christi
2387 4066 2619 4117 adventu
2655 4064 2898 4133 intelligi,
2930 4067 3196 4131 quomodo
3223 4066 3435 4131 accepit
3469 4065 3718 4120 Ruﬁnus.

2218 4133 2294 4204 (5)
2317 4135 2597 4201 Γαληνὸς
2626 4135 2736 4203 γὰρ
2771 4135 2916 4199 ἴσως
2964 4136 3085 4190 ὑπό
3119 4151 3295 4187 τινων
3317 4135 3418 4188 καὶ
3451 4150 3724 4203 προσ-κν.

2144 4205 2354 4258 νεῖται.
2391 4204 2628 4276 Galenus
2654 4207 2919 4276 enituitte
2955 4205 3142 4276 ﬁguris
3187 4205 3635 4274 syllogismorum
3671 4216 3720 4260 et

2144 4276 2213 4329 de
2244 4283 2357 4330 tota
2403 4275 2739 4345 philosophia
2784 4274 2953 4330 libros
3000 4274 3424 4344 conscripserat,
3456 4287 3519 4329 ut
3557 4292 3624 4334 ex
3655 4280 3721 4330 li-

2145 4346 2368 4400 hrorum
2419 4345 2536 4414 eius
2581 4345 2759 4400 iudice
2795 4345 3192 4413 cognoscimus.
3234 4346 3326 4398 Est
3357 4355 3544 4414 autem
3597 4348 3720 4400 illu-

2145 4426 2258 4470 stre
2303 4417 2408 4471 hoc
2458 4415 2823 4486 testimonium
2873 4416 2940 4470 de
2966 4415 3190 4486 Caleno,
3226 4415 3427 4484 quippe
3455 4419 3602 4486 quod
3627 4434 3721 4471 au-

2149 4487 2315 4540 etoris
2355 4487 2426 4540 sit
2453 4485 2840 4554 antiquissimi,
2870 4496 2922 4538 ct
2955 4484 3142 4539 Galerii
3182 4484 3523 4551 temporibus
3583 4503 3718 4555 pene

469 4555 651 4628 ἡμέρα
688 4549 1068 4638 ἐστὶν,-ήμέρα
1118 4549 1624 4638 ἐστ’ίντ.Ροι·ιίοίιιιὶι
1653 4559 1789 4638 aptid
1823 4557 2038 4638 Sextum

2148 4556 2393 4637 aequalis.
2427 4556 2536 4638 Nec
2568 4549 2693 4609 v'ero
2720 4569 2782 4608 ex
2823 4555 2939 4638 hoc
2968 4565 3172 4638 tantum
3205 4549 3495 4638 scriptore,
3527 4549 3716 4638 verum

471 4625 633 4696 quain
685 4629 825 4696 apud
863 4625 1136 4697 Laertiutn
1181 4625 1394 4679 mallem
1442 4626 1683 4697 scribere
1729 4625 2044 4697 διφορουμέ-

473 4695 584 4761 νου,
601 4695 1055 4766 quemadmodum
1073 4695 1267 4764 legitur
1291 4697 1429 4765 apud
1445 4695 1807 4766 Alexandrum
1831 4695 1870 4766 Ai
1883 4695 2043 4765 phro-

471 4763 710 4838 diensetn
770 4766 839 4820 In
885 4768 1069 4838 priora‘
1119 4763 1416 4838 Aitalytica.
1468 4763 1602 4838 Nam
1655 4763 2041 4838 διφορούμενον

474 4837 614 4908 idem
648 4846 733 4890 est
773 4834 917 4905 quod
949 4837 1032 4901 δὶς
1057 4834 1553 4908 λαμϐανόμενον.Ει
1592 4837 1703 4908 haec
1726 4834 1945 4906 quidem
1977 4839 2044 4891 de

475 4907 662 4960 harum
695 4922 884 4962 vocum
919 4907 1364 4974 interpretatione
1391 4907 1532 4960 dicta
1561 4907 1850 4962 sulliciant.
1886 4908 2040 4974 Quod

473 4989 603 5030 vero
635 4986 844 5044 spectat
869 4978 934 5030 ad
966 4977 1128 5044 huius
1169 4977 1274 5031 loci
1309 4979 1819 5045 interpunctioueiu,
1848 4978 2039 5045 scripti

472 5047 689 5101 codices
744 5047 884 5102 inter
933 5062 992 5102 se
1025 5048 1368 5117 dissentiunt.
1407 5045 1540 5100 Nam
1587 5046 1786 5115 Regius
1822 5048 2041 5117 quidem

474 5119 665 5179 codex,
691 5131 849 5186 quem
883 5127 1100 5172 secutus
1130 5125 1213 5170 est
1257 5116 1395 5172 Rob.
1431 5117 1772 5186 Stephanus,
1802 5116 1922 5186 past
1947 5131 2043 5171 vo-

474 5131 665 5179 couex,
729 5133 849 5171 ueni
883 5131 1100 5172 secutus
1130 5131 1213 5170 est
1257 5131 1395 5172 non.
1431 5131 1772 5186 Stephanus,
1802 5131 1922 5186 pOSt
1947 5131 2042 5171 vo-

473 5202 589 5242 cem
612 5131 987 5257 διεὲευγμένον
1002 5188 1263 5256 virgulam
1290 5189 1454 5243 habet
1480 5190 1799 5257 appositam,
1821 5199 1880 5242 ut
1899 5189 2042 5242 scias

473 5274 635 5314 voces
682 5259 813 5330 illas
835 5258 1176 5330 συνημμένον
1209 5260 1304 5313 καὶ
1329 5258 1708 5328 διεζευγμένον
1731 5257 2043 5330 referendas

472 5343 597 5402 esse
654 5328 722 5384 ad
748 5327 830 5402 fre
885 5325 1047 5402 ῥητόν
1092 5332 1238 5402 quod
1275 5325 1586 5402 praecessit,
1616 5343 1722 5402 non
1763 5340 1942 5402 autem
1972 5325 2041 5380 ad

474 5401 658 5472 σχῆμα
681 5397 1039 5472 ωλλογὶᾳμοῦ
1071 5397 1213 5472 quod
1243 5400 1490 5472 proxime
1497 5400 1790 5472 _se_quitur.
1817 5399 1921 5472 Sed
1950 5411 2040 5451 re-

473 5466 606 5538 liqui
635 5466 872 5533 codices,
905 5466 1046 5522 Μαι.
1074 5466 1129 5522 et
1159 5466 1323 5533 Med,
1345 5484 1466 5522 cum
1497 5466 1634 5524 Fuk.
1659 5477 1718 5522 et
1743 5468 2037 5538 Saviliano,

474 5537 601 5611 post
653 5554 836 5596 vocem
872 5538 1255 5611 διεζευγμένον
1304 5539 1504 5594 nullam
1546 5538 1804 5611 adhibent
1846 5537 2041 5611 distin-

473 5607 728 5680 ctionem,
755 5611 848 5666 sed
872 5607 1079 5667 tantum
1097 5607 1249 5680 post
1266 5625 1452 5665 vocem
1488 5607 1849 5680 συνημμένον.
1867 5608 2039 5674 Quam

473 5679 879 5736 distinctionem
901 5679 1125 5737 secutus
1139 5679 1368 5736 Ruﬁnus
1389 5694 1455 5733 ac
1479 5679 1669 5748 reliqui
1695 5681 2037 5749 interpretes,

476 5760 778 5820 connexum
829 5750 1154 5818 disiunctum
1175 5789 1192 5817 ,
1226 5752 1332 5805 duo
1375 5751 1810 5820 syllogismorum
1842 5763 2041 5820 genera

473 5818 871 5876 existimarunt.
899 5821 1026 5878 Mihi
1059 5821 1208 5893 prior
1247 5818 1538 5877 distinctio
1570 5823 1740 5891 magis
1771 5818 1964 5891 placet.

2144 4624 2307 4680 etiam
2339 4641 2406 4680 ex
2444 4627 2566 4679 aliis
2617 4624 3028 4694 quampluribus
3076 4625 3216 4679 idem
3273 4626 3533 4695 colligere
3568 4627 3718 4690 licet,

2143 4695 2406 4749 Calenum
2463 4695 2736 4749 Aristoteli
2778 4710 2842 4748 ac
2877 4695 3274 4763 Theophrasto,
3323 4697 3541 4764 ipsique
3581 4699 3718 4752 adeo

2144 4765 2354 4819 Platoni
2405 4780 2621 4834 aequare
2654 4780 2783 4834 non
2840 4764 3179 4821 dubitarunt.
3211 4764 3373 4822 Certe
3405 4767 3718 4822 Alexander

2145 4833 2602 4904 Aphrodisiensis,
2640 4833 2708 4888 In
2740 4835 2930 4887 librum
2955 4846 3192 4889 octavum
3235 4835 3576 4903 Topicorum,
3610 4854 3714 4891 non

2144 4905 2331 4974 procul
2358 4907 2426 4960 ab
2459 4905 2632 4974 initio,
2663 4906 2796 4958 satis
2828 4905 3032 4958 iudicat
3086 4907 3162 4959 ita
3189 4921 3378 4960 omnes
3408 4907 3479 4960 de
3511 4905 3716 4962 Caleno

2142 4977 2502 5045 existimasse.
2557 4973 2848 5045 Postquam
2880 4977 3040 5045 Aeuim
3075 4977 3274 5045 docuit
3312 4977 3715 5045 probleuiatuni

2144 5046 2244 5100 alia
2276 5044 2461 5111 ἔνδοξα
2482 5058 2622 5110 esse,
2652 5045 2756 5098 alia
2778 5042 2961 5113 ἄδοξα,
2988 5044 3246 5113 οιενδοξα
3277 5042 3498 5114 quidem
3533 5049 3589 5101 in
3623 5051 3718 5103 du-

2144 5115 2267 5184 plici
2304 5131 2426 5171 esse
2473 5114 2806 5176 differentia.
2859 5117 2960 5169 alia
3009 5118 3154 5170 enim
3207 5133 3326 5171 esse
3357 5116 3576 5183 ἁπλῶς,
3617 5119 3717 5173 alia

2139 5185 2480 5268 ὡρισμένως,
2524 5185 2635 5265 haec
2685 5185 2969 5268 subiungi!
2994 5201 3009 5239 :
3036 5186 3384 5268 ,Ὦρισμένως
3403 5186 3715 5268 δίῄἑνδοξα,

2140 5252 2209 5328 τὰ
2240 5252 2374 5327 τῷδέ
2411 5273 2516 5328 τιν-ι
2551 5253 2659 5328 τῶν
2685 5252 2917 5328 ἐνδόξων
2951 5252 3220 5328 ἑπόμενα,
3246 5252 3379 5324 οἷον,
3439 5252 3713 5323 Πλάτωνι,

2140 5325 2175 5397 ἢ
2218 5324 2650 5404 ἶᾼριεῖοῖέλειιῇ
2685 5324 2960 5404 Γφλὲῖνῷο.
3058 5324 3085 5404 ⁷.
3291 5397 3304 5404 -
3746 5369 3754 5404 ι

2213 5395 2309 5469 (6i
2327 5396 2404 5469 Τὰ
2430 5395 2904 5469 nuntiandum
2933 5397 3086 5469 Apud
3120 5397 3488 5469 Nicephorum
3513 5399 3713 5456 scribi-

2143 5465 2267 5538 tur,
2297 5465 2765 5538 ’Δσκληπιοδότου,
2797 5465 3066 5538 quomodo
3098 5465 3270 5538 etiam
3301 5468 3431 5538 legit
3458 5469 3707 5525 Ruﬁnus.

2141 5537 2309 5610 Paulo
2357 5535 2493 5607 post
2529 5537 2617 5610 ubi
2664 5535 2879 5610 legitur,
2911 5537 2980 5590 τὰ
3008 5535 3113 5610 γᾲρ
3151 5535 3538 5605 Ἀπολλωνίου,
3562 5542 3714 5596 resti-

2142 5606 2401 5663 tuendum
2429 5615 2515 5664 est
2553 5606 2936 5662 Ἀπολλωνίδου
2960 5623 3024 5663 ex
3048 5606 3379 5664 Theodorito
3409 5611 3464 5664 in
3498 5612 3640 5668 libro
3675 5625 3710 5664 ιι

2142 5676 2530 5807 Ηιεᾶειῆεαηιπι
2557 5677 2884 5747 fabularum,
2917 5680 3094 5749 capite
3128 5678 3184 5746 5,
3211 5690 3264 5735 et
3308 5695 3373 5738 ex
3406 5679 3712 5755 Nicephoro

2142 5765 2206 5806 ac
2282 5767 2312 5807 ιι
2359 5765 2448 5807 no.

2141 5765 2206 5806 ac
2231 5753 2448 5808 Ruﬁno.
