3878 6472
179 424 264 481 59.9
1172 430 1520 490 HISTORIA}
1561 432 2116 492 ECCLESIASTICIE
2155 434 2286 494 LIB.
2329 434 2417 490 VI.

3298 434 3411 495 σεο

177 543 363 606 πλείους
409 543 754 615 προσιόντας,
791 544 939 617 αὐτῷ
987 546 1133 619 μόνῳ
1180 549 1281 619 τῆς
1323 548 1420 603 τοῦ
1471 550 1706 621 κατηχεῖε

1837 550 2114 621 ingentem
2141 565 2427 607 numerum
2465 562 2652 606 eorum
2683 565 2821 619 quos
2848 548 2964 618 ipse
2999 551 3067 606 ad
3103 550 3408 607 doctrinam

171 634 419 707 διατριϐῆς
463 634 571 688 ὑπὸ
610 637 924 709 Δημητρίου
952 638 1048 692 τοῦ
1092 641 1193 712 τῆς
1236 640 1562 713 Ἐκκλησίας
1598 658 1706 712 προ

1833 642 2029 697 divinat
2068 641 2196 699 fidei
2243 641 2616 713 pertrahebat.
2685 641 2897 714 Quippe
2956 642 3257 712 quotidiani
3289 642 3409 714 ejus
3478 634 3483 638 ⁴

170 723 371 787 επῶτος
424 726 932 799 ὲπιτετραμμένης,
984 730 1311 801 ἀσύμφωνον
1380 731 1706 803 ἡγησάμενοι

1830 742 2009 797 actus,
2036 733 2334 790 verissima:
2365 735 2648 806 cujusdam
2688 735 3047 806 philosophia:
3071 744 3127 792 et
3165 736 3409 792 admira-

167 818 248 887 τὴν
265 814 364 868 τῶν
391 817 799 887 γραμματικῶν
823 818 996 887 λόγων
1023 819 1370 877 διδασκαλίαν
1406 825 1472 894 τῇ
1501 823 1636 894 πρὸς
1659 821 1728 877 τὰ

166 903 265 957 θεῖα
288 902 626 975 παιδεύματα
667 906 916 977 ἀσκήσει,
952 908 1026 979 μὴ
1059 909 1351 981 μελλήσας,
1379 910 1726 984 ἀπορρήγνυ-

164 1014 234 1052 σιν
262 996 347 1051 ᾰτε
374 997 629 1069 ἀνωφελῆ
667 999 762 1054 καὶ
791 1001 901 1062 τοῖς
931 1000 1099 1070 ἱεροῖς
1130 1002 1445 1074 μαθήμασιν
1477 1004 1724 1056 ἐναντίαν

162 1090 243 1161 τὴν
281 1088 381 1142 τῶν
426 1089 836 1162 γραμματικῶν
884 1089 1061 1159 λόγων
1099 1091 1403 1167 διατριϐήν.
1452 1090 1588 1148 Εἶτα
1638 1093 1725 1147 λο-

162 1179 317 1251 γισμῷ
342 1180 642 1253 καθήκοντι
667 1183 743 1247 ὼς
775 1182 841 1236 ἂν
885 1184 958 1254 μὴ
987 1184 1197 1252 γένοιτο
1228 1185 1328 1255 τῆς
1361 1186 1491 1257 παρ’
1518 1185 1723 1257 ἑτέρων

160 1272 449 1343 ἐπικουρίας
493 1273 704 1345 ἐνδεὴς,
746 1275 955 1344 ὅσαπερ
979 1272 1047 1347 ἦν
1075 1275 1222 1346 αὐτῷ
1263 1275 1435 1345 λόγων
1477 1276 1722 1348 ἀρχαίων

160 1364 389 1434 πρότερον
409 1367 821 1438 συγγράμματα
845 1366 955 1437 (20)
980 1366 1287 1436 φιλοκάλως
1304 1367 1721 1451 ἐσπουδασμένα
1752 1396 1757 1401 ~

160 1457 409 1527 μεταδοὺς,
440 1458 561 1521 τοῖς
592 1457 701 1512 ὑπὸ
722 1456 818 1512 τοῦ
844 1458 1017 1514 ταῦτα
1046 1459 1357 1531 ἐωνημένου
1399 1460 1721 1531 φερομένοις

158 1547 280 1619 αὐτῷ
292 1548 573 1620 τέτταρσιν
593 1549 798 1614 ὀϐολοῖς
811 1550 912 1622 τῆς
932 1551 1146 1625 ἡμέρας
1175 1553 1415 1622 ἠρκεῖτο,
1446 1551 1719 1617 πλείστοις

155 1656 199 1693 τε
219 1638 349 1693 ἔτεσι
366 1639 560 1694 τοῦτον
595 1642 901 1710 φιλοσοφῶν
924 1642 1146 1696 διετέλει
1178 1644 1268 1697 τὸν
1293 1643 1513 1717 τρόπον,
1539 1644 1718 1708 πάσας

154 1731 263 1796 ὕλας
282 1731 623 1805 νεωτερικῶν
660 1733 964 1805 ἐπιθυμιῶν
998 1735 1190 1788 ἑαυτοῦ
1237 1736 1711 1809 περιαιρούμενος,

154 1824 228 1878 καὶ
243 1823 323 1878 διά
348 1825 531 1897 πάσης
560 1825 661 1896 μὲν
684 1826 900 1899 ἡμέρας
918 1828 979 1879 οὐ
1010 1811 1276 1897 σμικροὺς
1302 1827 1589 1900 ἀσκήσεως
1614 1845 1716 1881 κα·-

1830 823 1957 880 bilis
2016 825 2321 895 disciplina:
2394 825 2803 882 absolutissima
2847 841 3011 898 opera
3062 827 3408 886 videbantur.

1825 916 2021 986 Atque,
2057 925 2116 971 ut
2152 917 2316 986 vulgo
2371 917 2593 982 dicitur,
2652 918 2833 988 qualis
2881 918 3079 983 oratio,
3128 919 3251 975 talis
3293 919 3412 990 ejus

1826 1011 1934 1064 vita
1974 1009 2197 1079 :qualis
2249 1008 2385 1076 vita,
2455 1009 2577 1063 talis
2631 1011 2810 1065 oratio
2855 1009 2974 1080 ejus
3034 1010 3155 1065 fuit.
3231 1010 3410 1077 Quam

1826 1100 2171 1171 potissimum
2196 1100 2264 1157 ob
2296 1115 2519 1156 causam
2549 1114 2671 1156 cum
2704 1102 2887 1155 divma
2917 1101 3091 1157 virtus
3110 1116 3232 1157 eum
3255 1099 3414 1171 adju-

1825 1203 1997 1258 varet,
2044 1192 2181 1249 alios
2212 1208 2433 1264 quoque
2470 1193 2896 1250 innumerabiles
2932 1195 3000 1248 ad
3042 1193 3408 1251 imitationem

1824 1286 1906 1340 sui
1940 1288 2276 1356 provocavit.
2298 1284 2434 1342 Cum
2465 1299 2596 1341 vero
2629 1286 2808 1356 plures
2843 1286 3089 1356 quotidie
3110 1284 3427 1367 discipulos

1824 1378 2152 1433 accedentes
2186 1376 2420 1446 videret,
2456 1386 2743 1448 propterea
2787 1379 2932 1449 quod
2981 1380 3405 1434 catechumeno-

1823 1485 1942 1524 rum
1977 1470 2251 1526 institutio
2277 1470 2376 1540 ipsi
2419 1471 2522 1526 soli
2552 1471 2808 1527 mandata
2843 1470 3023 1528 fuerat
3056 1487 3084 1526 a
3132 1472 3404 1528 Demetrio

1821 1563 2076 1633 episcopo
2124 1582 2138 1618 :
2186 1572 2341 1619 ratus
2391 1564 2762 1633 grammatica:
2814 1565 2948 1619 artis
3011 1563 3403 1634 professione

1821 1668 1945 1709 cum
1989 1654 2188 1711 divinas
2241 1654 2366 1711 ﬁdei
2411 1657 2759 1712 institutione
2811 1656 3036 1710 minime
3071 1656 3401 1723 consentire,

1820 1746 2063 1802 scholam
2103 1747 2473 1818 grammatica:
2516 1747 2862 1811 litteraturae,
2915 1755 3102 1816 utpote
3156 1747 3401 1804 inutilem

1819 1837 2416 1908 etsacrisjdiseiplinis
2444 1837 2803 1903 contrariam,
2845 1836 2965 1892 sine
3014 1835 3121 1890 ulla
3180 1846 3405 1893 cuneta-

156 1917 327 1987 μάτους
350 1894 620 1982 ἀνατλῶν,
773 1894 874 1985 τῆς
901 1894 1093 1979 νυκτδς
1124 1894 1180 1970 δὲ
1217 1917 1310 1969 τὸν
1341 1894 1562 1970 πλείονα
1583 1915 1706 1988 χρό-

1825 1929 1974 1984 tione
2030 1894 2264 2000 abjecit:
2305 1928 2511 1984 Deinde
2555 1927 2806 1998 prudenti
2847 1926 3074 1983 consilio
3128 1942 3280 1993 usus,
3335 1944 3405 1984 no

152 2025 222 2061 νον
253 2011 364 2071 ταῖς
400 2007 511 2063 τῶν
556 2008 719 2062 θείων
759 2010 990 2081 Γραφῶν
1021 2009 1210 2064 ἑαυτὸν
1242 2008 1519 2073 ἀνατιθεὶς
1551 2009 1708 2081 μελέ-

151 2118 265 2167 ταις,
294 2100 387 2172 βίῳ
408 2118 469 2154 τε
501 2101 580 2165 ὡς
621 2100 703 2155 ἔνι
750 2100 982 2172 μάλιστα
1020 2102 1373 2174 ὲγκαρτερῶν
1404 2101 1709 2173 φιλοσοφω-

152 2191 288 2262 τάτῳ,
314 2192 429 2245 τοτὲ
462 2192 567 2263 μὲν
594 2195 712 2256 τοῖς
739 2195 795 2246 ὲν
823 2193 1058 2257 ἀσιτίαις
1089 2193 1415 2264 γυμνασίοις
1444 2194 1707 2247 ὲνασκού-

154 2297 301 2347 μενος,
343 2283 463 2336 τοτὲ
503 2281 563 2335 δὲ
610 2282 1047 2353 μεμετρημένοις
1082 2285 1197 2346 τοῖς
1235 2281 1378 2335 κατά
1409 2282 1501 2335 τὸν
1542 2281 1709 2338 ὕπνον

154 2376 350 2444 λαιροῖς,
375 2370 436 2430 οὗ
473 2374 919 2447 μεταλαμϐάνειν
959 2374 1064 2427 οὐδ’
1093 2374 1231 2438 ὅλως
1259 2375 1351 2427 ἐπὶ
1394 2374 1705 2446 στρωμνῆς,

149 2465 242 2518 ἀλλ’
267 2467 352 2520 ἐπὶ
381 2466 654 2535 τοῦδαφος
693 2466 780 2520 διά
824 2466 1057 2537 σπουδῆς
1094 2468 1353 2520 ἐποιεῖτο.
1398 2467 1624 2521 Πάντων
1649 2468 1707 2521 δὲ

151 2556 351 2625 μάλιστα
380 2557 479 2622 τάς
506 2558 879 2627 εὐαγγελιχὰς
903 2557 997 2611 τοῦ
1024 2557 1277 2628 Σωτῆρος
1315 2556 1499 2627 φωνὰς
1536 2558 1707 2627 φυλα-

148 2648 281 2713 κτέας
304 2646 441 2703 εἶναι
481 2648 627 2720 ᾤετο
663 2649 794 2714 δεῖν,
822 2648 923 2712 τάς
951 2664 1011 2702 τε
1037 2649 1166 2720 περὶ
1194 2647 1288 2702 τοῦ
1319 2649 1393 2721 μὴ
1422 2648 1705 2721 δύο“χιτῶ⁶

146 2755 223 2803 νας
245 2740 357 2811 μηδ’
384 2740 706 2812 ὑποδήμασι
745 2739 978 2812 χρᾶσθαι
1008 2739 1398 2811 παραινούσας,
1432 2740 1564 2812 μηδὲ
1600 2741 1706 2814 μὴν

143 2832 244 2894 ταῖς
276 2831 397 2902 περὶ
422 2830 518 2884 τοῦ
554 2829 843 2901 μέλλοντος
876 2828 1068 2901 χρόνον
1101 2828 1348 2899 φροντίσι
1379 2830 1704 2902 κατατρίϐε-

145 2921 260 2975 σθαι.
303 2920 461 2977 Ἀλλά
488 2922 589 2978 καὶ
622 2920 829 2995 μείζονι
866 2923 965 2994 τῆς
990 2922 1206 2995 ἡλικίας
1235 2922 1513 2996 προθυμίᾳ
1558 2925 1704 2997 χρώ-

144 3030 296 3082 μενος,
314 3016 371 3069 ὲν
394 3014 563 3086 ψύχει
592 3014 1000 3085 καὶγυμνότητι
1020 3015 1414 3087 διακαρτερῶν,
1437 3018 1517 3079 είς
1536 3015 1704 3088 ἀκρον

140 3118 187 3156 τε
211 3104 651 3177 ὑπερϐαλλούσης
690 3107 829 3176 ἀκτη
838 3105 1076 3178 μοσύνης
1101 3105 1342 3161 ἐλαύνων
1364 3146 1379 3171 ,
1408 3108 1536 3171 τοὺς
1566 3109 1703 3179 ἀμφ’

141 3184 274 3250 αὐτὸν
299 3198 374 3262 εἰς
391 3196 463 3251 τὰ
491 3196 737 3268 μάλιστα
755 3196 1091 3269 κατέπληττε
1110 3214 1124 3228 ·
1164 3197 1401 3273 μυρίους.
1419 3198 1517 3269 μὲν
1547 3200 1704 3262 ὅσους

142 3283 298 3340 λυπῶν
323 3287 660 3361 εὐχομένους
698 3287 848 3358 αὐτῷ
879 3290 1157 3342 κοινωνεῖν
1189 3287 1299 3341 τῶν
1326 3289 1703 3360 ὑπαρχόντων,

138 3365 194 3422 δι’
214 3378 297 3443 οὓς
321 3379 508 3453 ἐώρων
545 3379 712 3435 αὐτὸν
741 3381 1059 3452 εἰσφέροντα
1092 3383 1222 3452 περὶ
1263 3384 1363 3455 τὴν
1393 3381 1545 3435 θείαν
1570 3382 1710 3436 διδα-

134 3470 340 3524 οσκαλίαν
379 3473 687 3544 καμάτους.
738 3472 813 3525 Οὐ
867 3473 972 3544 μὴν
1012 3462 1174 3537 αὑτός
1218 3491 1281 3543 γε
1321 3473 1558 3538 ἐνδιδοὺς
1589 3477 1709 3539 ταῖς

147 3565 446 3635 καρτερίαις,
476 3564 702 3634 λέγεται
728 3563 857 3634 γοῦν
894 3565 987 3617 καὶ
1022 3564 1284 3620 πλειόνων
1310 3564 1449 3619 ἐτῶν
1478 3566 1581 3636 γῆν
1611 3583 1709 3618 πε-

148 3662 431 3732 πατηκέναι,
476 3663 676 3735 μηδενὶ
715 3661 981 3734 μηδαμῶς
1006 3664 1346 3735 κεχρημένος
1378 3664 1705 3735 ὑποδήματι,

146 3751 254 3806 ἀλλά
284 3756 372 3810 καὶ
411 3755 564 3809 οίνου
608 3756 860 3828 χρήσεως
897 3755 991 3808 καὶ
1028 3756 1137 3810 τῶν
1184 3755 1358 3810 ἄλλων
1413 3755 1566 3828 παρά
1607 3754 1707 3827 τὴν

145 3848 410 3916 ἀναγκαίαν
477 3849 695 3923 τροφὴν
753 3847 1025 3912 πλείστοις
1073 3848 1250 3902 ἔτεσιν
1299 3848 1705 3920 ἀπεσχημένος,

144 3937 259 3992 ὥστε
280 3938 374 4013 ἢδη
401 3943 484 4007 είς
529 3941 779 3995 κίνδυνον
820 3940 1130 4012 ἀνατροπῆς
1163 3942 1260 3996 καὶ
1290 3940 1588 4013 διαφθορᾶς
1611 3941 1705 3995 τοῦ

143 4026 356 4101 θώρακος
380 4034 495 4107 (2|)
529 4033 872 4105 περιπεσεῖν.
903 4031 1137 4086 Τοιαῦτα
1162 4033 1227 4104 δὴ
1263 4032 1704 4104 φιλοσόφου’βίου

142 4126 234 4188 τοῖς
260 4125 552 4199 θεωμένοις
571 4124 832 4197 παρέχων
853 4125 1242 4197 ὑποδείγματα,
1268 4125 1489 4189 εἰκότως
1503 4126 1597 4178 ἐπὶ
1616 4125 1706 4178 τὸν

141 4214 294 4285 ὅμοιον
321 4216 471 4289 αὐτῷ
498 4216 670 4287 ζῆλον
706 4215 923 4282 πλείους
955 4216 1234 4291 παρώρμα
1264 4217 1372 4271 τῶν
1412 4216 1702 4289 φοιτητῶν,

142 4304 254 4362 ὥστε
277 4310 371 4381 ἤδη
399 4312 497 4366 καὶ
524 4309 639 4363 τῶν
671 4309 916 4362 ἀπίστων
946 4308 1114 4364 ἐθνῶν
1134 4351 1147 4375 ,
1179 4309 1287 4363 τῶν
1320 4327 1380 4363 τε
1424 4311 1531 4364 ἀπὸ
1580 4327 1706 4365 παι-

140 4394 259 4463 δείας
277 4402 366 4454 καὶ
391 4398 745 4470 φιλοσοφίας,
781 4398 842 4452 οὐ
869 4400 994 4463 τοὺς
1014 4399 1275 4470 τυχόντας
1298 4399 1608 4469 ὑπάγεσθαι
1635 4404 1702 4473 τῇ

139 4487 192 4541 δι’
210 4491 358 4546 αὑτοῦ
387 4490 725 4563 διδασκαλίᾳ
750 4490 859 4562 (22)
881 4508 893 4521 ·
920 4487 1001 4555 οἷς
1028 4493 1122 4547 καὶ
1166 4494 1350 4557 αὐτοῖς
1378 4493 1619 4563 γνησίως
1645 4494 1703 4547 ὲν

1821 2018 1999 2073 alieno
2030 2017 2273 2073 subsidio
2299 2032 2435 2087 opus
2461 2016 2961 2085 haberet,venditis
2979 2014 3172 2085 prisca:
3198 2016 3402 2071 doctri-

1820 2125 1902 2164 nae
1936 2108 2300 2164 voluminibus
2329 2122 2450 2178 quae
2473 2121 2644 2176 penes
2662 2121 2720 2161 se
2745 2104 2980 2160 habebat
3001 2104 3404 2175 elegantissime

1817 2201 2118 2266 elaborata,
2169 2207 2460 2255 contentus
2512 2199 2623 2253 fuit
2673 2206 2907 2267 quatuor
2961 2194 3137 2252 oholis
3183 2196 3278 2267 qui
3332 2197 3404 2254 ab

1816 2300 2061 2362 emptore
2087 2290 2430 2346 voluminum
2466 2290 2567 2360 ipsi
2603 2290 2655 2345 in
2690 2288 2803 2344 dies
2824 2287 3068 2359 singulos
3092 2288 3404 2358 pendeban-

1820 2393 1928 2440 tur.
1984 2381 2303 2454 Hujusmodi
2359 2382 2645 2453 disciplina
2700 2389 2756 2435 et
2809 2380 2969 2451 plane
3023 2380 3399 2451 philosophica

1815 2479 2027 2534 ratione
2048 2476 2287 2543 vivendi,
2326 2477 2573 2548 pluribus
2603 2476 2860 2545 deinceps
2902 2474 3062 2529 annis
3104 2473 3180 2528 uti
3210 2488 3402 2543 perse-

1813 2571 2049 2637 veravit,
2089 2584 2280 2625 omnes
2328 2569 2654 2640 iuvenilium
2700 2567 3058 2637 cupiditatum
3107 2566 3398 2622 illecebras

1815 2664 2053 2733 undique
2099 2662 2454 2719 submovens.
2525 2663 2605 2716 Ae
2656 2661 2852 2715 diurno
2891 2658 3109 2729 quidem
3153 2666 3401 2726 tempore

1813 2755 2164 2825 gravissimos
2215 2750 2629 2822 cuiusquemodi
2689 2748 3140 2824 exercitationum
3183 2748 3399 2803 labores

1814 2849 2085 2902 tolerabat
2113 2865 2127 2902 :
2160 2848 2333 2902 noctis
2357 2860 2486 2900 vero
2516 2842 2810 2899 maximam
2845 2850 3056 2912 partem
3084 2841 3394 2896 divinarum

1814 2939 2221 3009 Scripturarum
2282 2937 2480 2994 studiis
2552 2934 2945 3004 impendebat,
3027 2932 3397 2988 severissimae

1814 3031 1995 3101 quoad
2055 3039 2271 3101 poterat
2324 3026 2685 3099 philusOphia:
2741 3024 2953 3094 legibus
3019 3023 3396 3094 institutisque

1814 3121 2163 3190 semetipsum
2193 3133 2477 3175 coercens.
2504 3116 2714 3187 Quippe
2745 3115 2977 3171 interdiu
3003 3115 3221 3185 quidem
3250 3114 3395 3185 jeju-

1815 3213 2029 3269 niorum
2089 3211 2582 3267 exercitationibus
2640 3208 2933 3264 insudabat
2984 3222 2998 3261 :
3045 3215 3207 3263 noetu
3261 3220 3394 3262 vero

1812 3304 1988 3361 somni
2055 3302 2292 3374 spatium
2369 3301 2781 3363 dimetiebatur,
2853 3312 3091 3367 eumque
3164 3311 3273 3352 non
3335 3296 3393 3350 in

1810 3404 2025 3460 strato,
2086 3393 2181 3448 sed
2244 3407 2413 3463 super
2458 3391 2604 3446 nudo
2654 3390 2772 3445 solo
2830 3403 3029 3460 capere
3082 3386 3389 3458 satagebat.

1811 3484 2046 3540 Maxime
2075 3498 2208 3538 vero
2230 3482 2543 3553 evangelica
2586 3481 2675 3535 illa
2710 3480 3022 3537 Servatoris
3058 3480 3229 3535 nostri
3258 3495 3396 3551 pra:-

1810 3587 1969 3649 cepta
1996 3575 2338 3632 observanda
2371 3590 2494 3631 esse
2532 3575 2797 3642 ducebat,
2851 3573 3048 3643 quibus
3083 3587 3389 3638 monemur,

1812 3682 1922 3725 tum
1952 3685 2019 3724 ne
2047 3669 2183 3726 duas
2212 3666 2425 3723 tunicas
2452 3666 2775 3734 habeamus,
2821 3679 2959 3720 neve
3006 3663 3395 3720 calceamentis

1808 3771 2027 3818 utamur
2048 3768 2197 3827 ;,tum
2222 3774 2290 3815 ue
2315 3759 2381 3814 de
2405 3761 2648 3813 crastino
2662 3757 2889 3812 nimium
2908 3756 3127 3813 solliciti
3153 3766 3395 3811 nosmet-

1810 3855 1955 3924 ipsos
1980 3853 2378 3908 excruciemus.
2420 3850 2525 3905 Sed
2555 3860 2605 3905 et
2638 3849 2848 3921 majore
2877 3866 3039 3921 quam
3089 3860 3224 3905 tetas
3249 3849 3393 3905 fere-

1810 3945 1902 3998 bat
1935 3942 2103 3996 animi
2130 3941 2350 4005 ardore,
2384 3939 2440 3994 in
2473 3938 2679 4008 frigore
2720 3955 2785 3995 ac
2829 3941 3076 3997 nuditate
3118 3949 3391 4010 perstans,

1807 4041 1861 4087 et
1884 4032 1951 4086 ad
1982 4024 2256 4086 summum
2275 4033 2606 4101 evangelica;
2634 4030 2974 4102 paupertatis
2998 4030 3211 4085 culmen
3231 4029 3396 4101 208

1808 4133 2052 4188 evectus,
2079 4122 2375 4179 familiares
2407 4110 2535 4179 suos
2570 4124 2773 4195 ingenti
2808 4123 3171 4178 admiratione
3198 4135 3394 4190 pereu-

1808 4215 1889 4270 lit.
1939 4214 2017 4271 Ac
2068 4214 2270 4270 multos
2295 4215 2517 4283 quidem
2551 4229 2618 4269 ex
2650 4214 2787 4282 ipsis
2835 4210 3145 4268 incredibili
3200 4209 3392 4294 dolore

1809 4308 2009 4375 affecit,
2044 4309 2135 4376 qui
2176 4310 2318 4364 bona
2354 4321 2452 4361 sua
2502 4320 2628 4361 cum
2693 4306 2811 4376 ipso
2872 4303 3068 4373 partiri
3106 4303 3388 4373 Optabant.

1809 4414 1932 4453 cum
1962 4398 2116 4453 illum
2156 4398 2353 4453 divinae
2384 4395 2791 4467 praedicationis
2827 4393 3002 4464 gratia
3039 4392 3396 4448 tantoslabo-

1811 4506 1900 4547 res
1929 4490 2287 4546 sustinentem
2322 4489 2589 4544 viderent.
2644 4487 3037 4543 Verumtamen
3092 4486 3162 4542 de
3207 4486 3395 4558 vigore

140 4576 261 4649 βάθει
285 4582 462 4656 duxi;
491 4582 597 4654 τὴν
648 4582 729 4645 είς
756 4580 848 4635 τὸν
891 4581 1031 4637 θεῖον
1069 4582 1227 4653 λόγον
1250 4582 1430 4637 πίστιν
1449 4584 1515 4637 δι’
1538 4582 1704 4637 αὐτοῦ

1817 4585 2118 4639 tolerantia:
2149 4583 2283 4639 nihil
2311 4598 2548 4652 unquam
2603 4581 2833 4640 remisit.
2894 4580 3091 4637 Multos
3127 4579 3258 4637 item
3294 4596 3392 4649 per

141 4675 593 4749 παραδεχομένοις,
625 4674 947 4747 διαπρέπειν
975 4675 1254 4729 συνέϐαινε
1289 4673 1433 4730 κατά
1459 4674 1551 4730 τὸν
1576 4675 1699 4728 τότε

138 4763 209 4817 τού
248 4766 485 4839 διωγμοῦ
529 4765 749 4835 καιρὸν,
779 4765 854 4828 ὡς
900 4766 993 4820 καί
1039 4784 1192 4833 τινας
1236 4768 1416 4829 αὐτῶν
1450 4766 1696 4833 ἁλόντας,

140 4859 387 4929 μαρτυρίῳ
408 4856 794 4929 τελειωθῆναι.

1812 4688 1991 4732 annos
2068 4674 2228 4730 nudis
2291 4675 2537 4745 vestigiis
2580 4675 2892 4730 ambulasse
2956 4671 3180 4737 dicitur,
3242 4671 3393 4726 nullo

1808 4768 2028 4837 penitus
2080 4765 2454 4823 calceamentu
2499 4781 2650 4822 usus.
2711 4763 2847 4820 Vino
2876 4778 3112 4834 ’quoque
3161 4774 3220 4820 et
3269 4764 3393 4841 aliis

1808 4857 1972 4913 rebus
2005 4870 2126 4927 quae
2161 4855 2229 4911 ad
2254 4856 2456 4912 vietum
2484 4856 2663 4911 minus
2700 4852 3024 4909 necessaria:
3068 4861 3216 4920 sunt,
3265 4853 3393 4911 diu-

140 4948 313 5004 tissime
349 4951 625 5005 abstinuit
659 4967 673 5004 :
704 4964 874 5020 usque
907 4950 1041 5006 adeo
1102 4960 1162 5006 ut
1200 4961 1389 5019 pectus
1458 4952 1630 5022 ipsius
1671 4951 1725 5007 in
1783 4949 2164 5023 gravissimum
2214 4949 2589 5005 subversionis
2632 4947 2878 5017 labisque
2916 4945 3207 5003 discrimen
3249 4948 3390 5005 inci-

138 5038 279 5094 deret.
337 5039 671 5110 Hujusmodi
700 5055 829 5111 ergo
860 5040 1251 5112 philosophicas
1299 5026 1426 5098 vitae
1469 5044 1720 5114 exempla
1785 5042 2041 5099 erunibus
2101 5047 2391 5112 spectanda
2446 5041 2716 5113 praebens,
2760 5038 2943 5109 plures
2995 5053 3062 5095 ex
3117 5039 3396 5111 discipulis

138 5133 189 5184 ad
238 5134 595 5191 imitationem
668 5137 753 5190 sui
812 5138 1005 5194 merito
1072 5139 1436 5209 provocavit:
1469 5140 1542 5194 ita
1589 5146 1648 5194 ut
1682 5138 1833 5195 multi
1881 5156 1946 5195 ex
1990 5138 2284 5210 gentilibus
2344 5150 2459 5194 tum
2559 5136 2793 5191 inomni
2853 5139 3054 5209 genere
3107 5134 3392 5202 doctrinae.

1800 5324 2014 5380 videtur
2045 5323 2398 5381 intellexisse.
2835 5374 2842 5380 .
3050 5334 3059 5344 ‘

1873 5395 1989 5464 (21)
2020 5394 2134 5449 ’Τοῦ
2161 5393 2443 5463 θώρακος.
2475 5394 2640 5449 Recte
2666 5392 2896 5448 Rufinus
2925 5401 2979 5448 et
3006 5392 3393 5464 Christophor-

1801 5463 1975 5521 sonus
2003 5467 2337 5520 stomachum
2361 5474 2677 5522 verterunt:
2733 5479 2857 5518 nam
2889 5463 3156 5517 subversio
3188 5471 3392 5518 uoma-

1800 5536 1886 5591 citi
1910 5537 2131 5604 proprie
2161 5535 2366 5590 dicitur
2392 5553 2420 5589 a
2451 5535 2766 5590 Dioscoride
2791 5545 2845 5589 et
2876 5532 3102 5587 Galcno.

1873 5602 1988 5677 (22)
2017 5602 2102 5674 Τῇ
2129 5604 2431 5677 διξοὺτοῦ
2479 5603 3074 5677 διδασκαιίζᾳγϐοέῐθχ
3103 5602 3394 5662 Metlicatus

1797 5672 2049 5748 habetsﬁ
2072 5672 2268 5742 αὑτοῦ,
2292 5678 2523 5748 rectius.
2557 5672 2991 5748 Namﬁt’ufnoﬁ
3021 5689 3085 5728 ex
3129 5685 3392 5748 sequente
3434 5728 3439 5739 η

1800 5746 1944 5801 linea
1972 5745 2081 5817 huc
2111 5747 2393 5817 irrepsisse
2425 5747 2660 5817 videtur.
2708 5745 2911 5816 Regius
2936 5753 3114 5800 tamen
3146 5745 3217 5800 et
3249 5745 3388 5800 Maz.

1801 5816 2162 5891 codex‘uihil
2192 5816 2433 5891 mutant.
2467 5817 2526 5874 In
2561 5816 2700 5874 Fuk.
2725 5819 2991 5891 scriptum
3018 5825 3124 5887 est,
3165 5818 3232 5889 τῇ
3265 5816 3393 5871 suae

1800 5885 1893 5939 τοῦ
1923 5886 2260 5959 διδασκαλία.

174 5313 553 5397 ,99),Λόιων
616 5319 883 5397 ἀρχαίων
937 5322 1389 5397 σμγπῖράμματα.
1466 5319 1692 5379 Ruﬁnus

132 5380 481 5463 Bibliotheca:
553 5380 836 5463 minima
898 5380 1226 5458 scripto-runt.
1271 5394 1689 5463 interpretatur,

132 5453 507 5533 [neliusqua'm
553 5453 1116 5533 ﬁbristophorsanus,
1168 5463 1259 5533 qui
1319 5453 1462 5518 hunc
1512 5453 1689 5519 loenni

132 5520 322 5604 liusebii
359 5520 436 5583 'de
465 5528 621 5604 solis
670 5520 919 5604 veterum
955 5520 1231 5604 oratorum
1275 5533 1428 5587 libris
1455 5534 1686 5604 accepit.

127 5593 438 5673 Quasitvero
465 5598 625 5669 λόγοι
651 5600 724 5673 de
747 5601 877 5656 solis
903 5602 1243 5658 orationibus
1275 5605 1547 5673 dicantur,
1582 5593 1689 5660 ιίυιι

125 5669 272 5745 etiam
314 5669 379 5724 de
426 5670 887 5745 grammaticaet
938 5673 1315 5745 philosophia;
1376 5683 1470 5728 aut
1531 5669 1691 5745 quasi

127 5728 367 5803 Origenes
411 5728 701 5796 o'ratorum
761 5728 954 5796 libros.
1001 5728 1451 5807 duntaxatfnon
1508 5728 1691 5800 autem

129 5810 602 5886 grantinaticoruin
660 5810 997 5886 distraxerit.
1073 5811 1347 5886 plusculos
1424 5814 1690 5886 quosdam

131 5888 490 5949 cxcerptorum
542 5879 722 5938 libros
782 5882 850 5938 ab
908 5883 1023 5954 ipso
1067 5880 1299 5955 Origene
1357 5879 1693 5958 compositos
