3878 6488
486 318 585 376 851

1204 318 1472 377 EUSEBII
1509 318 1980 378 οιιιεελιιιειιειε
2014 321 2059 379 Ο

2164 367 2168 379 .
2210 322 2390 380 PARS
2426 322 2470 378 Ι.
2522 352 2543 363 -
2620 320 3010 381 ΠΙΒΤΟΠΙΟΑ.

3649 325 3741 385 631

488 441 737 515 reperiri.
779 438 940 511 lianc
987 456 1118 497 vero
1152 441 1560 511 inscriptionem
1611 441 1814 498 Paulus
1847 450 2059 513 aposto.

2174 446 2346 509 κὸτως
2369 462 2385 479 ·
2450 444 2724 518 Ἑϐραίοις
2767 448 2873 519 γάρ
2909 464 3074 517 φησιν
3106 445 3462 509 ιπιστέλλων,
3493 445 3740 518 πρόληψιν

486 522 572 586 lus
620 539 767 588 recte
813 542 974 602 atque
1017 533 1207 588 ordine
1251 532 1508 587 omissam
1562 532 1732 588 fuisse
1787 534 2062 589 observat.

486 618 621 675 Cum
655 622 803 676 enim
832 620 1073 678 llebrzeis
1106 623 1374 678 scriberet
1402 622 1494 692 qui
1528 622 1814 679 sinistram
1845 624 1913 679 de
1951 625 2066 694 ipso

487 713 798 783 Opinionem
840 714 1011 768 multo
1041 726 1167 769 ante
1193 714 1594 782 combiberant,
1628 714 1915 785 ipsumque
1941 730 2067 772 sus-

487 812 703 871 pectum
738 801 1005 857 habebant
1035 818 1049 854 :
1081 804 1333 871 prudenti
1351 803 1580 859 consilio
1611 820 1764 871 usus,
1790 805 1913 859 illos
1936 794 2083 859 abs?

490 901 696 947 terrere
720 892 900 947 statim
942 891 1010 947 ab
1035 892 1190 947 initio
1214 895 1463 963 apposita
1495 895 1734 950 nominis
1760 896 1841 950 sui
1874 896 2067 950 inscri-

484 981 670 1047 ptione
702 979 895 1034 noluit.
928 981 1134 1036 Deinde
1162 981 1445 1051 aliquanto
1467 994 1593 1055 post
1622 985 1708 1040 his
1739 986 1912 1040 utitur
1940 1000 2067 1040 vero

483 1070 571 1124 bis
600 1087 616 1124 :
646 1088 665 1122 ι
691 1069 808 1127 Jam
845 1086 1013 1139 vero,
1064 1073 1207 1128 sicut
1255 1074 1446 1130 beatus
1499 1074 1717 1130 dicebat
1758 1076 2063 1148 presbyter,

484 1162 701 1232 quando
733 1164 953 1233 quidem
997 1165 1249 1222 dominus
1292 1168 1688 1238 omnipotentis
1716 1171 1807 1224 Dei
1838 1181 2062 1240 aposm-

482 1252 569 1309 lus
596 1255 662 1308 ad
709 1254 961 1311 llebrzeos
996 1257 1199 1312 missus
1239 1257 1456 1321 fuerat,
1491 1274 1602 1329 pra:
1635 1260 1900 1315 modestia
1926 1259 2067 1315 Pau-

480 1344 587 1409 lus,
609 1356 794 1415 ulpdte
816 1350 908 1419 qui
944 1350 1009 1404 ad
1043 1361 1233 1418 gentes
1260 1363 1380 1408 erat
1413 1354 1699 1421 directus”
1713 1351 2062 1409 Hebraeorum

479 1436 787 1502 apostolum
822 1451 882 1491 se
917 1437 1139 1495 minime
1172 1440 1338 1513 216
1378 1442 1647 1507 inscribit,
1675 1452 1786 1498 tum
1816 1443 1887 1498 ob
1907 1459 2062 1501 suam

480 1540 608 1598 erga
656 1527 944 1583 Dominum
989 1535 1352 1587 reverentiam
1382 1573 1397 1600 ,
1434 1544 1546 1588 tum
1600 1535 1744 1605 quod
1787 1550 1858 1591 ex
1893 1537 2066 1591 abun-

482 1618 631 1672 danti
674 1621 742 1674 ad
771 1619 1028 1677 llebrzeos
1062 1623 1174 1691 ipse
1212 1625 1455 1694 gentium
1491 1640 1673 1695 praeco
1701 1634 1758 1681 et
1786 1628 2064 1698 apostolus

479 1709 765 1763 scriberet.
799 1730 818 1762 ι
857 1712 961 1765 Sed
1002 1724 1056 1767 et
1094 1713 1148 1767 in
1182 1712 1373 1769 iisdem
1406 1715 1564 1771 libris
1607 1716 1862 1773 Clemens
1889 1717 2058 1772 tradi-

2170 537 2414 607 εἰληφόσι
2444 539 2562 592 κατ’
2589 536 2754 590 αὐτοῦ
2816 538 2911 591 καὶ
2953 536 3352 591 ὑποπτεύουσιν
3404 536 3587 602 αὐτὸν,
3629 555 3740 592 συντ

2170 629 2308 693 ετῶς
2342 629 2483 684 πάνυ
2509 629 2609 684 οὐκ
2634 631 2691 683 ἐν
2722 631 2865 703 ἀρχῇ
2900 629 3244 702 ἀπέστρεψεν
3269 629 3470 692 αὐτοὺς
3499 628 3561 683 τὸ
3590 630 3740 702 ὖνομα

2169 721 2302 785 θείς.
2337 718 2470 776 Εἶτα
2502 722 2709 786 ὑποϐὰς
2732 722 2974 793 ἐπιλέγει
2999 739 3013 754 ·
3065 741 3086 774 ι
3146 722 3288 793 Ἤδη
3316 722 3374 775 δὲ
3409 723 3487 787 ὡς
3520 724 3549 777 ό
3581 725 3737 794 μακά-

2172 829 2286 884 ριος
2329 812 2482 881 ἔλεγε
2532 811 2925 884 πρεσϐύτερος,
2961 813 3084 866 ἐπεὶ
3134 814 3164 865 ὁ
3206 811 3417 883 Κύριος
3462 812 3739 880 ἀπόστολος

2167 902 2243 958 ὢν
2283 904 2377 958 τοῦ
2424 904 2891 976 Παντοκράτορος,
2930 903 3213 975 ἀπεστάλη
3259 904 3399 977 πρὸς
3449 904 3739 976 Ἐϐραίους,

2166 996 2253 1050 διὰ
2283 996 2609 1068 μετριότητα
2631 996 2661 1049 ό
2692 995 2923 1060 Παῦλος,
2950 996 3024 1060 ὡς
3045 995 3112 1050 ἂν
3134 998 3216 1059 εις
3242 997 3313 1050 τὰ
3337 996 3468 1068 ἔθνη
3489 996 3737 1052 ἀπεσταλ-

2170 1087 2352 1158 μένος,
2397 1088 2497 1141 οὐκ
2538 1087 2806 1160 ἐγγράφει
2862 1086 3052 1141 ἐαυτὸν
3106 1086 3375 1158 Ἐϐραίων
3427 1086 3737 1153 ἀπόστολον,

2165 1179 2253 1234 διά
2278 1196 2339 1233 τε
2367 1180 2467 1251 τὴν
2496 1180 2633 1251 πρὸς
2666 1179 2760 1233 τὸν
2821 1179 3024 1247 Κύριον
3092 1179 3280 1251 τιμὴν,
3345 1179 3436 1234 διὰ
3469 1197 3532 1233 τε
3570 1180 3630 1233 τὸ
3681 1182 3736 1233 ἐκ

2167 1270 2484 1341 περιουσίας
2531 1271 2627 1324 καὶ
2681 1273 2792 1335 τοῖς
2850 1271 3123 1343 Ἑϐραίοις
3175 1270 3536 1335 ἐπιστέλλειν,
3582 1270 3737 1325 ἐθνῶν

2166 1364 2381 1434 κήρυκα
2404 1362 2533 1417 ὄντα
2554 1360 2649 1417 καὶ⁵
2669 1363 2987 1417 ἀπόστολον.
3026 1383 3046 1416 ι
3075 1359 3241 1427 Αὖθις
3258 1363 3305 1418 δ’
3338 1364 3399 1417 ἐν
3431 1366 3542 1427 τοῖς
3573 1363 3739 1426 αὐτοῖς

2164 1456 2194 1509 ό
2224 1455 2457 1529 Κλήμης
2491 1455 2717 1527 βιϐλίοις
2771 1457 2901 1529 περὶ
2949 1449 3051 1529 τῆς
3098 1456 3308 1523 τάξεως
3345 1455 3459 1511 τῶν
3511 1457 3739 1527 Εὐαγγε-

2165 1544 2295 1600 λίων
2326 1546 2622 1621 παράδοσιν
2654 1548 2763 1601 τῶν
2790 1548 3053 1603 ἀνέκαθεν
3076 1548 3465 1622 πρεσϐυτέρων
3491 1548 3735 1614 τέθειται,

2163 1638 2353 1693 τοῦτον
2378 1640 2607 1710 ἔχουσαν
2631 1641 2722 1695 τὸν
2744 1641 3434 1715 τρόπον.ιΠρογεγράφθαι
3453 1641 3737 1714 aqua”)

2164 1732 2274 1786 τῶν
2308 1733 2657 1802 Εὑαγγελίων
2687 1733 2757 1789 τὰ
2789 1734 3112 1806 περιέχοντα
3139 1734 3239 1800 τὰς
3272 1734 3643 1805 γενεαλογίας.
3675 1735 3738 1790 Τὸ

478 1799 684 1854 tionem
714 1802 1006 1871 quamdam
1040 1806 1109 1858 de
1142 1807 1336 1861 ordine
1378 1808 1803 1879 Evangeliorum
1832 1823 1998 1880 quam
2030 1825 2058 1863 a

2164 1823 2218 1876 δὲ
2251 1823 2395 1878 κατὰ
2425 1799 2673 1895 Μάρκον,
2720 1799 2925 1897 ταύτην
2949 1799 3246 1898 ἐσχηκέναι
3282 1799 3385 1898 τὴν
3417 1799 3737 1897 οἰκονομίαν.

475 1894 868 1949 vetustioribus
901 1898 1237 1968 presbyteris
1276 1911 1593 1969 acceperat,
1626 1902 1796 1958 refert
1828 1903 1881 1958 in
1911 1904 2057 1959 hunc

482 1984 727 2038 modum.
753 2002 773 2036 ι
811 1982 1038 2040 Dicebat
1067 2001 1134 2041 ex
1164 1987 1494 2059 Evangeliis,
1524 1990 1676 2060 prius
1699 1991 1903 2060 scripta
1931 2005 2057 2047 esse

476 2073 570 2128 illa
606 2090 728 2144 quae
766 2075 965 2131 seriem
1008 2079 1224 2147 generis
1257 2076 1524 2136 Dominici
1562 2081 1865 2139 continent.
1891 2080 2059 2138 Marci

479 2173 663 2218 autem
706 2164 1060 2235 Evangelium
1105 2181 1172 2222 ex
1219 2168 1526 2239 huiusmodi
1580 2171 1874 2228 occasione
1921 2172 2061 2229 scri-

477 2266 627 2326 ptum
673 2258 861 2313 fuisse.
906 2256 1040 2313 Cum
1092 2258 1286 2316 Petrus
1326 2261 1381 2315 in
1428 2262 1784 2325 urbelloma
1833 2264 2058 2320 verbum

476 2348 573 2403 Dei
602 2350 821 2419 publice
864 2353 1239 2421 praedicasset,
1264 2361 1321 2408 et
1357 2353 1564 2423 Spiritu
1605 2365 1798 2411 sancto
1845 2355 2057 2415 afﬂatus

476 2442 828 2513 Evangeliqu
864 2445 1302 2516 promulgasset,
1343 2446 1500 2502 multi
1534 2447 1628 2517 qui
1658 2448 1887 2503 aderant
1912 2447 2056 2503 Mar-

477 2547 609 2587 cum
644 2536 914 2590 cohortati
958 2545 1121 2603 sunt,
1153 2547 1340 2608 utpote
1367 2541 1461 2608 qui
1496 2536 1714 2593 Petrum
1729 2537 2056 2610 iamdudum

474 2648 719 2696 sectatus
748 2643 973 2710 fuisset,
1013 2654 1067 2700 et
1096 2645 1240 2701 dicta
1278 2644 1397 2716 ejus
1436 2644 1698 2701 memoria
1732 2655 1962 2714 teneret,
1995 2654 2057 2702 ut

477 2760 597 2816 qure
619 2749 689 2804 ab
719 2749 965 2819 apostolo
992 2751 1283 2820 praedicata
1309 2760 1469 2807 erant
1491 2752 1885 2811 conscriberet.
1917 2753 2060 2811 alar-

475 2868 573 2910 cus
622 2855 787 2925 igitur
828 2855 1181 2928 Evangeliqu
1228 2858 1554 2929 composuit,
1578 2860 1751 2929 iisque
1790 2858 1883 2932 qui
1924 2859 2069 2918 illud»

475 2965 547 3018 ab
578 2963 694 3033 ipso
717 2965 983 3033 rogabant
1021 2964 1302 3033 impertiit.
1336 2963 1490 3031 Quod
1525 2978 1652 3019 cum
1683 2964 1877 3023 Petrus
1903 2982 2052 3023 com-

473 3068 728 3138 perisset,
758 3082 857 3122 nec
901 3068 1179 3137 prohibuit
1225 3071 1447 3124 omnino
1494 3084 1605 3125 rem
1653 3071 1769 3127 fieri
1796 3114 1813 3140 ,
1845 3088 1944 3128 nec
1996 3083 2058 3131 ut

476 3172 635 3227 fieret
689 3172 956 3227 incitavit.
1005 3173 1076 3227 At
1111 3174 1371 3238 Joannes,
1421 3176 1668 3231 omnium
1719 3186 2053 3246 postremus,

2160 1914 2269 1969 Τοῦ
2296 1915 2506 1988 Πέτρου
2528 1917 2766 1990 δημοσίᾳ
2790 1918 2849 1970 ἐν
2881 1916 3068 1993 Ῥώμῃ
3092 1918 3433 1992 κηρύξαντος
3452 1918 3543 1972 τὸν
3563 1918 3735 1986 Λόγον,

2160 2009 2257 2063 καὶ
2309 2010 2589 2083 Πνεύματι
2623 2010 2685 2062 τὸ
2714 2009 3045 2081 Εὐαγγέλιον
3089 2010 3419 2076 ἐξειπόντος,
3452 2012 3580 2078 τοὺς
3615 2030 3740 2083 παρ-

2158 2096 2320 2160 όντας
2380 2096 2604 2160 πολλοὺς
2642 2094 2816 2160 sm;
2860 2095 3239 2169 παρακαλέσαι
3272 2097 3366 2151 τὸν
3397 2099 3641 2172 Μάρκον,
3672 2103 3738 2165 ὡς

2159 2189 2226 2243 ἂν
2274 2186 2713 2258 ἀκολουθήσαντα
2759 2187 2909 2258 αὐτῷ
2943 2187 3225 2260 πόρρωθεν
3259 2188 3370 2260 (9i)
3404 2191 3500 2245 καὶ
3543 2208 3728 2264 μεμνηο

2163 2276 2321 2349 μένον
2378 2276 2489 2330 τῶν
2540 2275 2882 2348 λεχθέντων,
2953 2277 3269 2350 ἀναγράψαι
3323 2278 3396 2333 τὰ
3451 2281 3735 2353 εἰρημένα.

2161 2369 2464 2439 ποιήσαντα
2509 2367 2569 2421 δὲ
2630 2368 2692 2422 τὸ
2732 2368 3093 2438 Εὐαγγέλιον,
3141 2369 3467 2440 μεταδοῦναι
3499 2373 3611 2435 τοῖς
3636 2370 3738 2425 δεο-

2163 2460 2346 2530 μένοις
2403 2459 2590 2515 αύτοῦ.
2635 2460 2811 2534 Ὅπερ
2861 2461 3150 2531 ἐπιγνόντα
3183 2462 3276 2516 τὸν
3337 2461 3565 2534 Πέτρον,
3590 2516 3594 2521 ,
3621 2479 3738 2533 προ-

2157 2551 2468 2621 τρεπτικῶς
2523 2553 2662 2623 μήτε
2698 2552 2941 2607 κωλῦσαι
2982 2552 3093 2625 (92)
3144 2554 3282 2625 μήτε
3319 2552 3733 2629 προτρέψασθαι.

2160 2643 2265 2697 Τὸν
2294 2644 2478 2715 μέντοι
2510 2644 2765 2717 Ἰωάννην
2794 2645 3019 2716 ἔσχατον
3045 2644 3329 2699 συνιδόντα
3360 2645 3444 2699 ὅτι
3466 2644 3535 2699 τὰ
3565 2661 3737 2718 σωμιι⁴

2160 2736 2288 2789 τικὲι
2337 2738 2395 2789 ἐν
2452 2738 2565 2800 τοῖς
2612 2735 2963 2805 Εὐαγγελίοις
3002 2735 3318 2807 δεδήλωται,
3369 2737 3736 2809 προτραπέντα

2160 2827 2267 2881 ὑπὸ
2311 2827 2420 2881 τῶν
2472 2828 2765 2901 γνωρίμων
2814 2827 2949 2899 (95),
2996 2827 3273 2899 Πνεύματι
3330 2827 3736 2902 θεοφορηθέντα,

2160 2920 2527 2992 πνευματικὸν
2574 2921 2792 2991 ποιῆσαι
2826 2920 3173 2989 Εὐαγγέλιον.
3208 2940 3226 2973 ι
3269 2921 3519 2975 Τοσαῦτα
3542 2924 3569 2974 ό
3605 2921 3738 2991 101';-

2162 3028 2289 3083 μης.
2325 3011 2495 3067 Πάλιν
2521 3011 2564 3064 δ’
2601 3013 2630 3066 ὁ
2661 3011 2923 3083 δηλωθεὶς
2967 3010 3331 3083 Ἀλέξανδρος,
3366 3012 3461 3066 τοῦ
3499 3013 3741 3084 Κλήμεν-

2164 3120 2277 3170 τος,
2307 3104 2422 3175 ἅμα
2442 3105 2498 3157 δέ
2520 3106 2614 3158 καὶ
2644 3104 2737 3158 τοῦ
2784 3104 3081 3159 Πανταίνου
3125 3104 3182 3158 ἐν
3210 3122 3316 3159 τινι
3356 3106 3490 3177 πρὸς
3536 3104 3737 3175 Ὡριγέ·

2166 3212 2265 3267 νην
2294 3197 2552 3268 ἐπιστολῇ
2584 3195 2930 3268 μνημονεύει,
2952 3196 3027 3261 ὡς
3049 3194 3114 3267 δὴ
3146 3195 3441 3268 γνωρίμων
3480 3196 3629 3268 αὐτῷ
3656 3210 3740 3265 τε·

476 3278 600 3318 cum
632 3263 842 3319 videret
878 3265 931 3319 in
970 3265 1196 3319 aliorum
1245 3265 1549 3338 Evangeliis
1572 3282 1635 3323 ea
1670 3283 1792 3339 qua:
1824 3268 1889 3324 ad
1926 3284 2057 3326 cor-

2165 3263 2407 3359 νομένων
2433 3263 2795 3360 τῶννᾶνδριῦν.
2821 3288 3025 3362 Γράφει
3053 3263 3114 3343 δέ
3139 3263 3347 3352 ἀεταὶςό
3396 3307 3415 3341 ι
3448 3263 3620 3343 Τοῦτο
3641 3263 3739 3359 γὰρ

474 3369 580 3425 pus
607 3356 808 3412 Christi
837 3359 1111 3427 pertinent
1152 3360 1350 3413 tradita
1379 3375 1519 3426 esse,
1560 3362 1672 3432 ipse
1711 3362 1897 3417 divino
1935 3361 2059 3432 Spi-

474 3459 586 3516 ritu
629 3458 840 3515 aﬂlatus
865 3462 1111 3530 spiritale
1151 3463 1502 3534 Evangelium
1539 3464 1893 3521 familiarium
1927 3481 2059 3521 suo‘

478 3581 602 3619 rum
625 3575 816 3635 rogatu
850 3568 1197 3638 conscripsit.
1236 3588 1256 3621 ι
1284 3568 1558 3626 Hactenus
1580 3571 1853 3627 Clemens.
1884 3571 2057 3628 Porro

477 3666 791 3724 Alexander
823 3670 870 3724 is
914 3669 983 3724 de
1014 3685 1123 3739 quo
1156 3671 1411 3741 superius
1442 3671 1705 3739 diximus,
1733 3677 1789 3727 in
1824 3674 2059 3743 quadam

479 3774 549 3829 ad
585 3773 877 3844 Origenem
907 3775 1158 3845 epistola,
1193 3770 1489 3834 Clementis
1532 3778 1694 3833 simul
1725 3794 1789 3834 ac
1814 3778 2058 3834 Pantami

479 3889 737 3951 tanquam
770 3880 1121 3938 familiarium
1158 3899 1384 3938 suorum
1418 3885 1753 3939 mentionem
1802 3872 1935 3941 facit
1975 3886 2061 3941 his

478 3987 707 4042 verbis:
740 4005 760 4039 ι
798 3985 924 4043 Hinc
967 3988 1109 4042 enim
1173 3988 1561 4045 Deivoluntas
1610 3990 1737 4056 fuit,
1783 4001 1843 4045 ut
1888 3992 2059 4058 nosti,

478 4107 589 4163 quo
617 4093 855 4148 amicitia
884 4105 1065 4151 nostra
1094 4094 1210 4165 jam
1243 4096 1367 4150 inde
1394 4109 1424 4149 a
1454 4094 1752 4163 majoribus
1778 4096 2052 4163 inchoata,

474 4213 637 4255 sacra
671 4208 835 4271 atque
872 4200 1129 4256 inviolata
1177 4182 1444 4268 maneret,
1488 4199 1598 4256 imo
1651 4201 1949 4258 ferventior
1989 4217 2056 4260 ac

2167 3380 2262 3433 καὶ
2307 3379 2520 3450 θέλημα
2569 3378 2725 3443 Θεοῦ,
2773 3379 2848 3445 ὼς
2903 3377 3070 3446 οἶδας,
3120 3382 3367 3450 γέγονεν,
3421 3380 3507 3435 ἵνα
3553 3381 3592 3451 ἡ
3643 3380 3741 3434 ἀπὸ

2168 3471 2447 3540 προγόνων
2487 3472 2616 3542 ἡμῖν
2660 3470 2811 3540 φιλία
2850 3470 2984 3541 μένῃ
3017 3471 3214 3535 ἄσυλος
3237 3488 3250 3501 ·
3290 3470 3490 3542 μᾶλλον
3534 3470 3596 3524 δὲ
3628 3470 3740 3541 θερ-

2170 3558 2433 3638 μοτέραῇ
2482 3564 2575 3617 καὶ
2610 3562 2948 3634 βεϐαιοτέρα.
3003 3564 3251 3641 Πατέρας
3284 3564 3395 3636 γὰρ
3428 3564 3586 3636 ἴσμεν
3625 3564 3739 3627 τοὺς

2170 3655 2472 3727 μακαρίους
2509 3654 2752 3719 ἐκείνους
2795 3656 2920 3719 τοὺς
2969 3654 3426 3727 προοδεύσαντας,
3476 3656 3612 3730 πρὸς
3655 3656 3740 3717 οὓς

2168 3745 2285 3816 μετ’
2323 3745 2501 3814 ὀλίγον
2546 3745 2803 3817 ἐσόμεθα,
2871 3746 3173 3800 Πάνταινον
3218 3745 3309 3799 τὸν
3357 3746 3626 3819 μακάριον
3672 3746 3739 3809 ὡς

2164 3836 2381 3910 ἀληθῶς
2412 3835 2507 3891 καὶ
2534 3836 2745 3909 κύριον,
2785 3838 2878 3890 καὶ
2915 3836 3005 3892 τὸν
3043 3837 3187 3909 ἱερὸν
3222 3837 3515 3910 Κλήμεντα
3555 3836 3737 3910 κύριόν

2167 3946 2267 4000 μου
2307 3928 2596 3999 γενόμενον
2629 3928 2722 3982 καὶ
2751 3927 3110 3999 ὠφελήσαντα
3145 3946 3234 4000 με,
3262 3931 3356 3983 καὶ
3378 3929 3432 3984 εῐ
3452 3947 3531 3992 τις
3558 3931 3739 4002 ἕτερος

2160 4020 2425 4084 τοιοῦτος,
2449 4019 2515 4073 δι’
2545 4012 2620 4073 ὧν
2655 4035 2713 4071 σε
2735 4017 3005 4091 ἐγνώρισα
3035 4020 3126 4073 τὸν
3149 4020 3291 4074 κατὰ
3321 4021 3496 4075 πάντα
3523 4020 3737 4093 ἄριστον

2164 4113 2258 4165 καὶ
2291 4111 2477 4183 κύριόν
2510 4128 2610 4182 μου
2630 4112 2723 4165 καὶ
2743 4111 2987 4181 ἀδελφόν.
3028 4130 3046 4162 ι
3078 4112 3187 4165 Καὶ
3216 4112 3391 4166 ταῦτα
3429 4112 3526 4185 μέν
3558 4110 3735 4167 τοιαῦ-

2162 4220 2249 4256 τα.
2312 4204 2371 4257 ’0
2393 4202 2542 4272 γέτοι
2620 4202 2991 4274 Ἀδαμάντιος,
3043 4204 3137 4257 καὶ
3193 4188 3353 4258 τοῦτο
3398 4205 3503 4278 γὰρ
3555 4200 3631 4277 ἦν
3664 4200 3740 4270 τῷ

571 4357 1377 4439 90)Προγεῃοάεςθαιξ.2εγεν.
1401 4353 2069 4439 lnncode‘Maqueihct
2099 4379 2144 4438 υ
2176 4373 2376 4422 remus,
2399 4358 2528 4439 haec
2556 4357 2698 4411 inter
2739 4371 2942 4439 sennon
2989 4359 3393 4439 pugnant.__Ait
3436 4359 3587 4439 euim_
3622 4358 3737 4413 Cle-

475 4425 1087 4500 Ιθυιίιίπρογεγραῴθαι
1141 4425 1377 4497 ἐλέγετο.
1448 4426 1552 4483 Sed
1617 4426 1804 4495 ἔλεγεν
1859 4429 2059 4483 rectius

2172 4445 2348 4500 mens,
2395 4427 2614 4482 Petrum
2650 4442 2770 4480 cum
2806 4425 3150 4500 Evangeliunt
3193 4443 3222 4481 a
3256 4429 3439 4485 Marco
3483 4430 3734 4500 scriptum

477 4499 758 4555 scribitur.

551 4570 663 4641 (91)
686 4570 1017 4641 Πόρῤωθεν.
1052 4568 1158 4623 Pro
1185 4571 1289 4624 hac
1318 4584 1454 4624 voce
1483 4569 1822 4640 Nicephorus
1855 4568 2058 4641 substi-

476 4640 584 4694 tuit
608 4641 674 4693 ἐκ
705 4640 925 4712 πολλοῦ,
960 4649 1158 4712 etcum
1188 4641 1437 4712 sequenti
1462 4642 1629 4697 verbo
1655 4641 1938 4712 conjunxit
1958 4640 2059 4693 hoc

478 4712 663 4781 modo.
700 4710 795 4764 καὶ
828 4712 892 4764 ἐκ
923 4710 1118 4781 milia}?
1155 4710 1526 4781 μεμνημένον.

552 4779 664 4850 (92)
700 4779 1637 4849 Προτρεπτικῶςμήτεκωλῦσαι.
1662 4782 1739 4834 lta
1768 4779 1967 4849 legitur
2002 4779 2056 4833 in

479 4850 734 4921 omnibus
771 4851 949 4916 libris,
980 4862 1032 4904 et
1076 4853 1217 4919 apud
1245 4851 1631 4920 Nicephorum.
1661 4851 2057 4919 Cbristopbor-

481 4934 652 4990 sanus
677 4930 855 4972 tamen
890 4921 1150 4974 audacter
1175 4923 1431 4982 mutavit.
1453 4923 1577 4990 quia
1607 4923 2061 4990 scilicetevangc-

478 4988 599 5043 licae
641 4990 950 5043 auctoritati
992 4991 1107 5044 lucc
1143 4992 1419 5044 adversari
1468 4988 1811 5045 videbantur.
1860 4988 2058 5045 Sediet

478 5058 749 5132 Eusebius
780 5061 892 5132 ipse
930 5060 983 5132 id
1024 5061 1183 5114 aliter
1203 5062 1582 5132 retulit_supra
1617 5062 1669 5115 in
1704 5063 1799 5117 lib.
1830 5076 1899 5132 tt,
1935 5076 2055 5129 cap.

481 5128 569 5184 14.
606 5126 723 5182 Illic
753 5126 895 5181 enim
922 5129 1125 5184 diserte
1153 5131 1367 5194 scribit,
1400 5126 1625 5186 Petrum
1659 5149 1783 5187 cum
1818 5126 2060 5198 Evange-

480 5199 614 5253 lium
647 5206 837 5269 rogatu
874 5198 1101 5253 fratrum
1130 5201 1221 5268 qui
1249 5200 1433 5255 [lernae
1457 5211 1640 5264 erant,
1668 5218 1697 5255 a
1719 5202 1902 5256 Marco
1927 5216 2059 5253 con-

477 5268 748 5339 scriptum
794 5283 921 5341 esse
955 5270 1256 5337 didicisset,
1299 5288 1568 5341 propenso
1612 5273 1831 5326 illorum
1877 5268 2056 5341 studio

479 5337 807 5413 magnopere
841 5337 1363 5413 delectatuuresse,
1404 5337 1462 5397 et
1521 5341 1875 5413 livangelium
1928 5337 2056 5413 illud

479 5408 642 5477 prout
671 5409 773 5478 ipsi
808 5411 1106 5463 revelatum
1156 5409 1332 5464 fuerat
1376 5408 1755 5471 coutirinasSe.
1818 5408 2058 5462 auxisse-

481 5487 669 5550 quent
700 5478 1040 5550 in_Ecclesiis
1074 5479 1659 5550 legeretursidqneita
1683 5481 1911 5533 relatum
1938 5492 2059 5532 esse

482 5547 673 5619 scribit
696 5547 1027 5619 a_C|emente
1050 5550 1102 5603 in
1138 5547 1230 5604 ιιι).
1274 5567 1323 5604 vt
1360 5547 1789 5619 Hypotyposeou,
1820 5550 1905 5602 cui
1935 5552 2059 5601 sub-

482 5617 676 5688 seribit
714 5616 904 5684 Papias
944 5616 1431 5688 llierapolitanns.‘
1454 5616 1727 5673 lltc'vero
1762 5619 2058 5671 Clementis

483 5686 647 5737 verba
680 5700 745 5738 ex
776 5690 964 5741 eodem
992 5686 1128 5741 libro
1156 5692 1398 5744 referens
1428 5688 1716 5744 Eusebius.
1742 5688 1905 5741 aliter
1933 5703 2055 5741 eum

487 5753 793 5817 loquentem
818 5758 1041 5813 inducit.
1080 5760 1276 5814 Verum
1312 5761 1503 5813 si'rent
1534 5760 1793 5813 attentius
1817 5758 2056 5812 conside-

2169 4498 2491 4568 editumque
2505 4513 2629 4552 esse
2650 4497 3013 4568 cognovisset,
3041 4497 3220 4566 palam
3246 4514 3347 4555 nec
3364 4497 3616 4562 vetuisse,
3644 4512 3737 4553 nec

2162 4567 2438 4622 laudasse.
2472 4567 2611 4620 Rem
2640 4568 2802 4637 igitur
2842 4567 3008 4622 tacito
3042 4582 3313 4622 consensu
3350 4570 3733 4636 comprobavit.

2159 4640 2337 4710 Atque
2377 4639 2451 4691 ita
2484 4636 2832 4710 concilianda
2857 4646 2986 4693 sunt
3012 4637 3130 4692 hate
3153 4639 3261 4710 duo
3282 4638 3420 4704 loca,
3448 4654 3567 4710 quae
3589 4639 3738 4710 Chri-

2138 4709 2565 4776 stophorsonus
2601 4708 2746 4761 inter
2780 4721 2839 4761 se
2884 4722 3127 4777 pugnare
3163 4708 3517 4763 existimavit.
3546 4709 3655 4764 Sed
3682 4717 3737 4761 et

2165 4779 2399 4833 [latinus
2422 4780 2680 4835 eumdem
2721 4792 2940 4831 sensum
2973 4789 3192 4832 secutus
3224 4789 3330 4845 εει,
3359 4794 3478 4833 cum
3509 4779 3579 4832 ita
3620 4793 3735 4830 ver-

2161 4851 2230 4904 tit
2268 4869 2281 4903 :
2312 4848 2547 4917 Cumque
2577 4846 3001 4919 factum_Pctrus
3026 4850 3368 4916 postmodum
3389 4849 3733 4919 cognovisset,

2161 4923 2278 4973 licet
2300 4919 2421 4987 ﬁeri
2447 4923 2614 4985 ipsum
2642 4934 2745 4971 non
2772 4917 3013 4987 jusserit,
3045 4928 3217 4972 tamen
3249 4917 3586 4987 [aclum'uon
3620 4934 3740 4987 pro-

2159 4990 2350 5042 hibuit.
2378 4986 2497 5041 Non
2525 4989 2703 5055 potuit
2725 4986 2917 5041 melius
2957 4989 3187 5058 exprimi
3230 4986 3529 5058 Cir-tuentis
3562 4986 3734 5044 loeus.

2160 5059 2330 5112 Porro
2354 5059 2408 5111 iu
2440 5058 2635 5113 Grzeco
2665 5058 3012 5131 scribendum
3046 5059 3264 5112 videtur
3288 5057 3596 5131 προφανῶς,
3631 5071 3734 5112 non

2158 5140 2338 5201 autem
2376 5128 2820 5201 πρρτρεπτικῶς.
2856 5126 3111 5201 Fortasse
3138 5126 3544 5201 autem'ﬂapias
3564 5142 3739 5201 ἔρειο

2163 5196 2720 5269 ιιιιε,ιοοιιὶυε“ιύιειδιιι
2749 5212 2913 5267 quant
2937 5198 3222 5261 Clemens,
3262 5209 3320 5253 et
3354 5196 3513 5254 Marci
3562 5196 3737 5251 Evan-

2159 5271 2361 5337 gclinm
2387 5287 2414 5320 a
2443 5270 2602 5322 Petro
2623 5269 3200 5337 eonfirmatnmfuisse
3227 5270 3456 5323 dixerat.

2231 5340 2344 5420 (95)
2361 5337 2938 5420 ’Προτραττέντιξνύπὸ
2960 5336 3081 5420 τῶν
3113 5336 3739 5420 πωρίμῳνζιηξβιτοῦῖ-

2161 5407 2283 5463 tntis
2318 5407 2371 5462 in
2417 5408 2743 5477 Pra'fatione
2777 5407 3299 5461 Commentariorum
3330 5413 3384 5462 in
3425 5407 3735 5463 Matt/tcum

2160 5481 2227 5533 de
2274 5477 2484 5533 Joanne
2537 5484 2783 5547 loquens,
2831 5481 2911 5531 sic
2959 5481 3038 5531 ait
3084 5477 3499 5534 :Ecclesiastica
3543 5484 3735 5547 narrat

2161 5549 2403 5613 historia,
2436 5565 2552 5603 cum
2586 5544 2621 5601 α
2662 5549 2922 5617 fratribus
2951 5557 3235 5617 cogeretur
3258 5559 3314 5602 ut
3349 5549 3610 5610 scriberet,
3654 5544 3736 5599 ita

2162 5618 2427 5689 facturum
2445 5635 2500 5672 se
2513 5620 2861 5686 respondisse,
2879 5620 2924 5672 si
2942 5620 3134 5689 indicto
3143 5619 3351 5689 jejunio
3368 5622 3420 5672 in
3437 5628 3735 5689 communes

2162 5705 2336 5742 omnes
2372 5688 2533 5742 Deum
2563 5685 2992 5757 deprecarentur.
3028 5685 3393 5758 Quo'e'xpleto,
3424 5685 3737 5758 reuelatione

2162 5769 2451 5824 saturatur,
2486 5754 2959 5833 ilfud'proa’ntium
3000 5776 3026 5813 ε
3058 5766 3187 5814 τζεΙο
3228 5754 3430 5813 ueniens
3455 5754 3732 5811 tractauit.
