3878 6476
235 315 307 377 ,5;
626 258 636 271 ’
1028 360 1036 367 .
1143 308 1491 369 msronu:
1528 312 2087 378 ECCLESIASTICE
2122 320 2252 378 LIB.
2299 321 2390 381 γι.

3315 333 3422 393 536

236 433 447 509 Ὦριγένει
476 430 654 503 ὄνομα,
708 427 1000 503 Ζεφυρῐνου
1043 429 1184 485 κατά
1218 431 1408 487 τούσδε
1453 434 1581 499 τοὺς
1611 434 1713 508 χρό

1842 437 2052 494 ﬁrmior
2077 440 2419 497 redderetur.
2453 440 2644 499 Patres
2665 443 3235 519 quippe'agnoscimus
3278 447 3415 503 bea-

222 544 317 591 νους
342 525 429 598 τῆς
463 523 737 595 Ῥωμαίων
796 522 1121 596 Ἐκκλησίας
1166 526 1491 597 ἡγουμένου,
1539 528 1730 601 ἐπιδη-

222 619 355 690 μῆσαι
381 619 437 689 τῇ
478 613 656 688 Ῥώμῃ
680 612 789 686 (94)
818 613 911 666 καὶ
949 613 1114 678 αὐτός
1141 632 1245 669 που
1280 616 1500 688 γράφει,
1536 617 1731 688 λέγων’

1843 541 1925 587 tos
1950 531 2069 589 illos
2103 536 2194 604 qui
2229 534 2375 590 viam
2402 536 2563 592 nobis
2602 540 2961 609 praziverunt,
3000 550 3055 597 et
3081 558 3219 614 quos
3259 538 3416 595 brevi

1833 626 2078 682 secuturi
2109 642 2331 695 sumus;
2361 628 2684 686 Pantaennm
2718 630 2927 688 scilicet
2949 648 3077 689 vere
3101 633 3319 691 beatum
3352 646 3418 686 ac

219 713 455 782 εὐξάμενος
489 706 581 779 τὴν
636 706 1000 779 ἀρχαιοτάτην
1069 706 1356 778 Ῥωμαίων
1408 708 1713 784 Ἐκκλησίαι

1832 717 2108 775 dominum
2138 736 2317 776 meum
2344 743 2356 778 :
2392 732 2449 778 et
2480 732 2728 779 sanctum
2759 723 3095 782 Clementem
3127 727 3415 785 dominum

218 804 333 858 ίδεῖνο
371 799 485 855 ἔνθα
541 800 599 852 οὐ
650 799 784 854 πολὺ
835 798 1139 872 διατρίψας,
1189 799 1466 855 ἐπάνεισιν
1509 804 1589 867 εἰς
1634 802 1713 877 τὴπ

1828 807 1955 865 item
1990 826 2169 868 meum
2222 815 2318 884 qui
2365 829 2453 870 me
2493 815 2785 886 plurimum
2834 817 3078 888 adjuvit:
3104 826 3159 878 et
3194 820 3242 877 si
3284 821 3410 892 quis

223 893 584 965 Ἀλεξάνδρειαν.
626 891 738 945 Καὶ
770 891 937 964 δὴτά
982 892 1184 965 συνήθη
1229 893 1330 965 τῆς
1363 896 1726 968 κατηχήσεως

1824 901 1966 957 alius
1994 903 2098 958 fuit
2142 906 2472 977 hujusmodi.
2520 909 2625 966 Per
2654 925 2795 982 quos
2824 918 2878 966 tu
2910 911 3042 967 mihi
3082 914 3408 981 innotuisti;

209 986 395 1042 ἐνταῦθα
423 984 550 1057 μετά
593 984 773 1057 πάσης
817 984 1056 1057 ἐπλήρου
1106 984 1360 1058 σπουδῆς,
1409 987 1713 1061 Δημητρίου

1830 992 2053 1051 domine
2082 1011 2147 1053 ac
2178 997 2345 1054 frater
2384 1000 2544 1072 longe
2585 1005 2830 1059 omnium
2871 1006 3342 1074 praestantissime.
3382 1028 3403 1061 ι

204 1079 288 1134 τῶν
322 1079 432 1151 τῇδε
455 1076 750 1131 ἐπισκόπου
798 1076 878 1131 ἑτι
926 1076 1048 1131 τότε
1100 1077 1491 1149 παρορμῶντος
1539 1080 1722 1149 αὑτὸν,

1832 1082 1898 1139 Et
1933 1082 2047 1141 haec
2079 1089 2297 1158 quidem
2328 1093 2403 1147 ita
2434 1109 2494 1150 se
2537 1097 2758 1154 habent.
2785 1098 3144 1157 Adamantius
3172 1117 3303 1158 vero
3331 1103 3407 1175 (id

203 1174 273 1227 καὶ
300 1168 556 1243 μονονουχὶ
603 1167 1029 1234 ἀντιϐολοῦντος,
1079 1167 1289 1233 ἀόκνως
1334 1169 1433 1243 τὴν
1473 1172 1555 1236 είς
1598 1173 1713 1237 τοὺς

1830 1178 1976 1233 enim
2004 1181 2170 1236 etiam
2197 1182 2420 1255 Origeni
2454 1203 2649 1244 nomen
2684 1189 2808 1261 fuit)
2835 1190 3143 1265 Zephyrino
3166 1210 3265 1266 per
3295 1167 3410 1252 haec

199 1264 414 1334 ἀδελφοὺς
434 1260 697 1331 ὠφέλειαν
718 1259 1012 1334 ποιεῖσθαι.

1835 1279 2079 1341 tempora
2130 1274 2429 1332 Romanam
2484 1280 2788 1340 Ecclesiam
2828 1285 3203 1357 gubernante,
3246 1305 3306 1345 se
3353 1290 3409 1345 in

197 1360 346 1413 urbem
378 1356 598 1411 Romam
643 1330 929 1411 advenisse
959 1356 1172 1423 scribit,
1212 1372 1335 1413 cum
1405 1359 1507 1414 sibi
1551 1360 1604 1414 in
1640 1361 1780 1418 votis
1809 1362 2027 1435 fuisset,
2092 1370 2238 1425 sicut
2283 1372 2512 1443 ipsemet
2556 1378 2753 1436 alicubi
2800 1330 2957 1449 dicit,
2983 1331 3281 1440 Roman’am
3309 1386 3412 1440 Ec-

196 1453 376 1509 clesiam
438 1452 681 1506 omnium
753 1450 1195 1520 antiquissimam
1270 1468 1459 1509 coram
1496 1454 1701 1512 videre.
1756 1458 1830 1515 lbi
1858 1462 2130 1533 paulisper
2172 1464 2432 1538 moratus,
2473 1470 2855 1530 Alexandriam
2895 1478 3073 1535 rediit.
3123 1479 3225 1539 Ubi
3273 1497 3410 1537 con-

195 1554 365 1601 suetum
406 1545 815 1601 catechumenos
881 1546 1105 1602 docendi
1156 1546 1390 1604 oiiicium
1455 1552 1602 1606 omni
1636 1555 1814 1612 studio
1881 1573 1946 1613 ac
2003 1560 2281 1631 diligentia
2338 1570 2583 1624 exercuit
2616 1587 2631 1624 :
2669 1569 2940 1629 Demetrio
2979 1575 3214 1633 civitatis
3288 1580 3407 1651 epi-
3484 1610 3487 1613 η

193 1656 322 1713 scopo
342 1641 612 1697 etiamtum
636 1641 783 1695 illum
812 1641 974 1713 217
994 1642 1265 1709 hortante,
1287 1659 1357 1700 ac
1378 1654 1586 1702 tantum
1616 1665 1724 1706 non
1765 1652 2104 1725 supplicante
2136 1669 2200 1715 ut
2230 1658 2458 1716 fratrum
2497 1665 2720 1721 utilitati
2751 1667 2987 1740 impigre
3010 1673 3263 1730 serviret.

667 1733 1060 1789 ΚΕΦΑΛΑΙΟΝ
1093 1735 1195 1791 ΙΕ’.
1246 1746 1251 1753 ‘

357 1823 490 1893 Περὶ
514 1822 911 1894 τοῦδἨρακλᾶ
944 1823 1083 1895 (Nic.
1113 1824 1186 1880 Η.
1222 1824 1292 1880 E.
1322 1821 1503 1891 v,H).

248 1909 296 1967 '0
333 1913 374 1967 δ’
416 1913 491 1978 ὡς
536 1913 729 1968 ἑαυτὸν
780 1913 925 1987 ἑώρα
972 1914 1047 1987 μὴ
1095 1916 1453 1990 ἑπαρκοῦντα
1504 1921 1570 1991 τῇ
1617 1917 1729 1973 τῶν

189 2006 311 2061 θείων
337 2006 601 2080 βαθυτέρᾳ
639 2008 825 2080 σχολῇ,
854 2011 920 2081 τῇ
954 2026 1012 2062 τε
1052 2008 1301 2076 ἐξετάσει
1337 2010 1432 2064 καὶ
1460 2012 1722 2084 ἑρμηνείᾳ

187 2100 268 2153 τῶν
298 2099 444 2173 ἱερῶν
482 2100 853 2172 Γραμμάτων,
894 2100 989 2156 καὶ
1041 2101 1266 2174 προσέτι
1299 2104 1366 2173 τῇ
1415 2101 1523 2155 τῶν
1555 2119 1726 2173 προο-

190 2192 336 2247 ιόντων
379 2196 699 2266 κατηχήσει,
752 2193 874 2265 μηδ’
924 2192 1261 2248 ἀναπνεῦσαι
1296 2194 1724 2266 συγχωρούντων

187 2284 316 2357 αὐτῷ,
341 2285 535 2358 ἑτέρων
556 2287 641 2355 ἐφ’
669 2285 881 2358 ἑτέροις
924 2285 984 2353 ἑξ
1014 2285 1090 2340 ’ἑω
1127 2287 1223 2340 καὶ
1259 2285 1453 2358 μέχρις
1484 2287 1721 2360 ἑσπέρας

186 2378 255 2432 ἐπὶ
273 2379 325 2432 τὸ
347 2379 470 2450 παρ’
501 2377 653 2449 αὐτῷ
676 2378 1039 2433 διδασκαλεῖον
1062 2377 1394 2449 φοιτώντων,
1433 2379 1720 2451 διανείμας

184 2470 237 2523 τὰ
260 2470 551 2543 aliger},st
586 2471 864 2544 Ἠρακλᾶν
909 2472 1015 2526 τῶν
1054 2470 1351 2544 γνωρίμων
1394 2473 1716 2545 προκρίνας,

183 2561 227 2614 ἐν
246 2579 294 2616 τε
319 2564 422 2626 τοῖς
455 2562 617 2626 θείοις
644 2563 950 2630 σπουδαῖον,
974 2565 1067 2618 καὶ
1091 2562 1267 2627 ἄλλως
1299 2562 1429 2619 ὄντα
1453 2563 1717 2635 λογιώτα-

182 2668 251 2707 τον
292 2654 445 2726 ἄνδρα
485 2655 579 2708 καὶ
633 2653 950 2724 φιλοσοφίας
994 2657 1093 2708 οὐκ
1151 2654 1406 2727 ἄμοιρον,
1461 2657 1718 2711 κοινωνὸν

182 2745 369 2817 καθίστη
409 2747 507 2818 τῆς
547 2748 924 2818 κατηχήσεως,
962 2747 1039 2818 τῷ
1077 2746 1174 2818 μὲν
1205 2747 1305 2819 τὴν
1337 2746 1563 2820 πρώτην
1608 2748 1717 2803 τῶν

181 2837 277 2912 ἄρτι
306 2841 743 2913 στοιχειουμένων
773 2838 1079 2913 εἰσαγωγὴν
1118 2841 1437 2914 ἐπιτρέψας,
1473 2841 1623 2915 αὑτῷ
1658 2840 1717 2897 δὲ

179 2932 255 3002 τὴν
276 2933 371 2987 τῶν
398 2935 455 2987 ὲν
478 2933 590 2999 ἕξει
616 2931 858 3003 φυλάξας
882 2933 1167 3004 ἀκρόασιν.

2391 1751 2667 1810 CAPUT
2705 1753 2844 1813 XV.

2434 1842 2513 1897 De
2541 1842 2591 1896 Η
2596 1846 2798 1899 eracla.

1898 1929 2032 1985 Cum
2063 1941 2243 1988 autem
2275 1935 2735 1992 animadverteret
2774 1954 2834 1994 se
2880 1955 3222 2013 nequaquam
3258 1946 3409 2002 snﬂi-

1828 2037 1953 2080 cere
1974 2026 2042 2082 ad
2072 2027 2397 2097 quietiorem
2430 2044 2611 2084 rerum
2642 2029 2948 2087 divinarum
2983 2039 3409 2111 contemplatio-

1832 2132 1979 2181 nem,
2002 2126 2057 2172 et
2082 2120 2148 2173 ad
2177 2135 2348 2175 sacra:
2385 2120 2684 2191 Scripturze
2705 2113 3094 2183 scrutationem
3126 2138 3288 2203 atque
3324 2134 3409 2188 in-

1832 2209 2313 2277 terpretationem,
2356 2210 2631 2281 simulque
2675 2213 2741 2266 ad
2785 2213 3182 2274 institutionem
3214 2236 3405 2280 eorum

1827 2298 1921 2367 qui
1969 2299 2035 2354 ad
2074 2300 2250 2370 ipsum
2297 2304 2669 2373 accedebant,
2708 2321 2805 2375 per
2846 2323 2981 2377 quos
3020 2325 3089 2365 ne
3134 2315 3408 2383 respirare

1825 2390 2046 2460 quidem
2092 2392 2192 2462 ipsi
2241 2393 2462 2460 licebat,
2497 2411 2623 2452 cum
2664 2397 2754 2452 alii
2803 2415 2967 2472 super
3001 2403 3138 2461 alios
3170 2422 3198 2459 a
3226 2408 3407 2476 primo

1824 2481 1961 2540 lucis
2001 2495 2196 2541 exortu
2238 2503 2413 2558 usque
2448 2490 2515 2545 ad
2548 2507 2831 2563 vesperam
2871 2495 3115 2553 scholam
3148 2497 3265 2568 ejus
3294 2499 3407 2556 fre-

1824 2585 2151 2644 quentarent
2186 2595 2200 2632 :
2231 2580 2406 2637 divisa
2455 2586 2605 2639 omni
2662 2588 2967 2643 auditorum
3030 2589 3403 2655 multitudne.

1826 2664 2111 2722 lleraclam
2152 2686 2218 2724 ex
2260 2669 2621 2730 familiaribus
2662 2677 2775 2732 suis
2805 2677 3067 2749 deligens,
3100 2678 3275 2733 virum
3314 2696 3406 2735 re-

1826 2771 1945 2812 rum
1988 2759 2290 2818 divinarum
2328 2767 2657 2835 studiosum,
2682 2779 2737 2824 et
2772 2769 2972 2837 alioqui
3003 2771 3402 2840 doctissimum,

1824 2862 1927 2903 nec
1954 2862 2244 2921 .expertem
2296 2856 2681 2926 philosoiihiaz,
2716 2862 2769 2914 in
2817 2861 3044 2915 docendi
3089 2860 3265 2917 oiiicio
3314 2876 3409 2916 st-

1822 2935 1967 2992 cium
1997 2938 2101 2995 sibi
2123 2949 2288 3013 atque
2317 2947 2703 3004 administrum
2738 2950 3003 3019 adiunxit.
3039 2950 3105 3005 Et
3136 2952 3264 3008 huic
3282 2955 3405 3023 qui-

179 3025 683 3083 deminstitutioncm
718 3043 912 3083 eorum
942 3028 1035 3098 qui
1102 3029 1297 3100 primis
1359 3029 1536 3088 adhuc
1575 3032 1952 3089 imbuerentur
2002 3037 2326 3096 rudimentis
2397 3045 2837 3101 mandavit:sibi
2894 3062 3024 3102 vero
3050 3044 3403 3116 perfectiores

177 3120 407 3177 docendos
440 3122 765 3178 reservavit.

645 3217 1042 3273 ΚΕΦΑΛΑΙΟΝ
1082 3220 1198 3287 ιςνς

174 3302 331 3374 Ὅπως
399 3308 705 3380 Ὠριτένης
757 3310 891 3380 περὶ
948 3312 1061 3380 τὰς
1124 3311 1288 3379 θείας
1350 3311 1718 3369 ἐσπουδάκει

476 3378 729 3450 Γραφάς
757 3379 897 3451 (Nic.
938 3379 1009 3438 H.
1052 3381 1119 3435 E.
1163 3398 1215 3447 v,
1249 3381 1357 3455 Η).

225 3469 450 3542 Τοσαύτη
486 3471 544 3524 δὲ
582 3472 832 3543 εἰσήγετο
861 3471 940 3544 τῷ
994 3474 1254 3546 Ὠριγὲνει
1293 3474 1401 3529 τῶν
1434 3474 1594 3529 θείων
1625 3475 1717 3531 λό-

173 3575 259 3630 γων
283 3563 715 3637 ἀπηκριϐωμένη
750 3563 1017 3630 ἐξέτασις,
1066 3566 1144 3630 ὼς
1179 3567 1274 3621 καὶ
1316 3566 1415 3639 τὴν
1460 3567 1717 3639 Ἐϐραῖδα

172 3654 374 3722 γλῶτταν
404 3656 690 3729 ἐκμαθεῖν,
734 3657 832 3720 τάς
858 3674 919 3710 τε
959 3658 1110 3731 παρά
1146 3663 1259 3724 τοῖς
1303 3659 1582 3725 Ἰουδαίοις
1612 3662 1715 3733 ἑμ-

171 3747 434 3818 φερομένας
455 3747 853 3819 πρωτοτύπους
893 3748 1077 3812 αὐτοῖς
1115 3749 1383 3821 Ἐϐραίων
1429 3751 1715 3822 στοιχείοις

170 3836 355 3910 Γραφὰς
379 3839 513 3911 (95),
543 3839 733 3911 κτῆμα
766 3840 898 3893 ἴδιον
930 3840 1280 3919 ποιήσασθαι,
1307 3840 1624 3912 ἀνιχνεῦσαι
1654 3859 1716 3896 τε

169 3929 246 3995 τὰς
270 3933 368 3986 τῶν
399 3933 609 4004 ἑτέρων
647 3931 803 4004 παρά
835 3933 960 3996 τοὺς
1003 3932 1406 4007 Ἐϐδομήκοντα
1433 3933 1533 4000 τὰς
1566 3935 1717 4007 ἱεράς

169 4015 354 4089 Γραφὰς
393 4022 819 4094 ἡρμηνευκότων
860 4022 1133 4087 ἐκδόσεις·
1178 4024 1272 4079 καί
1326 4042 1480 4090 τινας
1523 4026 1717 4099 ἑτέρας

169 4117 290 4189 παρὰ
323 4119 417 4184 τὰς
467 4117 965 4191 καθημαξευμένας
1013 4120 1308 4190 ἑρμηνείας
1356 4120 1712 4175 ἐναλλαττού-

169 4223 263 4276 σας,
298 4213 389 4284 τὴν
452 4211 683 4266 Ἀκυλου
734 4212 830 4265 καὶ
873 4212 1190 4283 Συμμάχου,
1227 4214 1323 4267 καὶ
1355 4212 1743 4283 Θεοδοτίωνος)

2407 3228 2637 3284 CAPUT
2671 3229 2810 3286 XVI.

1827 3316 2099 3385 Quantum
2124 3318 2360 3373 studium
2392 3319 2646 3444 Origenes
2672 3325 2727 3447 ii:
2760 3324 2951 3406 divinis
2971 3322 3261 3398 Scripturis
3286 3326 3393 3382 col-

2498 3409 2701 3447 ocavm
2730 3435 2746 3447 .

2498 3409 2746 3451 οεαυεηι.

1896 3478 2127 3536 Tantam
2172 3496 2338 3553 porro
2387 3498 2686 3541 curant'ac
2729 3485 3065 3556 diligentiam
3098 3487 3153 3543 in
3200 3488 3403 3546 divinis

1826 3570 2125 3643 Scripturis
2174 3577 2589 3645 perscrutandis
2640 3577 2937 3632 adhibebat
2989 3578 3294 3650 Origenes,
3342 3592 3404 3637 ut

1822 3664 2151 3722 Hebraicam
2185 3667 2350 3723 etiam
2393 3668 2629 3739 linguam
2665 3669 2934 3735 didicerit,
2966 3680 3022 3726 et
3053 3673 3402 3729 authenticos

1823 3757 2230 3828 Scripturarum
2263 3759 2434 3816 libros
2462 3758 2747 3818 Hebraicis
2771 3762 3008 3832 scriptos
3037 3762 3236 3821 litteris
3256 3806 3273 3833 ,
3305 3781 3400 3838 qm

1824 3850 1964 3919 apud
1996 3848 2210 3905 Judaeos
2239 3850 2533 3914 habentur,
2559 3851 2663 3906 sibi
2694 3856 3097 3924 comparaverit
3123 3872 3137 3910 :
3164 3856 3399 3912 aliorum

1824 3956 2039 4012 quoque
2088 3942 2182 4011 qui
2230 3950 2430 4011 praeter
2460 3942 2814 4014 Septuaginta
2858 3946 3184 4016 interpretes
3215 3963 3403 4004 sacras

1826 4033 2139 4104 St't'ipluras
2185 4033 2527 4105 interpretati
2567 4045 2728 4104 sunt,
2754 4037 3022 4096 editiones
3057 4046 3402 4111 pervestiga-

1823 4127 2006 4180 Vcl‘il:
2041 4126 2331 4183 nonnullas
2377 4127 2614 4199 denique
2661 4129 3138 4201 interpretationes
3188 4148 3217 4187 a
3260 4136 3405 4190 tritis

1826 4215 1935 4271 illis
1983 4225 2037 4270 et
2079 4215 2321 4287 vulgatis
2377 4217 2589 4286 Aquilae
2630 4218 2839 4273 scilicet
2884 4232 2950 4272 ac
2995 4218 3307 4291 Symmachi
3346 4231 3404 4275 et

168 4300 401 4376 ἑφευρεῖν,
430 4305 499 4370 ἃς
531 4306 633 4358 οὐκ
660 4299 756 4358 οἷδ’
783 4303 904 4358 ὅθεν
925 4303 987 4358 ἑκ
1006 4321 1166 4359 τινων
1199 4306 1394 4377 μυχῶν
1424 4306 1516 4361 τὸν
1549 4307 1713 4362 πάλαι

1827 4306 2217 4362 Theodotionis
2254 4307 2498 4362 diversas
2530 4306 2818 4376 repererit.
2860 4305 3010 4371 Quas
3053 4294 3274 4376 quidem
3311 4306 3403 4362 ille

167 4392 498 4462 λανθανούσας
543 4398 739 4469 χρόνον
796 4397 878 4461 εἰς
930 4397 1046 4467 φῶς
1100 4398 1422 4469 ἀνιχνεύσας
1469 4401 1717 4473 προήγαε-

1826 4416 1891 4457 ex
1930 4402 2116 4457 nescio
2149 4403 2346 4473 quibus
2385 4410 2572 4458 erutas
2607 4401 2825 4471 angulis
2868 4401 2923 4456 in
2961 4403 3159 4474 quibus
3183 4403 3404 4473 jamdu-

165 4502 241 4557 τιν
266 4489 388 4563 (96).
424 4490 544 4562 Ἐφ’
571 4482 649 4544 ὧν
680 4489 769 4544 διὰ
805 4490 905 4561 τὴν
944 4489 1267 4565 ἀδηλότητα,
1312 4492 1459 4556 τίνος
1492 4487 1564 4564 ἂρ
1606 4488 1713 4548 εἷεν

1829 4495 1957 4547 dum
1982 4493 2332 4559 delituerant,
2362 4494 2574 4564 primus
2604 4494 2658 4549 in
2685 4494 2863 4550 lucem
2888 4495 3167 4565 produxit.
3189 4495 3258 4552 Et
3277 4510 3403 4551 cum

221 4727 319 4796 (94)
363 4726 766 4801 'Emdnyﬁagt
798 4726 877 4795 τῇ
914 4727 1120 4801 Ῥῴμῃ.
1152 4728 1306 4784 Hunc
1338 4728 1592 4799 Origenis
1613 4732 1708 4787 ad-

1827 4736 1869 4786 in
1908 4730 2029 4786 Vita
2065 4730 2268 4785 Plotini
2305 4731 2354 4785 id
2383 4731 2626 4789 hausisse
2653 4734 2754 4789 sibi
2782 4734 2999 4788 videtur
3025 4734 3317 4801 Baronius,
3346 4734 3401 4791 in

165 4808 348 4852 Ventum
378 4799 435 4853 in
466 4797 661 4853 urbem
709 4797 938 4852 Romam
974 4797 1236 4853 Baronius
1266 4797 1477 4854 confert
1524 4802 1578 4855 in
1613 4817 1711 4857 an-

164 4868 492 4942 nnmﬁhristi
534 4867 793 4942 220,_qui
822 4878 943 4922 erat
967 4884 1143 4942 agnus
1187 4886 1204 4924 ι
1238 4871 1377 4942 imp.
1400 4870 1701 4942 Elagabali.

162 4935 391 4995 Eusebius
418 4951 607 4994 tamen
646 4935 951 5009 ,Origenem
987 4939 1216 4994 Romam
1261 4935 1475 4996 venisse
1504 4935 1706 4997 scribit

162 5008 735 5083 regnantejlaracalla.
770 5008 892 5083 Sed
943 5019 1037 5083 ut_
1060 5012 1163 5065 hoc
1208 5010 1463 5083 Baronioﬂ
1494 5026 1695 5068 conce-

160 5076 338 5150 damus,
385 5079 519 5137 illud
573 5079 802 5135 minime
850 5077 1133 5150 ferendum
1167 5090 1274 5140 est.
1309 5080 1463 5150 quod
1502 5083 1697 5137 ibidem

160 5149 235 5223 ait,
256 5149 543 5223 Origenern
572 5148 963 5223 Adamantium
1001 5150 1200 5223 iterum,
1226 5148 1455 5223 Romam
1477 5153 1701 5223 venisse

188 5220 431 5290 rincipatu
484 5220 724 5290 Philippi
775 5220 931 5290 imp.,
966 5234 1108 5274 anno
1144 5220 1344 5276 Christi
1395 5221 1521 5277 248.
1560 5221 1698 5277 Nam

176 5288 390 5363 Eusebius
413 5292 508 5363 qui
535 5288 1110 5363 res‘gestasprigenis
1146 5291 1198 5345 in
1218 5291 1339 5363 hoc
1371 5291 1508 5347 libro
1538 5307 1699 5347 accu-

156 5362 400 5420 ratissime
428 5359 730 5433 pertexuit,
772 5359 981 5433 nullunj
1004 5361 1227 5433 secundi
1255 5362 1414 5431 hujus
1433 5364 1695 5418 adventus

155 5430 458 5489 mentionem
485 5431 640 5487 facit.
681 5432 795 5485 lmo
820 5446 889 5485 ex
937 5430 1173 5486 Eusebio
1216 5430 1548 5486 contrarium
1584 5436 1696 5487 col-

154 5498 230 5570 iigi
258 5504 493 5559 videtur.
547 5502 755 5556 Scribit
789 5502 933 5554 enim
988 5502 1271 5565 Eusebius,
1300 5502 1586 5570 Origenem
1629 5504 1696 5559 de

153 5570 256 5642 fidei
288 5589 396 5629 sua:
424 5572 776 5642 professione
814 5570 1025 5642 litteras
1059 5572 1272 5627 dedisse
1303 5575 1371 5627 ad
1398 5570 1696 5628 Fabianum

153 5638 286 5698 Rom.
320 5638 474 5700 urbis
508 5644 850 5711 episcopum.
907 5640 1024 5694 Non
1061 5642 1228 5710 igitur
1274 5642 1500 5696 Romam
1552 5644 1703 5699 venit

151 5711 390 5785 Origenes
417 5714 488 5769 ad
533 5712 858 5785 Fabianum,
881 5711 1417 5785 _ntyu|t_Baronins,
1455 5715 1547 5767 sed
1583 5725 1700 5767 tan-

154 5780 254 5840 tuni
273 5786 480 5842 litteras
515 5784 586 5837 ad
614 5798 738 5838 eum
775 5781 937 5837 misit.
969 5780 1125 5848 Quod
1156 5797 1283 5841 vero
1305 5798 1372 5840 ex
1403 5784 1701 5859 Purpltyt'io

484 5881 765 5942 ΡΑτιιοι..
809 5876 927 5939 Gn.
975 5876 1110 5942 XX.

1817 4817 1885 4874 eo
1916 4802 2076 4874 longe
2110 4803 2338 4874 fallitur.
2354 4801 2551 4874 _Neque
2576 4805 2721 4858 enim
2759 4806 2826 4858 de
2855 4804 3088 4874 Origene
3117 4805 3400 4874 Adaman.

1818 4873 1894 4927 tio
1927 4872 2168 4944 loquitur
2200 4872 2310 4944 illic
2352 4872 2710 4944 Porphyrius,
2746 4874 2838 4929 sed
2871 4877 2935 4927 de
2959 4872 3156 4930 altero
3207 4873 3401 4944 Orige-

1814 4958 1901 5016 ne,
1935 4941 2132 5016 Plotini
2160 4952 2216 5016 et
2246 4941 2920 5016 lierenniicondiseipulo,
2946 4946 3035 5016 qui
3067 4949 3135 4999 ab
3164 4941 3400 5016 Origene

1809 5011 2137 5133 Adalmantio
2167 5012 2581 5083 distinguendus
2614 5024 2720 5078 est,
2753 5011 2811 5067 ut
2839 5011 2999 5084 paulo
3023 5024 3145 5085 post
3175 5011 3401 5072 demon-

1809 5094 1924 5133 stra
1950 5096 2129 5133 mntis.

1808 5083 2129 5138 strahimtts.

1879 5149 1994 5224 (95)
2026 5154 2525 5224 Πρᾼωτοτύπους...
2554 5152 2822 5221 Γραφάς.
2842 5154 3195 5210 Authenticas
3219 5165 3393 5211 verte.

1809 5221 1900 5294 Sic
1931 5221 2077 5294 enim
2102 5222 2276 5277 Latini
2300 5233 2618 5294 gvocant,_ut
2646 5224 2893 5294 pluribus
2923 5226 3187 5294 exemplis
3213 5225 3398 5279 docuit

1806 5292 2123 5348 Brissonius
2176 5293 2227 5346 in
2288 5292 2496 5348 Lexico.
2537 5292 2706 5348 Porro
2760 5293 3028 5350 Eusebius
3086 5292 3389 5351 Hebraicos

1806 5364 1866 5420 S.
1891 5362 2188 5431 Scriptura:
2216 5365 2435 5424 codices
2465 5363 2669 5418 idcirco
2697 5366 3044 5419 authenticos
3072 5373 3250 5429 vocat,
3288 5381 3400 5421 non

1799 5438 1944 5504 quod
1978 5448 2171 5489 revera
2208 5443 2391 5504 essent
2423 5434 2761 5501 primitivum
2812 5437 3095 5504 eremplar
3128 5444 3183 5490 et
3233 5446 3392 5490 auto-

1800 5503 2064 5576 graphum
2097 5505 2165 5558 ab
2207 5503 2395 5576 Esdrag
2423 5506 2798 5576 conscriptum
2829 5522 2843 5569 ;
2900 5508 2994 5576 sed
3047 5506 3396 5561 authenticos

1800 5572 2061 5640 appellat.
2094 5573 2505 5641 comparatione
2547 5572 2688 5627 facta
2723 5589 2846 5629 cum
2896 5574 3101 5630 Graecis
3138 5577 3397 5632 editioni-

1805 5646 2041 5715 bustam
2085 5643 2438 5715 Septuaginta
2471 5642 2833 5715 interpretum
2855 5660 3032 5715 quam
3064 5646 3324 5702 aliorum.

1877 5714 1987 5786 (96)
2025 5714 2133 5779 Εἰς
2158 5711 2285 5781 φῶς
2308 5711 3078 5786 ἀνανεύσάςλπροήᾱααγεν.
3139 5716 3268 5772 Haec
3318 5728 3402 5772 cst

1808 5783 2101 5847 verho'rusn
2162 5783 2447 5863 collocatio
2493 5785 2546 5837 in
2615 5784 2789 5839 tribus
2847 5783 3053 5842 nostris
3118 5791 3398 5844 codicibus

2921 5882 2992 5943 18
