3876 6502
429 403 533 457 567

1138 394 1407 453 EUSEBII
1440 388 1919 448 CESARIENSIS
1954 387 2109 446 OPP.
2151 387 2331 446 PARS
2366 389 2409 445 l.
2447 420 2518 433 —
2553 386 2944 446 HISTORICA.

3596 395 3694 452 568

434 542 588 581 usum
622 525 676 581 in
701 521 1056 595 philosophia,
1086 516 1412 575 adulteravit
1442 532 1456 569 :
1486 522 1749 585 quantum
1777 512 1994 582 quidem

2113 512 2336 584 ίογίμων
2378 509 2591 583 ἀνδρῶν
2632 509 2827 581 ὡμίλει
2882 510 3311 583 συγγράμμασιν
3335 529 3353 545 ·
3400 512 3603 587 ἐχρῆτο
3642 514 3695 570 δέ

432 622 499 676 ad
534 634 734 683 mores,
762 615 1075 673 Christiano
1105 611 1211 666 ritu
1258 618 1314 664 et
1338 610 1600 663 adversus
1643 605 1819 676 legum
1852 618 1998 673 prte-

432 714 632 782 scripta
658 711 889 774 vivens;
930 713 1190 777 quantum
1219 716 1348 757 vero
1391 701 1458 754 ad
1484 699 1768 770 opiniones
1810 697 1876 751 de
1908 710 2000 750 re-

431 803 531 857 bus
560 800 688 871 ipsis
715 813 778 853 ac
795 797 860 852 de
886 796 993 850 Deo
1009 803 1238 865 spectat,
1257 791 1572 862 graecizans.
1592 798 1647 845 et
1673 786 1991 843 Grtecorum

431 908 528 948 seu
564 890 848 962 gentilium
894 900 1179 944 sermones
1224 882 1528 954 peregrinis
1570 895 1882 951 supponens
1918 879 2001 935 fa-

428 984 597 1041 bulis.
631 981 956 1039 Versabatur
987 979 1133 1034 enim
1167 975 1388 1033 assidue
1431 991 1553 1031 cum
1590 975 1834 1031 Platone.
1885 973 2000 1028 Nu-

431 1074 595 1131 menii
627 1088 863 1145 quoque,
881 1071 1089 1133 Cronii.
1116 1068 1507 1141 Apollophanis
1537 1078 1593 1125 et
1614 1067 1868 1139 Longini,
1888 1065 2004 1121 Mo-

430 1167 606 1225 derati
642 1168 809 1223 etiam
857 1181 921 1221 ac
970 1163 1331 1228 Nicomachi,
1372 1171 1427 1217 et
1461 1161 1691 1216 aliorum
1732 1160 1825 1232 qui
1859 1159 2003 1215 inter

425 1257 815 1330 Pythagoricos
865 1256 1118 1327 praecipui
1160 1254 1449 1319 habentur,
1495 1252 1700 1322 scripta
1760 1250 2002 1321 quotidie

430 1350 742 1406 habebatin
781 1350 1057 1404 manibus.
1094 1346 1402 1403 Adhibebat
1439 1345 1603 1400 etiam
1636 1343 2003 1400 Chteremonis

428 1440 598 1497 Stoici
634 1451 687 1496 et
714 1441 938 1497 Cornuti
978 1441 1166 1495 libros.
1194 1440 1231 1492 A
1261 1437 1460 1506 quibus
1493 1451 1615 1490 cum
1650 1434 2001 1505 allegoricum

426 1533 482 1587 in
516 1533 850 1602 explicandis
884 1531 1195 1587 Griecorum
1234 1529 1507 1599 mysteriis
1530 1527 1745 1580 modum
1779 1526 2000 1581 didicis-

426 1636 511 1680 set
536 1665 553 1690 ,
581 1640 704 1679 eum
730 1624 973 1682 Judaicis
1004 1622 1306 1693 Scripturis
1341 1620 1611 1674 adhibuit.
1656 1638 1674 1670 ι
1712 1618 1837 1673 llaec
1868 1617 2003 1672 Por-

426 1718 653 1790 phyrius
687 1717 739 1771 in
791 1716 932 1772 libro
982 1715 1150 1770 tertio
1186 1714 1303 1782 ejus
1338 1714 1524 1783 operis
1571 1712 1713 1783 quod
1750 1712 2005 1767 adversus

427 1808 771 1864 Christianos
823 1806 1151 1875 composuit.
1187 1805 1289 1871 Qui
1337 1805 1406 1860 de
1450 1805 1548 1860 viri
1600 1804 1815 1874 quidem
1865 1803 2005 1857 illius

2100 604 2193 658 καὶ
2236 603 2584 675 Χαιρήμονος
2623 601 2737 672 (25)
2783 602 2879 657 τοῦ
2917 603 3157 657 Στωϊκοῦ
3181 644 3197 670 ,
3239 604 3584 678 Κουρνούτου
3641 624 3697 661 τε

2099 699 2217 760 ταῖς
2262 695 2465 767 βίϐλοις
2509 694 2642 767 (26).
2693 695 2835 766 Παρ’
2873 689 2947 750 ὧν
2990 696 3087 750 τὸν
3134 698 3538 769 μεταληπτικὸν
3592 698 3699 755 τῶν

2104 790 2235 860 παρ’
2258 787 2485 858 Ἕλλησι
2523 785 2839 859 μυστηρίων
2876 787 3040 857 γνοὺς
3069 788 3270 861 τρόπον
3293 831 3308 857 ,
3341 793 3462 855 ταῖς
3499 789 3698 845 Ἰουδα-

2100 882 2247 944 ῖκαῖς
2280 878 2528 950 προσῆψε
2553 879 2815 951 Γραφαῖς.
2846 896 2865 930 s
2900 878 3089 932 Ταῦτα
3120 879 3198 951 τῷ
3222 880 3519 953 Πορφυρίῳ
3552 881 3692 939 κατὰ

2101 973 2164 1026 τὸ
2203 972 2386 1046 τρίτον
2436 971 2775 1044 σύγγραμμα
2815 970 2924 1025 τῶν
2971 972 3294 1045 γραφέντων
3346 974 3500 1046 αὐτῷ
3550 974 3693 1031 κατά

2101 1063 2445 1136 Χριστιανῶν
2487 1063 2742 1137 εἴρηται,
2789 1063 3225 1135 ἐπαληθεύσαντι
3275 1067 3373 1138 μὲν
3421 1067 3553 1139 περὶ
3595 1069 3693 1141 τῆς

2102 1158 2326 1230 τάνδρὸς
2372 1158 2659 1230 ἀσκήσεως
2699 1158 2793 1212 καὶ
2830 1157 3233 1229 πολυμαθείας,
3278 1158 3611 1231 ψευσαμένῳ
3637 1160 3695 1215 δέ

2105 1251 2293 1319 σαφῶς
2326 1249 2398 1320 (τί
2427 1250 2536 1323 γὰρ
2571 1252 2671 1304 οὐκ
2715 1249 2939 1321 ἔμελλεν
2967 1253 2995 1304 ὁ
3025 1250 3169 1305 κατά
3202 1251 3548 1323 Χριστιανῶν
3566 1251 3604 1326 ;)
3638 1252 3695 1308 ἐν

2101 1337 2179 1405 οἷς
2209 1342 2373 1395 αὐτὸν
2410 1342 2509 1413 μέν
2546 1359 2710 1413 φησιν
2744 1342 2804 1410 ἐξ
2844 1342 3110 1415 Ἑλλήνων
3138 1343 3572 1415 μετατεθεῖσθαι,
3606 1344 3695 1399 τὸν

2101 1433 2144 1486 δ’
2184 1432 2494 1505 Ἀμμώνιον
2535 1436 2600 1487 ἐκ
2633 1433 2749 1504 βίου
2787 1432 2882 1487 τοῦ
2923 1433 3064 1488 κατά
3091 1433 3191 1506 τὴν
3216 1433 3564 1500 θεοσέϐειαν,
3605 1435 3697 1491 ἐπὶ

2102 1524 2192 1577 τὸν
2236 1524 2447 1579 ὲθνικὸν
2492 1524 2692 1597 τρόπον
2721 1526 2998 1580 ἐκπεσεῖν.
3049 1525 3139 1598 Τῷ
3179 1544 3240 1579 τε
3279 1526 3390 1599 γὰρ
3433 1526 3697 1600 Ὧριγένει

2102 1616 2171 1670 τὰ
2202 1616 2301 1688 τῆς
2333 1615 2476 1681 κατὰ
2502 1616 2735 1691 Χριστὸν
2765 1616 3113 1682 διδασκαλίας
3151 1620 3214 1672 ἐκ
3247 1618 3535 1691 προγόνων
3559 1616 3699 1672 ἐσώ-

2106 1708 2247 1774 ζετο,
2286 1709 2362 1773 ὡς
2391 1709 2486 1764 καὶ
2516 1708 2584 1763 τὰ
2610 1711 2709 1781 τῆς
2738 1709 2973 1781 πρόσθεν
3013 1702 3254 1783 ἱστορίας
3278 1710 3490 1783 ἐδήλου,
3527 1709 3608 1783 τῷ
3639 1727 3697 1765 τε

2119 1800 2411 1871 Ἀμμωνίῳ
2456 1801 2526 1855 τά
2578 1802 2679 1872 τῆς
2712 1800 2897 1855 ἐνθέου
2942 1801 3260 1872 φιλοσοφίας
3296 1802 3560 1873 ἀκέραια,
3605 1804 3699 1858 καὶ

428 1901 609 1955 studio
638 1911 693 1955 et
720 1872 1004 1969 multiplici
1035 1897 1278 1954 doctrina
1302 1895 1586 1951 verissime
1610 1872 2001 1965 pronuntiavit.

2113 1890 2449 1958 ἀδιάπτωτα,
2479 1892 2575 1946 καὶ
2607 1891 2798 1965 μέχρις
2825 1893 3061 1965 ἐσχάτης
3086 1892 3180 1947 τοῦ
3214 1893 3329 1964 βίου
3363 1872 3581 1966 διέμενε
3613 1911 3700 1949 τε·

429 1995 537 2049 Sed
586 1995 641 2049 in
688 2008 755 2049 eo
791 1992 1235 2049 manifestissime
1277 1991 1541 2046 mentitus
1579 2000 1663 2044 est
1714 1990 2005 2061 (quomodo

427 2087 572 2142 enim
591 2100 699 2141 non
730 2085 1056 2140 mentiretur
1080 2084 1173 2155 qui
1203 2084 1469 2139 adversus
1497 2080 1844 2138 Christianos
1868 2083 2007 2137 seri-

429 2177 591 2232 bebat
615 2175 678 2248 ?)
708 2175 849 2247 quod
905 2176 1079 2245 ipsum
1112 2174 1326 2246 quidem
1356 2190 1385 2229 a
1425 2173 1716 2245 gentilibus
1743 2174 1811 2229 ad
1840 2173 2005 2229 Chri-

428 2268 639 2322 stianos
690 2266 972 2322 transiisse
1007 2265 1187 2329 dicit;
1234 2265 1584 2321 Ammonium
1632 2279 1763 2321 vero
1813 2279 1844 2320 a
1890 2265 2006 2321 veri

425 2355 679 2413 Numinis
720 2357 869 2411 cultu
907 2357 974 2410 ad
1013 2356 1295 2426 gentilium
1350 2356 1512 2410 ritum
1556 2371 1618 2413 se
1673 2356 2003 2416 contulisse.

428 2446 564 2502 Nam
594 2457 649 2503 et
677 2446 942 2519 Origenes
974 2448 1297 2503 Christianze
1340 2446 1464 2501 fidei
1492 2448 1797 2504 doctrinam
1829 2462 1859 2502 a
1887 2464 2006 2504 ma-

423 2538 635 2606 joribus
674 2539 791 2594 suis
820 2553 1099 2609 acceptam
1130 2540 1410 2605 servavit,
1444 2549 1503 2595 ut
1536 2540 1590 2595 in
1621 2541 2006 2611 superioribus

429 2630 588 2699 22],
617 2629 1064 2695 ostendimus;et
1088 2632 1407 2687 Ammonius
1428 2632 1621 2687 divinat
1650 2633 2007 2703 philoSOphize

431 2732 697 2790 prtecepta
733 2724 800 2778 ad
844 2735 1147 2779 estremum
1178 2739 1349 2795 usque
1387 2726 1678 2779 terminum
1711 2728 1836 2779 vitte
1866 2728 2008 2781 inte-

430 2829 525 2877 gra
559 2824 723 2884 atque
755 2816 976 2871 immota
1020 2815 1261 2871 retinuit.
1294 2815 1590 2872 Testantur
1626 2818 1678 2872 id
1706 2818 2003 2874 etiamnum

429 2907 841 2963 lucubrationes
868 2907 972 2963 viri
1005 2909 1147 2963 illius
1186 2908 1255 2965 ob
1285 2925 1350 2964 ea
1389 2925 1508 2978 quae
1542 2910 1763 2981 reliquit
1802 2911 2003 2982 ingenii

428 3008 781 3054 monumenta
825 3000 1212 3065 celeberrimi,
1248 3001 1481 3070 exempli
1513 3003 1685 3072 gratia
1728 3002 1865 3058 liber
1914 3003 2006 3057 ille

428 3094 516 3148 cui
546 3091 732 3149 titulus
760 3103 845 3150 est
871 3112 886 3148 :
915 3092 987 3147 De
1004 3110 1262 3149 consensu
1278 3090 1446 3148 Mosis
1458 3112 1519 3148 ac
1542 3095 1694 3162 Jesu,
1713 3106 1768 3151 et
1782 3098 2008 3166 quicun-

425 3200 533 3254 que
565 3184 657 3239 alii
702 3185 843 3255 apud
873 3169 1147 3240 studiosos
1193 3186 1555 3256 reperiuntur.
1603 3188 1783 3257 Atque
1813 3189 1928 3243 haec
1976 3206 2004 3243 a

426 3277 585 3331 nobis
616 3276 762 3332 dicta
789 3276 901 3332 sint
927 3317 943 3343 ,
982 3287 1091 3332 tum
1126 3276 1193 3331 ad
1234 3277 1661 3334 convincendatn
1703 3280 2009 3336 mendacis-

426 3370 553 3424 siuti
582 3370 825 3426 hominis
854 3370 1211 3436 calumniam,
1244 3381 1354 3427 tum
1380 3371 1446 3426 ad
1474 3371 1729 3426 eximiam
1755 3368 2010 3442 Origenis

429 3463 483 3514 in
509 3461 844 3518 Graccanicis
870 3464 1170 3532 disciplinis
1204 3464 1564 3519 eruditionem
1595 3463 2004 3519 declarandam.

430 3552 508 3606 De
551 3567 657 3621 qua
702 3553 901 3623 ipsein
937 3554 1163 3623 epistola
1197 3556 1435 3624 quadam
1486 3555 1748 3610 adversus
1789 3568 1883 3609 eos
1913 3556 2006 3622 qui

429 3644 659 3697 nimium
710 3643 832 3713 ejus
866 3643 1104 3699 studium
1154 3658 1279 3715 erga
1325 3643 1641 3713 hujusmodi
1693 3641 2009 3710 disciplinas

429 3736 920 3805 reprehendebant,
936 3736 1172 3806 seipsum
1209 3752 1448 3808 purgans
1479 3736 1552 3790 ita
1586 3735 1803 3793 scribit:
1828 3752 1846 3785 ι
1870 3732 2004 3789 Cum

431 3841 564 3882 vero
589 3835 759 3881 totum
791 3842 878 3883 me
903 3828 1231 3884 addixissent
1280 3827 1449 3883 verbo
1473 3826 1597 3895 Dei,
1637 3841 1703 3883 ac
1730 3826 1799 3882 de
1820 3835 2007 3883 nostra

433 3970 861 4043 conscripsera_t,
899 3980 1037 4028 teste
1071 3971 1375 4043 Porphyrio
1404 3971 1628 4043 in_libro
1654 3969 1729 4043 De
1755 3972 1863 4026 vita
1895 3972 2005 4041 Py-

432 4043 668 4111 thagorae
691 4050 747 4095 et
788 4040 1062 4111 Stephano
1100 4044 1151 4097 iu
1182 4040 1319 4096 voce
1366 4040 1646 4112 Γάδειρα.
1679 4040 2006 4111 Corruptum

432 4120 520 4166 est
564 4112 723 4183 huius
752 4127 946 4183 nomen
990 4114 1042 4167 in
1074 4113 1494 4183 Commentariis
1526 4112 1771 4183 Syriaui.
1801 4128 2007 4183 cogno-

435 4190 616 4252 mento
670 4179 978 4252 Philoxeui,
1030 4184 1087 4237 in
1128 4179 1628 4252 xttiilletapltysic'es
1671 4179 2004 4248 Aristotelis,

434 4268 557 4319 pag.
583 4250 673 4313 9|,
709 4252 797 4305 ubi
826 4250 1096 4308 Oderatus
1122 4264 1175 4308 et
1224 4250 1589 4308 Nicomachus
1636 4253 1778 4306 inter
1819 4270 2009 4309 recen-

431 4323 604 4393 tiores
662 4320 1054 4393 Pythagoricos
1114 4333 1494 4377 numerantur.
1541 4323 1617 4377 De
1675 4321 2008 4381 Nicomacho

430 4390 660 4449 Photius
691 4390 744 4446 iit
777 4391 1105 4446 Bibliotheca
1134 4403 1189 4446 et
1224 4393 1440 4448 Suidas.

504 4462 616 4533 (25)
654 4460 1184 4533 ΚαίΧαιρήμονος.
1211 4462 1584 4518 Ειιαξιρηιοηίς
1609 4462 1775 4518 Stoici
1807 4464 2005 4519 librum

430 4531 749 4602 De‘contetis
781 4532 967 4587 laudat
996 4531 1257 4602 Origenes
1280 4534 1333 4587 in
1368 4533 1519 4587 libris
1548 4534 1744 4588 Contra
1772 4535 2001 4590 Celsum.

431 4600 535 4657 Hic
566 4601 883 4658 Chmremon
916 4600 1313 4672 philosophiam
1344 4604 1523 4655 docuit
1554 4604 1919 4669 Alexandriae,
1951 4617 2006 4659 et

430 4688 806 4730 successorem
852 4673 1043 4727 habuit
1088 4673 1397 4741 Diony'sium
1443 4674 1899 4738 Alexandrinum,
1948 4686 2006 4729 ut

429 4744 591 4799 docet
630 4743 829 4798 Suidas
879 4745 933 4798 itt
991 4743 1261 4812 Dionysio.
1306 4741 1717 4797 Restitueudum
1767 4754 1852 4799 est
1905 4745 2008 4799 hoc

430 4829 629 4883 nomen
657 4814 709 4867 in
734 4813 868 4869 libro
892 4811 1280 4883 septimoNat.
1308 4812 1512 4877 Quwst.
1543 4813 1793 4879 Senecae,
1828 4816 2008 4882 capite

430 4883 467 4936 5
494 4902 508 4937 :
541 4882 926 4954 Churimunder
952 4882 1160 4954 quoque
1194 4883 1385 4936 librum
1413 4883 1487 4938 De
1520 4885 1747 4938 cernetis
1773 4886 2006 4948 scripsit.

432 4953 789 5008 Seribeudum
828 4964 910 5010 est
948 4953 1274 5023 Chwremon.
1325 4956 1398 5007 De
1430 4954 1529 5008 hoc
1563 4953 1921 5023 Hieronymus
1954 4957 2007 5007 in

430 5022 573 5078 libro
619 5025 859 5078 secundo
908 5025 1172 5078 Adversus
1234 5022 1577 5077 Iovinianum
1640 5025 1713 5078 ita
1764 5022 2005 5081 scribit:

432 5094 741 5164 Chwremon
785 5092 1021 5164 Stoicus.
1067 5098 1143 5148 vir
1180 5097 1670 5164 eloquentissimus,
1712 5109 1897 5149 narrat
1941 5096 2005 5149 de

429 5165 538 5217 vita
572 5163 910 5236 antiquorum
944 5163 1162 5234 ὤρθριὶ
1206 5163 1563 5225 sacerdotum,
1593 5169 1733 5236 quod
1766 5166 2005 5220 omnibus

430 5233 620 5288 mundi
653 5235 870 5305 negotiis
896 5233 1135 5302 curisque
1159 5236 1476 5303 postpositis,
1503 5233 1708 5304 semper
1734 5238 1788 5289 in
1818 5238 2007 5305 templo

433 5305 790 5376 fuerinttetc.
821 5304 923 5370 Qui
961 5310 1111 5360 locus
1146 5307 1455 5374 llierouymi
1506 5315 1651 5361 totus
1694 5308 2009 5376 desumptus

430 5385 517 5428 est
557 5390 621 5429 ex
653 5375 939 5444 Porphyrii
973 5377 1066 5429 lib.
1097 5393 1146 5430 tv
1187 5377 1260 5430 De
1296 5377 1634 5431 abstinentia.
1672 5377 1861 5431 Exstat
1888 5375 2007 5445 epi—

473 5460 677 5499 ratnma
711 5445 974 5501 Martialis
1006 5448 1057 5498 in
1092 5450 1234 5500 hunc
1273 5446 1679 5501 Chaeremouem
1728 5446 1967 5501 Stoicum
1989 5485 2006 5510 ,

459 5517 574 5586 thro
619 5517 929 5575 undecimo.
970 5517 1363 5585 epigrammate
1396 5517 1498 5579 58,
1524 5532 1591 5570 ex
1639 5532 1747 5585 quo
1784 5525 2010 5586 apparet

433 5585 858 5658 cirea_te_t_npora
900 5586 1118 5658 'l‘rajani
1153 5586 1546 5658 illum‘vixisse.

507 5653 620 5724 (26)
650 5653 1028 5723 Κόυρνούτηύ
1053 5673 1118 5710 τε
1139 5655 1269 5722 ταῖς
1284 5655 1541 5723 βίϐλοις.
1565 5656 1838 5712 Cornutus
1857 5653 2008 5722 Afer,

432 5720 781 5791 Leptitauus,
805 5727 990 5780 Roma:
1018 5720 1415 5792 philosophiam
1443 5720 1629 5780 docuit
1660 5725 1871 5779 Claudii
1903 5720 2008 5779 Neé

436 5795 585 5846 ronis
628 5796 980 5864 temporibus.
1024 5797 1257 5865 Scripsit
1293 5794 1729 5865 tnultaitumide
1772 5794 2008 5865 philoso-

430 5865 580 5932 phia,
634 5875 744 5919 tum
795 5880 861 5921 ne
910 5864 1257 5936 eloquentia,
1301 5876 1360 5920 ut
1399 5864 1567 5923 refert
1618 5864 1838 5943 Suidas.
1868 5864 2010 5925 Huic

2111 1981 2325 2055 λευτῆς,
2352 1982 2427 2047 ὣς
2453 2001 2554 2038 που
2590 1984 2685 2039 καὶ
2712 1986 2760 2039 οἱ
2788 1983 3015 2057 τάνδρὸς
3039 1984 3208 2039 είσέτι
3230 1985 3328 2039 νῦν
3357 1985 3699 2060 μαρτυροῦσι

2113 2075 2303 2141 πόνοι,
2354 2075 2423 2129 δι’
2451 2070 2527 2131 ὧν
2580 2077 2838 2131 κατέλιπε
2884 2078 3331 2151 συγγραμμάτων
3383 2080 3540 2151 παρὰ
3586 2082 3701 2145 τοῖς

2112 2167 2382 2233 πλείστοις
2405 2169 2815 2241 εὐδοκιμοῦντος
2830 2188 2843 2201 ο
2866 2170 3015 2225 ὥσπε
3023 2189 3055 2244 ρ
3077 2166 3168 2226 οὖν
3190 2174 3282 2227 καὶ
3298 2175 3327 2227 ό
3353 2175 3701 2246 ἐπιγεγραμ-

2116 2258 2277 2330 μένος
2301 2260 2439 2329 Περὶ
2474 2260 2584 2330 τῆς
2631 2259 2926 2329 Μωῢσέως
2957 2263 3055 2316 καί
3095 2265 3289 2333 Ἰησοῦ
3320 2264 3700 2335 συμφωνίας,

2113 2352 2206 2406 καὶ
2237 2353 2350 2406 ὅσοι
2374 2351 2519 2407 ἀλλοι
2553 2352 2704 2425 παρά
2728 2356 2841 2417 τοῖς
2866 2354 3176 2423 φιλοκάλοις
3197 2355 3486 2429 εὕρηνται.
3514 2357 3703 2411 Ταῦτα

2116 2445 2215 2517 μὲν
2256 2440 2349 2499 οὖν
2385 2446 2465 2510 είς
2495 2446 2837 2519 παράστασιν
2875 2447 3143 2517 ἐγκείσθω
3167 2446 3280 2520 (27)
3307 2489 3322 2514 ,
3369 2449 3471 2521 τῆς
3502 2466 3564 2502 τε
3606 2447 3702 2503 τοῦ

2111 2526 2473 2611 ψευδηγόρου⁸
2507 2538 2890 2609 συκοφαντίας,
2942 2540 3036 2595 καὶ
3090 2542 3189 2613 τῆς
3234 2541 3546 2614 Ὠριγένους
3611 2542 3705 2598 καὶ

2114 2632 2243 2701 περ).
2273 2630 2341 2685 τὰ
2380 2630 2648 2702 Ἑλλήνων
2691 2632 2988 2705 μαθήματα
3024 2633 3385 2708 πολυπειρίας
3409 2652 3423 2667 ’
3471 2638 3607 2708 περὶ
3636 2632 3703 2709 ἧς

2115 2724 2249 2795 πρός
2276 2740 2434 2788 τινας
2479 2723 2865 2795 μεμψαμένους
2907 2725 3057 2797 αὐτῷ
3088 2725 3175 2779 διὰ
3216 2725 3314 2797 τὴν
3343 2728 3476 2800 περὶ
3519 2731 3703 2782 ἐκεῖνα

2115 2814 2347 2887 σπουδὴν
2400 2816 2853 2886 ἀπολογούμενος,
2911 2820 2969 2871 ἐν
3023 2818 3279 2891 ἐπιστολῇ
3348 2838 3458 2874 τινι
3527 2821 3703 2876 ταῦτα

2112 2907 2348 2977 γράφει·
2403 2927 2421 2959 ι
2446 2909 2597 2962 Ἐπεὶ
2641 2908 2698 2961 δὲ
2731 2908 3071 2980 ἀνακειμένῳ
3124 2928 3214 2980 μοι
3249 2910 3329 2982 τῷ
3373 2910 3555 2983 λόγῳ.
3603 2916 3704 2985 τῆς

2114 3000 2302 3071 φήμης
2320 2999 2706 3071 διατρεχούσης
2727 3000 2971 3073 περὶτῆς
2990 3001 3155 3069 ἕξεως
3177 3003 3360 3074 ἡμῶν,
3386 3004 3704 3077 προσῄεσαν

2112 3092 2202 3146 ὁτὲ
2244 3091 2343 3162 μὲν
2385 3092 2685 3164 αίρετικοὶ,
2734 3092 2823 3145 ότέ
2868 3092 2927 3146 δὲ
2967 3095 3015 3147 οί
3063 3093 3173 3148 ἀπὸ
3225 3094 3334 3148 τῶν
3369 3097 3703 3170 Ἑλληνικῶν

2118 3182 2487 3253 μαθημάτων,
2531 3183 2624 3237 καὶ
2663 3183 2897 3254 μάλιστα
2927 3185 3035 3239 τῶν
3063 3189 3120 3240 ἐν
3156 3188 3450 3261 φιλοσοφίᾳ
3476 3229 3492 3255 ,
3526 3190 3705 3257 ἔδοξεν

2110 3274 2364 3339 ἐξετάσαι
2400 3274 2472 3329 τά
2498 3292 2557 3328 τε
2589 3275 2696 3329 τῶν
2724 3277 3017 3347 αἱρετικῶν
3042 3278 3289 3351 δόγματα
3312 3321 3326 3346 ,
3359 3281 3459 3334 κα)⁸
3496 3282 3567 3336 τά
3595 3282 3705 3339 τῶν

2108 3366 2412 3436 φιλοσόφων
2478 3368 2608 3439 περ).
2668 3367 2925 3439 ἀληθείας
2980 3370 3164 3439 λέγειν
3226 3373 3700 3448 ἐπαγγελλόμενα.

2107 3457 2279 3512 Τοῦτο
2300 3457 2358 3512 δὲ
2384 3460 2785 3531 πεποιήκαμεν,
2817 3462 3188 3532 μιμησάμενοί
3211 3481 3273 3517 τε
3295 3464 3387 3519 τὸν
3414 3468 3524 3538 πρὸ
3550 3469 3708 3540 ἡμῶν

2107 3549 2337 3614 πολλοὺς
2369 3548 2730 3620 ὠφελήσαντα
2759 3551 3079 3617 Πάνταινον,
3114 3555 3214 3608 οὐκ
3244 3555 3435 3629 ὀλίγην
3465 3561 3526 3613 ἐν
3559 3560 3705 3614 ἐκεί-

2113 3660 2223 3707 νοις
2258 3643 2533 3715 ἐσχηκότα
2579 3644 2935 3717 παρασκευὴν
2956 3686 2971 3711 ,
3002 3646 3096 3700 κα)⁸
3125 3647 3215 3702 τὸν
3251 3647 3347 3704 νῦν
3375 3652 3436 3705 ἐν
3462 3651 3543 3724 τῷ
3575 3670 3707 3727 πρε-

2116 3735 2385 3806 σϐυτερίῳ
2429 3734 2790 3810 καθεζόμενον
2830 3736 3219 3809 Ἀλεξανδρέων
3254 3740 3571 3813 Ἠρακλᾶν·
3622 3746 3708 3799 ὄν-

2115 3842 2236 3883 τινα
2274 3821 2433 3901 εὗρον
2464 3830 2617 3903 παρά
2655 3829 2734 3901 τῷ
2765 3829 3067 3903 διδασκάλῳ
3097 3831 3208 3903 (28)
3253 3833 3364 3887 τῶν
3396 3834 3707 3906 φιλοσόφων

2115 3971 2337 4026 Persius
2381 3971 2630 4039 quintam
2687 3980 2933 4040 satyram
2983 3978 3240 4038 tauquam
3295 3972 3565 4037 magistro
3605 3988 3705 4029 suo

2111 4043 2331 4097 dicavit.
2364 4038 2494 4111 Ejus
2516 4041 2675 4111 iliber
2722 4038 2800 4093 De
2839 4038 3147 4111 Grtccorum
3191 4041 3458 4111 theologia
3504 4046 3707 4099 citatur

2111 4113 2181 4183 ab
2225 4110 2453 4167 auctore
2499 4110 2875 4183 Etymoiogici,
2916 4110 2979 4183 in
2996 4121 3133 4183 voce
3166 4112 3337 4183 Ζεύς.
3374 4110 3429 4166 ls
3463 4113 3583 4183 ipse
3621 4122 3705 4169 est

2111 4182 2251 4236 liber
2279 4184 2369 4251 qui
2404 4178 2637 4251 primum
2666 4180 2734 4234 ab
2752 4178 2899 4234 Aldo
2932 4178 3177 4251 Manutio
3198 4180 3390 4237 Grece
3410 4178 3497 4237 esi
3524 4186 3704 4240 editus

2115 4253 2215 4316 sub
2251 4249 2473 4307 nomine
2510 4250 2793 4316 Pbornuti,
2820 4266 2943 4305 cunt
2976 4249 3246 4305 Carnulus
3275 4252 3448 4306 scribi
3480 4254 3699 4315 debeat.

2119 4335 2177 4376 ttt
2216 4326 2376 4377 docet
2407 4332 2599 4394 auctor
2628 4321 2996 4394 Etymologici.
3029 4322 3235 4394 Quippe
3273 4321 3433 4377 locus
3462 4323 3569 4394 ille
3605 4327 3699 4394 qui

2114 4394 2315 4447 citatur
2345 4394 2399 4447 in
2434 4390 2819 4463 Elymologico,
2849 4400 3028 4463 exstat
3065 4393 3227 4463 hodie
3266 4394 3418 4463 apud
3454 4390 3704 4449 Phortiu-

2118 4475 2226 4516 tutu
2259 4464 2310 4515 in
2340 4460 2519 4529 capite
2547 4462 2741 4530 primo.
2776 4460 2927 4514 Hunc
2955 4460 3193 4515 libellum
3226 4460 3354 4515 olim
3395 4466 3703 4519 manuscri-

2114 4545 2262 4598 ptutu
2293 4529 2619 4586 vidimus’in
2667 4531 2994 4585 bibliotheca
3040 4529 3406 4595 Memmiana,
3453 4536 3551 4587 sed
3582 4534 3702 4588 nul-

2037 4584 2081 4639 D
2112 4584 2613 4674 i..'.’i.”éré[hduhen
2665 4602 2923 4674 auctoris.
2946 4584 2949 4585 ν
2970 4599 3046 4654 Ex
3080 4584 3147 4654 eo
3186 4584 3371 4674 autem
3584 4584 3699 4674 ἶρ-

2116 4683 2300 4739 paret,
2346 4673 2646 4727 Cornutum
2677 4671 2965 4740 allegorias
3000 4679 3265 4725 sectatum
3300 4672 3494 4727 fuisse.
3525 4671 3702 4741 Quare

2118 4744 2446 4815 Porphyrius
2488 4743 2685 4815 merito
2736 4740 2885 4795 illum
2955 4753 3205 4815 recenset
3248 4744 3393 4796 inter
3448 4740 3697 4812 philoso-

2113 4811 2385 4885 phostmi
2423 4811 2813 4885 tropologicum
2874 4825 3093 4885 seusqu
3142 4814 3495 4885 adnutarunt.
3541 4815 3698 4885 Ejus-

2111 4880 2231 4936 dem
2267 4883 2387 4937 libri
2452 4882 2700 4937 meminit
2752 4880 3115 4936 Tlteodoritus
3161 4882 3218 4935 in
3268 4883 3410 4936 libro
3459 4880 3702 4939 secundo

2113 4953 2189 5026 με
2232 4954 2505 5026 curatione
2565 4950 3288 5026 ercarumuaﬂ'ectionum
3319 4968 3339 5006 :
3388 4955 3700 5026 Κορνοῦτος

2109 5023 2165 5147 3i:
2218 5024 2247 5077 ό
2287 5022 2606 5093 φιλόσοφος,
2662 5021 2762 5094 τὴν
2804 5020 3130 5095 Ἑλληνικὴν
3183 5020 3698 5095 θεολογίανᾜυντέ-

2145 5111 2281 5147 εικε.

2145 5111 2281 5148 εικε.

2181 5166 2296 5235 (27)
2333 5167 2439 5231 Εἰς
2477 5164 2863 5234 παράστασιν
2897 5166 3207 5235 memon.
3246 5162 3430 5219 Codex
3478 5166 3617 5222 Fuit.
3645 5176 3700 5222 et

2112 5234 2406 5309 Medicinas
2427 5238 2626 5291 habent
2644 5234 2945 5309 xeisOw,_et
2974 5252 3100 5309 mox
3131 5234 3200 5288 τά
3226 5236 3498 5309 Ἑλλήνων
3533 5236 3703 5309 μαθή-

2114 5323 2289 5377 ματα,
2325 5307 2409 5362 cui
2459 5308 2733 5361 consentit
2779 5307 2951 5362 codex
2983 5307 3149 5371 Mam,
3192 5308 3338 5376 quod
3373 5307 3594 5376 quidem
3630 5307 3697 5361 ad

2114 5377 2466 5448 posteriorem
2497 5377 2672 5431 locum
2704 5378 2959 5448 pertinet.

2181 5449 2295 5518 (28)
2334 5443 2533 5516 Εὗρον
2566 5443 2727 5516 παρὰ
2754 5446 2834 5513 τῷ
2866 5446 3234 5516 διδασκάλῳ.
3278 5446 3357 5501 Ex
3393 5448 3481 5502 his
3516 5446 3697 5518 verbis

2112 5520 2369 5589 colligere
2395 5530 2501 5582 est,
2533 5518 3042 5589 Origenetncodetu
3089 5519 3351 5589 magistro
3378 5532 3492 5587 quo
3525 5517 3698 5572 Hera-

2111 5588 2261 5658 clam
2286 5605 2442 5644 usum
2475 5603 2600 5644 esse
2645 5591 2697 5643 itt
2740 5588 3101 5658 philosophia.
3145 5588 3459 5644 \"0cabatur
3510 5597 3691 5658 autem

2113 5657 2203 5713 ille
2246 5659 2588 5730 Ammonius,
2619 5668 2677 5712 ut
2705 5656 3036 5730 Porphyrius
3089 5674 3251 5730 supra
3283 5658 3442 5730 dixit,
3486 5658 3573 5713 vir
3600 5656 3689 5730 sui

2117 5731 2376 5796 temporis
2406 5726 2851 5799 philosOphoruin
2874 5726 3291 5799 celeberrimus.
3312 5728 3387 5782 De
3411 5744 3527 5799 quo
3552 5726 3688 5799 nihil

2114 5804 2306 5870 attinet
2352 5797 2440 5857 hic
2482 5814 2544 5856 ea
2588 5797 2837 5870 repetere
2864 5812 2982 5869 qua:
3015 5801 3199 5857 notavi
3227 5797 3293 5854 ad
3333 5797 3515 5855 Atu'tu.
3550 5797 3686 5853 lar-

2080 5882 2085 5889 ‘
2113 5866 2386 5927 celliuum.
