3876 6474
148 395 227 453 569

1107 395 1453 455 BISTORIE
1490 399 2053 465 ECCLESIASTICE,
2081 399 2212 456 LIB.
2249 398 2341 460 VI.

3259 397 3363 457 570

157 519 455 593 μαθημάτων
478 560 494 585 ,
540 517 643 591 ἤδη
694 517 856 573 πέντε
888 516 1065 573 ἔτεσιν
1096 519 1246 593 αὐτῷ
1289 525 1702 597 προσκαρτερή-

1806 523 2101 579 eruditione
2152 522 2294 578 fama
2342 521 2455 595 jam
2507 521 2758 579 crebrior
2806 530 3182 593 spargeretur,
3227 536 3361 576 con-

156 627 321 676 σαντα,
353 610 480 682 πρὶν
521 609 627 682 ἐμὲ
667 607 934 681 ἄρξασθαι
967 609 1185 665 ἀκούειν
1212 612 1436 667 ἐκείνων
1471 613 1580 667 τῶν
1605 612 1695 668 λόε-

155 720 260 772 των.
290 702 374 755 Διὸ
409 700 505 756 καὶ
531 700 803 775 πρότερον
827 703 978 772 κοινῇ
1012 701 1201 774 ἐσθῆτι
1237 702 1532 776 χρώμενος,
1562 705 1697 760 ἀπο·

155 794 413 865 δυσάμενος
432 831 448 858 ,
484 794 581 847 καὶ
621 791 910 864 φιλόσοφον
958 792 1241 848 ἀναλαϐὼν
1286 798 1492 868 σχῆμα,
1536 794 1696 869 μέχρι

156 886 230 941 τοῦ
252 886 399 958 δεῦρο
438 887 602 959 τηρεῖ
638 885 784 959 (29),
831 884 1013 957 βιϐλία
1047 903 1107 940 τε
1130 886 1409 960 Ἑλλήνων
1433 888 1576 944 κατὰ
1603 888 1697 944 δύ-

157 996 288 1051 ναμιν
314 978 371 1032 οὐ
399 978 636 1034 παύεται
674 977 991 1051 φιλολογῶν.
1015 998 1035 1033 ι
1073 980 1184 1033 Καὶ
1212 979 1384 1035 ταῦτα
1420 982 1696 1055 μὲν-αὺτῷ

157 1074 258 1146 περὶ
282 1074 375 1147 τῆς
408 1073 728 1145 Ἑλληνικῆς
769 1074 1056 1146 ἀσκήσεως
1087 1074 1505 1147 ἀπολογουμένῳ
1542 1076 1697 1149 εἴρη-

156 1183 241 1220 ται.
279 1164 425 1218 Κατὰ
467 1165 659 1219 τοῦτον
701 1165 759 1219 δὲ
793 1164 887 1221 τὸν
928 1164 1121 1237 χρόνον
1160 1166 1247 1220 ἐπ’
1294 1166 1698 1240 Ἀλεξανδρείας

156 1256 275 1329 αὐτῷ
317 1256 410 1320 τὰς
449 1255 737 1329 διατριϐὰς
783 1257 1123 1329 ποιουμένῳ,
1179 1258 1408 1322 ἐπιστάς
1462 1276 1548 1323 τις
1589 1259 1698 1313 τῶν

157 1345 520 1418 στρατιωτικῶν
540 1386 558 1413 ,
602 1346 841 1401 ἀνεδίδου
870 1349 1174 1420 γράμματα
1203 1348 1500 1420 Δημητρίῳ
1533 1365 1591 1401 τε
1620 1347 1699 1420 τῷ

156 1440 233 1511 τῆς
254 1438 529 1514 παροικίας
564 1439 851 1511 ὲπισκὸπῳ
874 1481 889 1506 ,
914 1440 1010 1494 καὶ
1039 1440 1116 1511 τῷ
1148 1442 1268 1494 τότε
1302 1441 1403 1513 τῆς
1425 1440 1698 1512 Αἰγύπτου

157 1531 365 1603 ἐπάρχῳ,
411 1530 564 1604 παρὰ
596 1531 695 1585 τοῦ
739 1531 839 1603 τῆς
879 1531 1135 1604 Ἀραϐίας
1165 1534 1490 1605 ἡγουμένου,
1520 1533 1597 1598 ὡς
1634 1533 1700 1588 ἂν

160 1623 271 1694 μετὰ
308 1623 540 1695 σπουδῆς
584 1623 805 1694 ἁπάσης
835 1624 925 1678 τὸν
960 1623 1239 1696 Ὠριγένην
1284 1624 1550 1696 πέμψοιεν
1589 1642 1703 1679 κοι-

156 1716 421 1784 νωνήσοντα
445 1714 622 1783 λόγων
653 1713 823 1784 αὐτῷ.
867 1713 1166 1786 Τοιγαροῦν
1193 1715 1574 1787 προπεμφθεὶς
1608 1716 1700 1771 ὑπ’

155 1806 318 1870 αὐτῶν,
345 1806 656 1877 ἀφικνεῖται
686 1807 779 1860 ἐπὶ
805 1805 903 1878 τὴν
935 1806 1213 1879 Ἀραϐίαν.
1247 1808 1361 1862 Οὐκ
1387 1810 1468 1872 είς
1494 1810 1702 1880 μακρὸν

1796 615 2089 673 ﬂuentibus
2119 615 2185 670 ad
2220 629 2308 670 me
2349 628 2492 670 nunc
2538 613 2810 671 haretieis
2831 652 2847 678 ,
2876 628 3023 668 nunc
3048 611 3363 667 Grzecarum

1795 707 2204 777 disciplinarum
2251 706 2544 773 studiosis,
2593 716 2650 761 et
2694 706 2930 761 maxime
2976 704 3362 777 philosophis:

1795 800 2032 857 scrutari
2078 800 2458 856 haereticorum
2499 799 2793 869 dogmata,
2842 807 2898 852 et
2949 810 3288 865 quaecunque
3334 812 3365 849 a

1796 893 2138 965 philosophis
2180 891 2248 947 de
2275 891 2503 947 veritate
2528 890 2831 958 jactantur,
2865 897 3121 942 excutere
3166 886 3369 943 consti-

1800 987 1896 1040 tui.
1929 987 2106 1055 Atque
2133 986 2236 1041 hoc
2267 982 2648 1043 fecimus.tuni
2682 980 2922 1037 Pantaani
2951 980 3093 1035 illius
3120 980 3210 1049 qui
3240 988 3371 1032 ante

1797 1093 1899 1133 nos
1927 1079 2115 1133 multis
2146 1076 2392 1148 profuit,
2435 1075 2742 1144 exemplum
2781 1074 2953 1130 secuti
2980 1115 2992 1136 ,
3032 1074 3122 1137 qui
3150 1072 3369 1141 quidem

1798 1171 2111 1244 huiusmodi
2161 1169 2477 1241 cognitione
2519 1182 2627 1222 non
2681 1166 3024 1222 mediocriter
3073 1164 3370 1221 instructus

1798 1264 1903 1319 fuit
1931 1280 1947 1318 :
1983 1270 2095 1317 tum
2128 1260 2372 1316 Heraclea
2396 1258 2488 1328 qui
2524 1272 2670 1313 nunc
2701 1259 2844 1312 inter
2870 1257 3214 1328 presbyteros
3245 1253 3373 1309 Ale.

1798 1350 2079 1408 xandrina:
2109 1349 2265 1404 sedet
2312 1347 2568 1403 Ecclesiae
2603 1365 2616 1401 :
2653 1362 2815 1417 quem
2862 1361 2961 1411 ego
3011 1351 3150 1417 apud
3194 1345 3369 1410 inagi-

1800 1452 1971 1500 strum
2000 1439 2357 1514 philosophiae
2388 1440 2563 1510 reperi
2589 1479 2604 1501 ,
2638 1439 2884 1509 quintum
2930 1438 3045 1508 jam
3089 1455 3290 1495 annum
3319 1439 3372 1496 ei

1801 1552 2021 1609 operam
2072 1535 2290 1590 dantem
2316 1572 2333 1598 ,
2374 1534 2694 1602 priusquam
2742 1548 2841 1601 ego
2874 1532 3139 1602 ejusmodi
3174 1534 3377 1589 doctri-

1752 1626 1757 1631 ’
1803 1644 1929 1684 nam
1963 1625 2272 1682 auscultare
2299 1624 2609 1692 cmpissem.
2647 1623 2825 1692 Atque
2870 1623 3073 1679 idcirco
3097 1640 3218 1680 cum
3258 1627 3377 1681 vul-

1803 1718 1918 1789 gari
1959 1724 2107 1772 veste
2149 1724 2306 1770 antea
2339 1729 2468 1769 usus
2494 1713 2716 1779 fuisset,
2747 1728 2811 1767 ea
2841 1715 3104 1783 deposita,
3134 1715 3371 1784 philoso-

1802 1811 2024 1881 phicum
2061 1809 2238 1864 induit
2265 1806 2534 1874 habitum,
2569 1822 2729 1876 quem
2763 1807 3062 1861 etiamnmn
3110 1809 3376 1871 retinens,

153 1898 199 1952 δὲ
220 1897 279 1951 τὰ
306 1899 400 1970 τῆς
428 1897 671 1967 ἀφίξεως
703 1899 782 1962 είς
808 1897 982 1969 πέρας
1007 1897 1231 1968 ἀγαγὼν
1250 1939 1265 1963 ,
1300 1894 1458 1962 αὖθις
1486 1898 1578 1951 ἐπὶ
1605 1898 1703 1970 τὴν

1806 1888 2113 1959 Graecorum
2159 1900 2328 1955 libros
2355 1898 2599 1953 studiose
2635 1897 2889 1952 evolvere
2932 1913 3037 1951 non
3078 1899 3313 1953 desistit.
3351 1918 3372 1951 ι

161 1986 530 2062 ⁹Αλείὲῄνδρειαν
563 1987 811 2060 ἐπανῄει.
850 1988 1057 2061 Χρόνου
1101 1988 1158 2042 δὲ
1205 1988 1407 2060 μεταξὺ
1449 1988 1693 2057 διαγενο-

154 2076 310 2147 μένου,
341 2078 401 2132 οὐ
444 2072 685 2150 σμὶκροῦ
715 2077 855 2133 κατά
892 2078 990 2150 τὴν
1028 2077 1183 2132 πόλιν
1213 2079 1695 2152 ἀναρριπισθέντος

152 2168 372 2241 πολέμου,
398 2169 716 2237 ὑπεξελθὼν
749 2171 848 2243 τῆς
882 2168 1287 2245 Ἀλεξανδρείας
1314 2176 1409 2227 καὶ
1439 2174 1573 2246 μηδὲ
1596 2175 1696 2240 τὰς

151 2262 248 2314 κατ’
266 2260 530 2331 Αἴγυπτον
566 2261 852 2333 διατριϐὰς
882 2263 1143 2334 ἀσφαλεῖς
1169 2264 1346 2336 ἐαυτῷ
1370 2265 1692 2337 ἡγούμενος,

148 2353 288 2411 ἐλθὼν
317 2354 408 2408 ἐπὶ
432 2354 824 2426 Παλαιστίνης,
860 2355 918 2407 ἐν
953 2356 1259 2429 Καισαρείᾳ
1288 2357 1389 2422 τὰς
1417 2356 1697 2429 διατριϐὰς

151 2448 348 2501 ἐποιεῖτο
366 2464 381 2479 ⁸
429 2445 564 2501 ἔνθα
593 2446 691 2500 καὶ
721 2446 1094 2516 διαλέγεσθαι,
1121 2448 1221 2513 τάς
1250 2466 1311 2502 τε
1344 2448 1495 2515 θείας
1527 2451 1700 2523 ἑρμη-

149 2538 291 2594 νεύειν
312 2538 533 2613 Γραφὰς
561 2540 657 2594 ἐπὶ
679 2539 774 2594 τοῦ
809 2540 990 2595 κοινοῦ
1018 2542 1119 2613 τῆς
1152 2541 1475 2614 Ἐκκλησίας
1509 2542 1618 2615 (50)
1647 2544 1697 2597 οἱ

148 2630 250 2702 τῇδε
276 2631 589 2698 ἐπίσκοποι,
639 2632 817 2686 καίτοι
848 2636 951 2705 τῆς
976 2633 1072 2687 τοῦ
1100 2634 1493 2707 πρεσϐυτερίου
1522 2653 1701 2708 χειρο-

149 2722 299 2789 τονίας
315 2725 531 2778 οὐδέπω
551 2725 891 2796 τετυχηκότα
916 2726 1077 2779 αὐτὸν
1106 2724 1308 2795 ἠξίουν.
1348 2728 1414 2779 Ὃ
1445 2727 1539 2780 καὶ
1569 2725 1702 2781 αὐτὸ

148 2812 311 2882 γένοιτ’
328 2815 392 2870 ἂν
412 2814 660 2888 ἔκδηλον,
687 2815 781 2887 ἀφ’
800 2808 874 2870 ὧν
896 2818 1023 2889 περὶ
1043 2817 1232 2872 τούτου
1252 2819 1548 2892 Δημητρίῳ
1566 2821 1703 2892 γρά-

148 2921 309 2973 φοντες
329 2948 344 2972 ,
360 2973 365 2978 _
384 2905 741 2978 Ἀλέξανδρος
774 2908 803 2961 ὁ
837 2907 1099 2980 ’ῐεροσολύ
1108 2925 1223 2981 μων
1267 2911 1564 2977 ἐπίσκοπος
1606 2912 1703 2967 καὶ

148 2997 435 3063 Θεόκτιστος
472 3001 504 3054 ὁ
537 3000 911 3073 Καισαρείας,
960 2993 1063 3054 ὧδέ
1112 3019 1231 3066 πως
1274 3002 1698 3073 ἀπολογοῦνται·

153 3107 169 3139 ι
191 3090 479 3164 Προσέθηκε
513 3091 573 3144 δὲ
607 3090 719 3161 (51)
747 3093 859 3155 τοῖς
892 3092 1231 3163 γράμμασιν,
1262 3093 1344 3147 ὅτι
1369 3093 1529 3148 τοῦτο
1553 3094 1707 3149 οὐδέ-ι

147 3199 256 3234 ποτε
280 3182 520 3254 ἠκούσθη
542 3223 560 3249 ,
603 3182 727 3236 οὐδὲ
772 3182 867 3239 νῦν
908 3184 1240 3255 γεγένηται,
1279 3186 1342 3239 τὸ
1365 3226 1380 3252 ,
1418 3187 1703 3259 παρόντων

146 3247 424 3328 ἑπισκδπων
450 3247 681 3337 λαῖκοὺς
711 3247 950 3345 ὁμιλεῖν,
985 3247 1206 3328 οὐκ-οἷδ’
1226 3247 1379 3341 δπως
1414 3247 1526 3350 (52)
1572 3296 1706 3353 προ-
1729 3247 1774 3307 c

145 3366 300 3434 φανῶς
326 3368 427 3421 οὐκ
461 3365 640 3437 ἀληθῆ
673 3365 866 3435 λέγων.
901 3368 1078 3442 Ὅπου
1119 3368 1249 3437 γοῦν
1284 3371 1627 3442 εὑρίσκονται
1657 3375 1707 3427 οἱ

145 3458 404 3534 ἐπιτήδειοι
440 3462 584 3533 πρὸς
610 3461 672 3514 τὺ
702 3460 930 3530 ὠφελεῖν
956 3438 1082 3528 τοὺς
1116 3438 1378 3535 ἀδελφοὺς
1406 3467 1502 3521 καὶ
1528 3485 1710 3541 παρα-

143 3553 404 3610 καλοῦνται
432 3555 516 3627 τῷ
547 3554 664 3626 λαῷ
697 3554 1045 3627 προσομιλεῖν
1064 3597 1078 3620 ,
1120 3557 1224 3612 ὑπὸ
1250 3558 1360 3613 τῶν
1386 3560 1556 3629 ἁγίων
1584 3563 1707 3616 ὲπιυ

145 3647 336 3703 exdi
355 3664 389 3679 ο*
407 3647 603 3718 ὥσπερ
649 3648 709 3699 ὲν
745 3646 1044 3717 Λαράνδοις
1072 3648 1305 3716 Εὔελπις
1338 3651 1441 3706 ὑπὸ
1466 3652 1700 3719 Νέωνος,

142 3738 222 3793 καὶ
247 3742 303 3794 ὲν
326 3741 531 3811 Ἰκονίῳ
559 3739 828 3804 Παυλῖνος
863 3739 969 3793 ὑπὸ
996 3740 1204 3796 Κέλσου
1228 3783 1243 3809 ,
1287 3744 1382 3797 καὶ
1417 3746 1475 3798 ὲν
1505 3745 1705 3800 Συννά-

141 3832 235 3897 δοις
257 3835 364 3906 (55)
388 3834 671 3906 Θεόδωρος
702 3830 808 3885 ὑπὸ
843 3831 1086 3888 Ἀττικοῦ
1110 3832 1217 3889 τῶν
1245 3835 1533 3912 μακαρίων
1556 3837 1708 3892 ἀδελ-

141 3922 261 3992 φῶν.
296 3925 456 3989 Εἰκὸς
494 3924 555 3978 δὲ
594 3922 693 3977 καὶ
724 3921 784 3975 ὲν
816 3920 996 3988 ἄλλοις
1021 3922 1208 3988 τόποις
1240 3923 1396 3977 τοῦτο
1438 3923 1704 3993 γίνεσθαι,

138 4016 267 4087 ἡμᾶς
292 4017 347 4072 δὲ
374 4017 451 4090 μὴ
484 4016 712 4072 εἰδέναι.
741 4033 761 4069 ι
805 4013 1005 4069 Τοῦτον
1040 4016 1134 4069 καὶ
1176 4014 1256 4068 ἔτι
1284 4014 1401 4079 νέος
1430 4013 1505 4069 ὢν
1547 4015 1576 4067 ὁ
1615 4015 1709 4087 δη-

197 4249 303 4315 (29)
339 4248 534 4319 Μέχρι
576 4245 686 4302 τοῦ
736 4246 913 4319 δεῦρο
955 4246 1137 4319 τηρεῖ.
1175 4246 1249 4301 Ex
1294 4246 1381 4302 his
1440 4257 1699 4317 apparet,

139 4322 327 4376 nullum
362 4317 532 4377 etiam
571 4329 685 4374 tum
719 4317 1048 4386 peculiarem
1095 4318 1260 4372 fuisse
1305 4319 1559 4372 vestitum
1587 4320 1700 4373 cle-

138 4389 382 4456 ricorum,
416 4390 873 4460 quandoquidem
899 4387 1154 4442 lleraclas
1182 4388 1561 4460 Alexandrina:
1598 4390 1699 4442 lic-

1797 1992 1924 2049 ﬂaec
1965 1995 2034 2046 ab
2062 1991 2295 2062 Origene
2323 1991 2465 2045 dicta
2505 2000 2653 2053 sunt,
2698 1997 2756 2043 ut
2791 1988 3025 2043 studium
3080 1988 3207 2042 illud
3235 1990 3378 2058 quod

1794 2083 2001 2140 Graecis
2030 2080 2330 2151 disciplinis
2361 2080 2722 2150 impenderat,
2746 2089 3052 2135 excusaret.
3081 2078 3192 2134 Sub
3219 2081 3361 2137 idem

1797 2185 2007 2245 tempus
2035 2188 2160 2229 cum
2206 2171 2552 2227 Alexandria:
2581 2180 2905 2235 moraretur,
2940 2172 3093 2229 miles
3138 2172 3371 2242 quidam

1796 2269 2089 2324 adveniens
2112 2307 2127 2332 ,
2160 2266 2437 2322 Demetrio
2504 2264 2764 2320 Ecclesia:
2790 2265 3046 2336 episcopo
3069 2306 3084 2330 ,
3113 2276 3167 2321 et
3195 2267 3363 2335 pra-ie

1797 2371 1887 2418 cto
1917 2361 2134 2433 Egypti
2171 2361 2383 2416 litteras
2425 2375 2455 2415 a
2495 2359 2634 2415 duce
2676 2359 2895 2415 Arabia:
2936 2359 3144 2425 detulit,
3186 2359 3385 2429 quibus

1799 2455 2061 2524 poscebat
2091 2462 2148 2508 ut
2190 2450 2482 2508 confestim
2512 2450 2579 2505 ad
2630 2465 2690 2505 se
2738 2451 3029 2520 Origenem
3059 2450 3339 2506 mitterent
3364 2491 3380 2514 ,

1801 2545 1894 2616 qui
1939 2544 2246 2600 doctrinam
2300 2559 2455 2599 suam
2511 2542 2612 2610 ipsi
2667 2541 3124 2597 communicaret.
3186 2539 3385 2599 Missus

1801 2640 1965 2709 igitur
1993 2639 2062 2694 ab
2114 2639 2218 2693 illis
2258 2636 2538 2707 Origenes,
2594 2636 2646 2691 in
2678 2637 2938 2692 Arabiam
2974 2635 3234 2707 perrexit.
3270 2634 3383 2692 Nec

1801 2731 1974 2786 multo
2005 2738 2152 2801 post,
2192 2729 2436 2800 perfecto
2478 2727 2631 2797 cujus
2662 2744 2820 2784 causa
2859 2738 3084 2785 venerat
3125 2729 3378 2800 negotio,

1799 2823 2187 2879 Alexandriam
2222 2837 2505 2893 regressus
2538 2822 2952 2891 est.Aliquanto
2979 2830 3103 2889 post
3133 2831 3383 2890 tempore

1801 2928 1924 2970 cum
1972 2914 2320 2969 Alexandriae
2379 2914 2761 2982 gravissimum
2825 2912 3025 2967 bellum
3085 2912 3381 2965 excitatum

1806 3006 2014 3071 fuisset,
2043 3005 2183 3060 clam
2219 3006 2345 3060 inde
2373 3005 2766 3075 aufugiens,ac
2794 3019 2861 3058 ne
2889 3004 2939 3057 in
2955 3001 3192 3073 [Egypto
3217 3000 3382 3071 222

1803 3098 2021 3167 quidem
2047 3097 2376 3152 Commorari
2411 3107 2584 3151 tutum
2616 3106 2793 3159 ratus,
2824 3094 3164 3149 Palaestinam
3197 3095 3380 3163 petiit,

1805 3199 1859 3244 et
1886 3190 2151 3245 (ἐπίδοι-θαι
2183 3189 2516 3245 domicilium
2566 3189 2712 3243 ﬁxit.
2762 3188 2866 3244 Ubi
2916 3176 3081 3242 etiam
3136 3187 3203 3241 ab
3233 3186 3382 3243 illius

1804 3282 2039 3354 regionis
2085 3283 2353 3354 episcopis
2396 3292 2618 3353 rogatus
2661 3292 2787 3345 est,
2839 3290 2898 3335 ut
2950 3281 3162 3351 publice
3199 3281 3250 3335 in
3281 3279 3385 3337 Ec-

1805 3375 1972 3431 clesia
2023 3376 2367 3443 dissereret,
2402 3385 2455 3432 et
2501 3375 2713 3431 divinas
2758 3374 3109 3445 Scripturas.
3165 3374 3381 3432 tametsi

1804 3467 2047 3524 nondum
2091 3470 2381 3540 presbyter
2425 3471 2727 3535 ordinatus,
2765 3477 3082 3537 exponeret.
3120 3469 3298 3537 Atque
3329 3469 3386 3525 id

1806 3558 2155 3614 manifestum
2202 3558 2369 3613 fuerit
2399 3560 2483 3613 vel
2510 3574 2577 3613 ex
2614 3559 2681 3613 iis
2710 3575 2830 3628 qua:
2858 3558 3167 3613 Alexander
3193 3558 3387 3616 Hiero-

1809 3648 2146 3720 solymorum
2193 3658 2249 3705 et
2299 3649 2651 3705 Theoctistus
2698 3649 3052 3704 Caesariensis
3099 3651 3388 3720 episcopus

1810 3742 1877 3795 ad
1913 3740 2245 3796 Demetrium
2295 3757 2395 3812 pro
2429 3741 2591 3810 hujus
2626 3742 2752 3798 facti
2792 3742 3109 3797 defensione
3137 3743 3389 3798 scribunt

1811 3832 1866 3886 in
1898 3833 2040 3889 hunc
2087 3832 2305 3888 modum
2340 3852 2353 3889 :
2390 3834 2543 3902 Quod
2578 3850 2708 3890 vero
2744 3834 2797 3889 iu
2850 3834 3048 3892 litteris
3084 3835 3191 3889 tuis
3240 3833 3390 3905 adje-

1811 3922 1936 3978 cisti
1968 3963 1983 3990 ,
2033 3940 2313 3995 nunquam
2366 3936 2524 3980 antea
2572 3925 2750 3979 visum
2803 3940 2905 3980 nec
2960 3925 3140 3980 adhuc
3182 3924 3387 3980 factum

1817 4015 2006 4083 fuisse,
2038 4027 2098 4072 ut
2124 4018 2488 4088 praesentibus
2523 4017 2793 4088 episcopis
2821 4017 2943 4072 laici
2988 4018 3388 4073 concionarea-

1879 4245 1989 4318 (52)
2032 4250 2155 4303 Οὐκ
2184 4245 2293 4303 οἶδ’
2316 4249 2493 4316 ὅπως.
2535 4247 2662 4318 Hinc
2703 4247 2924 4318 epistola
2957 4245 3023 4300 ad
3055 4246 3389 4318 Demetrium

1807 4316 2006 4387 scripta
2031 4333 2115 4373 est
2147 4322 2214 4371 ab
2244 4320 2554 4373 Alexamer
2583 4317 3081 4386 Hierosolymorum
3106 4316 3384 4385 episcopo,

1806 4388 1923 4441 viro
1955 4390 2339 4457 disertissimo,
2374 4391 2514 4442 unde
2564 4388 2825 4457 singulari
2877 4400 3100 4439 nurnero
3147 4387 3388 4454 loquitur

137 4460 299 4516 clesia:
328 4454 744 4532 presbyter,"_et
786 4458 878 4532 qui
910 4471 1092 4523 postea
1145 4458 1388 4532 ejusdem
1424 4458 1524 4511 loci
1574 4461 1697 4525 cpi-
1734 4527 1763 4532 _
1806 4458 1906 4511 οὐκ
1950 4454 2378 4532 oi8a,_quamvis
2411 4475 2516 4532 non
2548 4454 2760 4532 ianuam
2807 4472 2927 4532 suo,
2971 4457 3062 4510 sed
3108 4467 3161 4511 ct
3207 4456 3390 4511 Caesa-

136 4527 345 4600 scopus'
373 4527 518 4594 fuit,
574 4528 1011 4600 philosophicum
1079 4529 1296 4598 pallium
1353 4544 1567 4597 semper
1617 4546 1704 4583 re-
1734 4527 1780 4582 D
1808 4531 2007 4600 riensis
2032 4530 2268 4597 episcopi
2301 4530 2517 4600 nomine
2547 4528 2758 4600 litteras
2787 4528 3011 4600 scribat.

193 4671 309 4741 (50)
360 4671 494 4726 Ἐπί
557 4668 670 4725 τοῦ
730 4669 934 4724 κοινοῦ
981 4668 1094 4740 τῆς
1146 4670 1520 4739 Ἐκκλησίας.
1571 4669 1707 4727 Hinc

134 4738 393 4816 colligitur
428 4742 888 4816 ΟτίςοηειηηψιὶΔ
916 4738 1225 4796 catechetes
1262 4741 1438 4816 fuerat
1469 4741 1705 4816 Alesau.

135 4811 271 4878 drize:
306 4818 360 4869 in
406 4811 626 4885 privato
656 4811 947 4885 auditorio,
976 4828 1086 4885 non
1134 4820 1315 4885 autem
1377 4811 1707 4885 in_ecclesia

135 4881 553 4939 catechumenos
588 4881 919 4937 instituisse.
973 4881 1157 4950 Neque
1203 4882 1346 4935 enim
1399 4882 1707 4936 Alexandro

134 4967 180 5008 et
230 4957 555 5011 Theoctisto
608 4952 882 5022 episcopis
935 4952 984 5005 id
1047 4953 1311 5022 ohjiceret
1367 4950 1706 5018 Demetrius,

134 5029 257 5093 quod
298 5028 599 5096 Origeuem
654 5025 727 5096 in_
777 5024 1005 5096 ecclesia
1055 5026 1252 5096 docere
1294 5022 1617 5096 jussissent,
1663 5026 1707 5078 si

132 5092 463 5153 Alexandria:
496 5096 642 5149 idem
678 5093 748 5145 ab
781 5092 1015 5162 Origene
1053 5092 1251 5147 factum
1290 5094 1502 5147 fuisset.
1530 5092 1709 5157 Quare

131 5165 323 5222 fallitur
364 5166 631 5227 Ruﬁnus,
661 5162 757 5232 qui
799 5164 852 5217 in
893 5179 1014 5233 cap.
1043 5164 1077 5218 3
1108 5164 1266 5231 hujus
1300 5163 1420 5233 libri
1460 5166 1531 5217 ila
1574 5165 1712 5217 scri-

133 5235 197 5293 bit
232 5257 246 5294 :
289 5237 496 5295 Viden:
547 5235 848 5307 Demetrius
920 5237 1190 5303 episcopus
1251 5232 1392 5307 quod
1434 5235 1501 5287 ad
1539 5235 1713 5300 ipsum

133 5314 381 5378 praecipue
456 5306 721 5360 doctrina:
787 5307 960 5378 gratia
1013 5314 1063 5360 et
1119 5304 1511 5378 prwdicdtiouis
1575 5307 1710 5378 uerbi

132 5375 688 5444 Det—multitudines
759 5377 1003 5444 plurima:
1059 5375 1428 5439 conuolarent,
1481 5376 1712 5429 cateclti-

134 5454 276 5507 ωηιιὶ
313 5454 396 5518 ei,
442 5452 500 5504 id
546 5454 661 5509 est,
709 5446 932 5502 docendi
975 5447 1340 5517 magisterium
1376 5446 1433 5500 in
1479 5445 1713 5501 Ecclesia

131 5524 321 5576 tribuit.

195 5593 304 5665 (51)
342 5591 711 5662 Προσέθηκε
896 5586 1324 5665 Alloquebautur
1380 5586 1713 5665 Demetrium

131 5657 409 5719 in'te'rtia'
443 5657 939 5733 persona,ridqu‘e
986 5661 1211 5733 honoris
1265 5674 1449 5733 causa.
1498 5657 1713 5733 Suhau.

137 5735 379 5788 diendum
410 5727 502 5788 e'st
528 5734 702 5803 igitur
731 5732 765 5801 ή
795 5727 866 5801 cii
890 5729 1132 5798 ἀγιότης,
1164 5730 1421 5795 sanctitas
1444 5738 1556 5783 tua.
1583 5727 1713 5794 Quae

137 5815 285 5861 voces
320 5806 444 5862 sine
476 5804 649 5859 dubio
695 5809 1102 5870 praecesserant,
1144 5809 1202 5852 ut
1246 5809 1518 5857 constaret
1543 5814 1714 5869 βμετ.

141 5875 256 5942 tius,
278 5878 324 5933 si
357 5884 537 5933 totam
568 5867 858 5945 epistolam
887 5867 1229 5926 haberemus.

1879 4598 1991 4668 (5'5)
2044 4600 2139 4651 Ἐν
2166 4598 2517 4665 Σσυννάδοις.
2554 4598 2662 4662 AL,
2704 4598 2979 4658 Συνάδοις.
3024 4596 3388 4668 scribendum

1806 4666 1895 4723 est
1911 4670 2214 4733 Συννάδοις.
2240 4671 2398 4723 Certe
2426 4669 2659 4723 Ruﬁnus
2684 4672 2847 4722 vertit
2876 4669 3015 4730 apud
3049 4666 3383 4736 Symiadam.

1808 4738 1948 4794 Urbs
1978 4751 2062 4793 est
2093 4741 2339 4810 Phrygia:
2370 4741 2675 4803 notissima,
2705 4741 2783 4793 sic
2812 4740 2950 4792 dicta
2981 4737 3091 4810 ἀπὸ
3134 4737 3393 4810 ’τουῂσίυν⁴

1806 4810 1976 4873 ναίεν,
2018 4810 2068 4863 id
2131 4807 2218 4863 est
2246 4807 2550 4876 συνοικεῖν,
2601 4824 2666 4864 eo
2716 4810 2857 4877 quod
2894 4809 3044 4860 multi
3091 4822 3156 4861 ex
3210 4807 3391 4864 Illaec.

1807 4881 1967 4935 (lonia
1996 4879 2123 4934 illuc
2146 4882 2212 4934 ad
2239 4880 2583 4935 incolendum
2615 4880 2996 4934 contluxeriut.
3031 4878 3181 4932 Unde
3209 4884 3389 4947 primo

1808 4952 2025 5019 quidem
2075 4952 2214 5003 dicta
2262 4962 2346 5005 est
2397 4951 2658 5013 Συνναία,
2709 4960 2894 5019 postea
2946 4962 3097 5019 vero
3128 4960 3390 5018 corrupto

1809 5018 2071 5075 vocabulo
2106 5020 2343 5074 Σύνναδα
2368 5039 2396 5075 a
2448 5022 2693 5077 finitimis
2712 5018 2903 5074 vocata
2935 5028 3039 5074 est.
3078 5018 3387 5088 Stephanus

1810 5092 1861 5144 iu
1902 5092 2002 5162 lib.
2035 5091 2109 5144 De
2151 5094 2365 5146 urbibus
2389 5109 2408 5147 :
2444 5092 2518 5145 Τὸ
2549 5093 2644 5162 μὲν
2689 5089 2901 5162 πρῶτον
2940 5090 3145 5162 Συναία
3191 5091 3387 5162 (scribe

1810 5161 2073 5228 Συνναία)
2143 5163 2254 5234 ἀπὸ
2319 5164 2421 5234 τῆς
2480 5160 2801 5234 συναγωγῆς
2868 5160 2963 5214 καὶ
3025 5160 3389 5234 συνοικήσεως

1809 5233 2313 5305 προσαγορευθῆναι
2337 5250 2351 5264 ο
2370 5229 2386 5305 ξ
2404 5233 2540 5304 μετὰ
2688 5229 2861 5305 ταῦτα
2885 5229 3386 5305 ⁸ἰτᾳιρεςρθςιιρμιέν-οιξς

1811 5300 1916 5357 ὑπὸ
1959 5300 2505 5377 τώνϋπλησιοχώρων
2558 5302 2794 5377 Σύνναδα
2849 5301 3131 5377 κληθῆναι.
3172 5300 3267 5377 Εκᾼ
3302 5300 3385 5377 his

1813 5385 2040 5444 apparet
2066 5368 2449 5429 Etiwddat'cuiu
2482 5375 2692 5442 duplice
2719 5391 2758 5427 ν
2782 5368 2951 5427 scrihi
2982 5368 3383 5444 dcbcre._Quod

1810 5440 2027 5514 quidem
2076 5449 2401 5514 coulirtnaut
2441 5440 2605 5497 etiam
2654 5444 2856 5497 nummi
2912 5440 3385 5514 veteresaExstat

1812 5512 1954 5583 apud
1996 5515 2258 5571 Joannem
2296 5513 2608 5570 Tristauum
2644 5529 2893 5568 nummus
2927 5512 3224 5583 (laraeallm
3260 5526 3383 5583 cum

1813 5580 2336 5657 hacrinscriptione
2395 5584 2841 5657 CYNNAAEON,
2905 5581 3222 5657 ΔΩΒΫΙΕΩΝ,
3286 5580 3385 5634 10¢-

1811 5656 1977 5732 ῌῼΝ.
2006 5654 2168 5732 ουωξ
2192 5659 2409 5732 quidem
2466 5656 2751 5732 inscriptio
2803 5656 2965 5732 docet
3005 5654 3388 5732 ﬁyuuadensea

1814 5727 1981 5781 fuisse
2031 5725 2318 5788 Dorionas.
2353 5728 2404 5782 id
2440 5737 2545 5785 est.
2582 5725 2870 5779 Dorienses
2914 5726 3134 5780 lenibus
3181 5725 3387 5793 permi-

1815 5807 1950 5852 stos.
1997 5797 2168 5852 Erant
2212 5800 2355 5851 enim
2400 5797 2612 5866 origine
2665 5796 3007 5866 Macedones,
3052 5810 3114 5851 ac
3164 5793 3391 5866 proinde

1826 5867 2136 5936 Dorienses,
2163 5883 2351 5925 verum
2381 5869 2433 5923 in
2467 5865 2642 5922 medio
2665 5865 2825 5924 Ioniae
2854 5867 2970 5924 siti.
