3876 6488
145 410 218 465 581

145 527 381 586 Βασιλειῶν
396 522 604 596 πρώτη,
635 520 885 591 δευτέρα,
924 519 1051 590 παρ’
1083 517 1267 578 αὐτοῖς
1300 502 1355 567 ἓν
1388 509 1663 582 Σαμουὴλ,
1693 529 1741 586 Α

141 622 418 689 ὁθεόκλητος
437 635 449 647 ·
468 613 767 671 Βασιλειῶν
793 611 973 684 τρίτη,
996 610 1253 681 τετάρτη,
1282 610 1338 663 ἐν
1370 607 1449 660 ἐνὶ
1477 605 1664 676 Ούαμ.

141 718 268 789 μέλεχ
295 710 463 773 Δαόὶδ,
489 711 628 781 ὅπερ
668 707 786 760 ἐστὶ
821 704 1067 776 βασιλεία
1096 702 1279 757 Δαὸίὸ.
1323 699 1666 773 Παραλειπο-

139 807 279 881 μένων
314 801 515 874 πρώτη,
549 799 803 871 δευτέρα,
834 798 892 850 ἐν
913 798 994 850 ἐνὶ
1021 794 1188 867 Διϐρὴ
1237 791 1486 881 Ἀῖαμὶμ,
1526 790 1664 862 ὅπερ

136 879 226 950 ἐστὶ
251 893 379 963 λόγοι
415 890 669 962 ήμερῶνε
710 886 944 958 Ἔσδρας
998 884 1213 955 πρῶτος
1257 882 1351 936 καὶ
1386 879 1660 951 δεύτερος,

135 993 180 1043 ἐν
198 987 265 1041 ἐνὶ
314 984 488 1056 Ἐζρᾶ,
516 984 545 1037 ὃ
574 984 693 1035 ἐστι
728 978 940 1051 βοηθός.
972 976 1162 1040 Βίϐλος
1190 973 1458 1046 Ψαλμῶν,
1487 972 1663 1044 Σέφερ

134 1078 306 1150 Θιλλίμ.
360 1074 701 1145 Σολομῶντος
752 1070 1072 1143 Παροιμίαι,
1133 1066 1378 1122 Μισλώο.
1442 1065 1665 1137 Ἐκκλη-

134 1172 335 1242 σιαστὴς,
365 1166 604 1223 Κωὲλεθ.
628 1161 820 1238 τᾼσμα
844 1164 1124 1236 ᾀσμάτων,
1151 1161 1249 1233 (οὐ
1281 1159 1392 1233 γὰρ
1423 1160 1499 1224 ὡς
1532 1160 1665 1213 sm-

133 1260 418 1335 λαμϐάνουσι
446 1276 591 1323 τινες
634 1258 888 1329 ’ᾼσματα
917 1255 1179 1328 ᾀσμάτων
1210 1251 1371 1327 [57]),
1408 1252 1508 1324 Σὶρ
1537 1251 1665 1303 Ἀσιι

135 1356 274 1429 σιρίμ·
312 1353 532 1416 Ἡσαΐας
565 1350 701 1422 (58),
750 1349 970 1403 Ἰεσαῖά.
1010 1348 1281 1420 Ἱερεμίας
1310 1348 1407 1399 σὺν
1433 1344 1662 1417 Θρήνοις

132 1450 206 1504 καὶ
225 1450 280 1519 τῇ
301 1444 568 1516 ἐπιστολῇ,
592 1445 650 1496 ὲν
684 1442 766 1495 ἐνὶ
797 1441 992 1513 Ἰρμξα·
1025 1439 1244 1511 Δανιὴλ,
1272 1436 1491 1508 Δανιήλ·
1511 1434 1664 1500 Ἰεζε-

130 1541 245 1612 κιὴλ,
275 1536 518 1609 ἰεεζκήλ·
560 1533 703 1601 Ἰὼϐ,
740 1532 880 1587 Ἰὼϐ·
922 1532 1143 1603 Ἐσθὴρ,
1179 1529 1398 1602 Ἑσθήρ.
1432 1525 1578 1592 Ἔξω
1604 1525 1661 1579 δὲ

129 1634 291 1690 τούτων
308 1630 419 1686 ἐστὶ
439 1630 508 1685 τὰ
528 1626 924 1690 Μακκαϐαῖκὰ,
949 1627 1093 1697 ἆπερ
1108 1623 1507 1697 ἐπιγέγραπται
1524 1621 1663 1693 Σαρ-

127 1727 206 1798 6ὴθ
229 1726 456 1798 Σαρδανὲ
492 1723 613 1778 Ἐλ.
664 1742 683 1774 ι
722 1720 908 1775 Ταῦτα
943 1720 1041 1791 μὲν
1069 1714 1161 1772 οὖν
1190 1718 1249 1770 ὲν
1277 1715 1355 1787 τῷ
1400 1730 1662 1785 προειρη-

130 1820 241 1892 μένῳ
272 1819 442 1891 τίθησι
499 1817 917 1889 συγγράμματι.
967 1813 1054 1867 Ἐν
1086 1812 1144 1865 δὲ
1182 1810 1259 1891 τῷ
1297 1806 1499 1880 πρώτῳ
1549 1806 1658 1859 τῶν

125 1916 189 1977 εἰς
210 1914 260 1966 τὸ
282 1912 416 1968 κατὰ
453 1912 739 1967 Ματθαῖον
774 1907 1125 1977 Εὐαγγέλιον,
1157 1905 1248 1959 τὸν
1281 1902 1663 1974 ἐκκλησιαστι-

125 2006 198 2059 κὸν
221 2006 484 2075 φυλάττων
521 2006 746 2069 κανόνα,
792 2003 927 2076 μόνα
968 2000 1210 2070 τέσσαρα
1253 1996 1453 2050 εἰδέναι
1486 1995 1664 2063 Εὐαγ-

122 2097 241 2166 γέλια
270 2097 623 2170 μαρτύρεται,
645 2088 750 2149 ὧδὲ
780 2111 896 2157 πως
921 2091 1148 2163 γράφων
1167 2105 1179 2119 ·
1217 2106 1236 2139 ι
1280 2087 1368 2150 Ὠς
1397 2087 1455 2138 ἐν
1485 2102 1665 2157 παρα-

118 2189 230 2244 δόσει
258 2190 434 2263 μαθὼν
467 2190 581 2261 (59)
615 2189 746 2261 περὶ
776 2186 884 2241 τῶν
915 2184 1193 2255 τεσσάρων
1232 2178 1598 2249 Εὐαγγελίων,
1626 2178 1663 2234 ἂ

121 2281 194 2334 καὶ
217 2283 336 2353 μόνα
361 2280 736 2353 ἅναντίρῤητά
772 2280 923 2332 ἐστιν
962 2278 1018 2329 ἐν
1049 2278 1116 2347 τῇ
1151 2273 1258 2327 ὑπὸ
1300 2272 1391 2326 τὸν
1434 2269 1663 2343 οὐρανὸν

130 2374 381 2446 Ἐκκλησία
419 2372 516 2427 τοῦ
544 2372 685 2426 Θεοῦ
707 2390 720 2403 υ
764 2372 847 2425 ὅτι
882 2369 1096 2441 πρῶτον
1129 2367 1227 2438 μὲν
1259 2365 1571 2437 γέγραπται
1602 2363 1663 2417 τὸ

118 2467 227 2520 κατὰ
259 2467 343 2519 τόν
374 2482 510 2519 ποτε
555 2461 821 2532 τελώνην,
854 2459 1087 2529 ὕστερον
1132 2457 1188 2510 δὲ
1218 2453 1514 2510 ἀπόστολον
1559 2455 1663 2525 Ἰη-

120 2558 192 2612 σοῦ
226 2557 447 2631 Χριστοῦ
491 2554 797 2615 Βῐατθαῖον,
847 2549 1179 2605 ἐκδεδωκότα
1219 2547 1351 2602 αὐτὸ
1392 2548 1508 2609 τοῖς
1555 2543 1663 2599 ἀπὸ

129 2651 415 2726 Ἰονδαῖσμοῦ
448 2648 801 2713 πιστεύσασι,
836 2644 1157 2717 γράμμασιν
1196 2641 1503 2713 Ἑϐραϊκοῖς
1535 2657 1664 2693 συν-

115 2746 432 2817 τεταγμένονο
481 2743 741 2813 δεύτερον
772 2739 829 2792 δὲ
858 2738 919 2792 τῦ
956 2735 1095 2790 κατὰ
1123 2736 1350 2809 Μάρκον
1372 2775 1387 2799 ,
1431 2734 1507 2797 ὼς
1555 2732 1662 2785 Πέ-

116 2850 213 2905 τρος
256 2835 570 2906 ὑφηγήσατο
624 2828 795 2900 αὐτῷ,
850 2829 1170 2899 ποιήσαντα.
1219 2828 1284 2879 Ὃ
1324 2825 1418 2878 καὶ
1451 2824 1565 2877 υἱὸν
1603 2826 1661 2877 ἐν

113 2931 168 2999 τῇ
183 2928 415 3000 καθολικῇ
442 2924 709 3003 ἐπιστολῇ
730 2924 817 2977 διὰ
842 2923 1044 2977 τούτων
1068 2918 1387 2992 ὡμολόγησε
1409 2918 1657 2989 φάσκων·

114 3034 135 3066 ι
172 3014 472 3081 ’Δσπᾶζεται
512 3015 665 3086 ὑμᾶς
703 3014 737 3084 ἠ
765 3014 821 3065 ἐν
852 3011 1128 3065 Βαϐυλῶνι
1159 3008 1513 3080 συνεκλεκτὴ,
1566 3010 1662 3063 καὶ

110 3105 298 3177 Ιίάρκος
324 3107 353 3159 ὁ
384 3105 505 3169 υἱός
548 3121 675 3174 μου.
724 3121 743 3154 ›
783 3103 888 3155 Καὶ
929 3102 1110 3171 τρῖτον
1149 3100 1209 3154 τὸ
1248 3099 1389 3154 κατὰ
1424 3101 1658 3163 Λουκᾶν,

110 3196 161 3250 τδ
193 3198 283 3253 ὑπὸ
307 3197 524 3252 Παύλου
568 3193 962 3265 ἐπαινούμενον
1006 3192 1358 3263 Εὑαγγέλιον,
1404 3195 1520 3255 τοῖς
1550 3192 1660 3245 ἀπὸ

110 3289 197 3343 τῶν
231 3290 386 3344 ἐθνῶν
438 3288 816 3359 πεποιηκότα’
856 3287 950 3339 ἐπὶ
992 3288 1124 3339 πᾶσι
1166 3285 1226 3339 τὸ
1273 3287 1417 3341 κατὰ
1487 3285 1660 3339 Ἰωάν-

110 3398 204 3450 νην.
236 3401 252 3433 ι
289 3383 395 3436 Καὶ
419 3384 479 3435 ἐν
503 3380 587 3451 τῷ
619 3380 857 3450 πέμπτῳ
885 3379 940 3432 δέ
965 3380 1075 3433 τῶν
1104 3380 1184 3442 εἰς
1215 3378 1276 3431 τὸ
1301 3378 1445 3432 κατὰ
1486 3377 1661 3430 Ἰωαν-

108 3487 188 3540 νην
224 3470 590 3545 Ἐξηγητικῶν
621 3468 756 3540 (60),
789 3471 818 3521 ὁ
850 3469 1010 3532 αὐτὸς
1048 3468 1222 3522 ταῦτα
1248 3466 1513 3541 περὶτῶν
1543 3469 1662 3521 ἐπι-

112 3564 275 3617 στολῶν
315 3566 422 3619 τῶν
476 3561 799 3618 ἀποστόλων
831 3562 994 3634 φησίν
1018 3578 1032 3591 ·
1084 3580 1104 3612 ἐ
1174 3562 1233 3615 '0
1266 3561 1323 3614 δὲ
1371 3560 1660 3625 ἱκανωθεὶς

109 3654 311 3722 διάκονος
339 3657 599 3728 γενέσθαι
643 3657 745 3727 τῆς
786 3654 994 3725 Καινῆς
1035 3653 1330 3725 Διαθήκης,
1375 3655 1438 3707 οὐ
1474 3654 1658 3727 γράμ-

1690 1877 1739 1934 Β

1686 3238 1729 3293 C

161 3812 259 3884 (57)
288 3817 372 3869 οὐ
406 3813 521 3884 γὰρ
564 3812 649 3878 ὡς
685 3811 1184 3884 ὑπολαμϐάνουσί
1208 3827 1367 3878 τινες
1390 3813 1661 3883 ’ᾼσματα

114 3882 370 3952 ᾀσμάτων.
412 3882 555 3939 Tuta
594 3885 713 3937 lucc
742 3884 989 3952 pericupe
1027 3883 1181 3935 abest
1212 3897 1240 3935 a
1272 3882 1477 3938 nostris
1507 3882 1659 3938 codi-

114 3950 235 4009 cibus
255 3956 408 4019 Man,
443 3955 586 4008 Med.
628 3964 684 4006 et
722 3950 857 4005 Fuk.
888 3953 1127 4007 [labetur
1161 3961 1339 4006 tamen
1386 3953 1440 4023 in
1492 3954 1657 4023 Regio

113 4026 387 4093 exemplari.
421 4025 661 4078 Ruﬁnus
711 4038 928 4090 quoque
960 4024 1015 4077 in
1067 4023 1313 4078 versione
1354 4021 1513 4092 hujus
1554 4021 1656 4078 loci

113 4092 249 4147 habet
265 4095 484 4148 Cantica
513 4093 869 4148 canticorum.

163 4163 260 4233 (58)
308 4165 577 4230 Ἡσαΐας.
609 4162 863 4217 Omissus
888 4169 986 4234 _est
1035 4161 1088 4234 i_n
1124 4162 1228 4216 hoc
1255 4162 1501 4234 catalogo
1522 4162 1657 4217 liber

114 4231 357 4305 duodecim
403 4237 830 4305 prophetarum.
874 4232 990 4299 Quo
1037 4231 1241 4287 factum
1288 4244 1395 4305 est,
1438 4231 1499 4305 ut
1532 4249 1653 4305 cum

114 4302 269 4366 viginti
295 4301 427 4361 duos
457 4301 631 4359 libros
660 4317 723 4358 se
746 4311 1156 4358 numeraturum
1187 4303 1495 4369 promiserit
1528 4301 1655 4357 Ori-

110 4386 272 4440 genes,
325 4387 468 4425 unus
518 4372 793 4425 duntaxat
839 4380 893 4425 et
951 4371 1138 4437 viginti
1192 4370 1550 4440 reperiantur.
1606 4372 1665 4426 ln

112 4437 259 4511 lluﬁni
311 4443 568 4496 versione
628 4449 946 4511 recensetur
996 4442 1085 4495 hic
1136 4437 1273 4495 liber
1324 4442 1506 4495 statim
1545 4450 1663 4511 post

111 4508 356 4589 Canticum
387 4513 759 4589 canticorum.
797 4509 905 4589 Nec
939 4511 1098 4589 aliter
1110 4510 1452 4589 _ili_l_arius_in
1490 4508 1664 4589 prolo-
1687 4528 1736 4589 ι)

116 4593 167 4651 go
193 4582 559 4635 b’narrationis
599 4585 658 4635 in
703 4584 969 4645 Psalmor,
1002 4592 1056 4634 et
1082 4581 1317 4651 Cyrillus
1346 4582 1658 4651 llierosoly-

115 4649 336 4721 mitanus.
375 4654 656 4708 Caeterum
688 4666 858 4705 sacra:
883 4648 1177 4721 Scriptura),
1199 4650 1320 4703 libri
1342 4648 1658 4721 Alougeia’lio

111 4718 272 4776 ordine
292 4723 378 4777 bic
407 4731 777 4778 recensentur
806 4736 966 4789 quam
994 4723 1061 4774 ab
1087 4719 1389 4790 Epiphanio
1435 4718 1489 4773 et
1528 4720 1658 4774 llic-

114 4802 307 4860 tonymo
329 4802 385 4846 et
412 4792 700 4854 Helitoue,
726 4794 877 4859 cujus
900 4789 1073 4845 locum
1101 4804 1263 4859 supra
1289 4790 1472 4843 retulit
1496 4791 1660 4844 Ense-

114 4855 277 4914 biusin
314 4863 420 4918 line
450 4864 548 4917 lib.
583 4876 660 4915 Iv.
703 4855 937 4915 Hilarius
977 4876 1106 4913 vero
1160 4855 1212 4913 in
1256 4859 1480 4929 prologo
1506 4859 1661 4914 Cont-

111 4933 455 4986 tentoriorum
496 4934 557 4986 in
594 4930 838 4984 Psalmos
868 4947 986 4985 cum
1026 4930 1257 4997 Origene
1287 4945 1509 4997 prorsus
1524 4946 1660 4984 con-

112 5003 264 5068 §cutit.
303 5003 411 5057 Nec
446 5002 503 5058 id
530 5002 769 5066 mirum,
802 5015 922 5054 cum
957 5011 1102 5055 totus
1140 5001 1253 5054 fere
1284 5000 1536 5068 prologus
1572 5001 1661 5055 ille

114 5065 267 5126 llilarii
296 5076 598 5127 translatus
639 5073 715 5123 sit
752 5085 819 5124 ex
855 5070 1255 5125 Conmentariis
1290 5065 1349 5122 in
1391 5065 1657 5139 Pialmos,

114 5148 388 5210 attestatur
416 5143 810 5210 Hieronymus.

164 5209 260 5281 (59)
302 5214 394 5281 Ὡς
419 5214 493 5266 ἐν
524 5208 860 5280 παραὸόσει
883 5209 1107 5281 μαθών.
1153 5211 1327 5268 Verba
1375 5210 1490 5267 haec
1535 5221 1661 5266 sunt

112 5274 348 5354 Qtigenis,
365 5274 437 5336 'ut
464 5274 917 5354 appaieLAtque
945 5285 1025 5354 ita
1041 5283 1262 5354 Ruﬁnus
1281 5294 1335 5335 et
1353 5282 1588 5354 Longus,
1607 5294 1662 5336 et

113 5344 348 5421 ﬂosculus
374 5344 730 5421 interpretati
763 5344 910 5407 sum.
938 5352 1097 5406 Solus
1130 5344 1659 5421 Cbristophorsonus

112 5415 197 5473 hac
223 5422 445 5478 Eusebii
488 5415 661 5476 verba
693 5436 814 5475 esse
842 5423 1076 5485 censuit,
1106 5425 1192 5477 cui
1229 5415 1657 5477 nou'assentior.

110 5486 335 5563 Quamvis
391 5496 446 5547 iu
488 5493 687 5546 codice
729 5491 881 5563 Max.
908 5502 961 5545 et
994 5492 1135 5547 Med.
1172 5504 1293 5562 post
1326 5507 1508 5547 vocem
1553 5509 1659 5563 μα-

108 5553 460 5631 ὶώνδμροείω
512 5566 590 5616 sit
646 5562 825 5616 ﬁnalis
854 5562 1149 5618 distinctio.
1174 5553 1238 5616 in
1284 5562 1451 5632 Regio
1480 5553 1658 5616 auiem

104 5636 368 5702 exemplari
403 5641 554 5702 totus
582 5633 700 5702 hic
745 5632 895 5686 locus
945 5633 1150 5701 absque
1185 5633 1288 5685 ulla
1315 5634 1661 5687 distinctione

109 5696 593 5774 soritiiiuaturtééé
623 5718 743 5774 πως
762 5703 985 5772 γράφων
1029 5696 1104 5765 ὥς
1139 5704 1197 5756 ἐν
1229 5703 1523 5774 παραδόσει
1560 5717 1663 5774 μα-

108 5764 191 5822 θὼν
229 5776 356 5845 περὶ
401 5772 523 5825 τῶν
555 5764 847 5845 τεσσάρων
876 5764 1240 5843 Εὑαγγενλίων.
1273 5764 1355 5845 Et
1391 5783 1517 5845 post
1546 5764 1663 5825 ulti-

108 5851 222 5896 Inatn
255 5843 397 5900 banc
430 5857 634 5899 vocem
667 5844 911 5911 apposita
939 5856 1021 5900 est
1047 5845 1221 5899 media
1252 5843 1533 5901 distinctio
1565 5855 1661 5899 seu

1095 388 1441 448 HISTORIJE
1481 384 2039 443 ECCLESIASTICA‘J
2078 386 2208 439 LIB.
2255 384 2344 441 Vl.

3238 390 3345 446 582

1768 510 1909 579 apud
1922 507 2175 563 Hebraeos
2187 507 2735 578 comprehensi,quod
2748 508 3020 578 appellant
3031 507 3341 581 Sophetlm.

1766 600 2021 666 Octavus,
2036 599 2349 672 Regnorum
2374 598 2515 655 liber
2543 598 2750 668 primus
2767 601 2998 673 226m
3029 602 3301 660 secundus
3325 622 3343 659 :

1765 694 1855 762 qui
1870 694 2013 760 apud
2030 705 2124 747 eos
2138 690 2355 746 unicum
2372 688 2624 745 volumen
2639 691 2976 747 constituunt
2988 693 3132 762 quod
3144 693 3346 749 dicitur

1767 783 2008 850 Samuel,
2027 784 2128 838 hoc
2137 792 2222 838 est
2246 791 2460 838 vocatus
2473 799 2506 837 a
2522 780 2654 838 Deo.
2673 780 2858 839 Nonus
2877 782 3190 855 Regnorum
3205 785 3345 842 liber

1766 878 1963 933 tertius
1978 884 2300 947 etquartus,
2333 889 2472 946 quos
2504 874 2602 944 ipsi
2621 875 2788 932 etiam
2821 877 2873 931 in
2892 892 3055 932 unum
3087 878 3340 936 volumen

1766 969 2038 1039 redigunt.
2061 965 2481 1023 etVammelecb
2512 964 2983 1038 Davidindigitant
3003 1008 3020 1035 ,
3044 968 3150 1025 hoc
3176 978 3261 1026 est
3289 980 3343 1026 et

1764 1076 1859 1115 rex
1889 1058 2079 1114 David.
2099 1058 2371 1123 Decimus,
2393 1055 2842 1126 Paralipomenon
2880 1059 3017 1116 liber
3048 1061 3254 1130 primus
3286 1071 3344 1117 et

1764 1154 2054 1219 secundus,
2072 1166 2180 1208 uno
2191 1152 2330 1222 apud
2359 1152 2479 1209 illos
2504 1151 2742 1209 contenti
2759 1152 3052 1219 volumine,
3070 1156 3215 1224 quod
3246 1171 3345 1210 vc-

1765 1256 1886 1301 cant
1900 1246 2061 1301 Dibre
2076 1245 2483 1313 Haiamim,boc
2494 1256 2574 1303 est
2590 1248 2741 1303 verba
2753 1247 3341 1312 dierum.Undecimus,

1765 1337 1964 1393 Esdras
1978 1338 2182 1408 primus
2195 1347 2248 1394 et
2262 1340 2552 1409 secundus,
2568 1342 2658 1413 qui
2674 1341 2815 1412 apud
2832 1356 2925 1398 eos
2939 1342 3158 1398 unicum
3171 1341 3344 1398 conti-

1764 1431 2125 1486 ciuntlibrum
2144 1446 2303 1501 quem
2323 1442 2515 1488 vocant
2529 1434 2681 1507 Esra,
2699 1435 2754 1489 id
2769 1442 2872 1501 est,
2891 1435 3345 1505 adjutor.Duode-

1764 1522 2455 1590 cimusliberPsalmorum,
2470 1523 2712 1581 Hebraeis
2727 1525 2937 1596 Sepher
2949 1527 3223 1583 Tebillim.
3247 1527 3342 1585 De-

1764 1618 1941 1674 cimus
1966 1618 2161 1673 tertius
2174 1618 2466 1674 Proverbia
2486 1618 2818 1688 Salomonis,
2846 1620 3086 1679 Hebraeis
3100 1622 3340 1680 Misloth.

1765 1710 2020 1767 Decimus
2035 1721 2285 1783 quartus,
2300 1712 2680 1780 Ecclesiastes,
2697 1711 2938 1770 Hebraeis
2954 1712 3234 1770 Coheletli.
3253 1716 3348 1774 De

1766 1803 1942 1860 cimus
1955 1803 2197 1874 quintus,
2223 1803 2505 1860 Canticum
2524 1806 2885 1873 canticorum,
2901 1805 3146 1889 Hebraeis
3159 1805 3343 1862 Sirlia-

1765 1896 1939 1951 sirim.
1956 1895 2216 1953 Decimus
2234 1904 2442 1964 sextus,
2462 1899 2673 1967 Esaias,
2694 1897 2940 1954 Hebmis
2961 1898 3154 1954 tesaia.
3179 1899 3342 1954 Deci-

1768 2006 1887 2045 mus
1901 1990 2191 2059 septimus,
2204 1988 2471 2046 Jeremias
2488 2007 2611 2047 cum
2627 1989 3132 2049 Lamentationibus
3146 2001 3202 2047 et
3214 1990 3345 2060 Epi-

1767 2082 1928 2161 stola,
1959 2083 2012 2136 in
2039 2091 2206 2135 unum
2232 2091 2551 2150 compactus
2572 2082 2848 2149 volumen,
2868 2084 3009 2154 quod
3031 2084 3132 2155 ipsi
3152 2090 3346 2139 vocant

1764 2177 1951 2230 Irmia.
1969 2174 2219 2229 Decimus
2231 2182 2478 2241 octavus,
2495 2176 2946 2243 Daniel,Hebr:eis
2960 2177 3171 2233 Daniel.
3188 2178 3347 2234 Deci-

1764 2283 1887 2324 mus
1903 2282 2105 2333 nonus,
2121 2267 2397 2332 Ezechiel,
2411 2269 2552 2334 apud
2567 2267 2822 2327 Hebraeos
2843 2269 3111 2327 leezcltel.
3136 2270 3348 2328 Vicesi-

1764 2377 1907 2426 mus,
1923 2361 2049 2431 Job,
2066 2364 2253 2421 eodem
2269 2363 2408 2433 apud
2424 2362 2680 2419 Hebraeos
2691 2362 2911 2418 nomine
2929 2363 3346 2435 insignitus.“-

1764 2455 2000 2510 cesimus
2022 2458 2251 2526 primus,
2275 2456 2490 2521 Esther,
2521 2456 2794 2525 quomodo
2830 2455 2996 2511 etiam
3016 2454 3230 2512 Hebraei
3249 2469 3348 2512 vo-

1764 2538 2093 2602 cant.Extra
2114 2550 2306 2601 horum
2337 2561 2563 2601 censum
2584 2545 2850 2601 suntlibri
2884 2545 3343 2614 Macbabaaorum,

1762 2639 1854 2708 qui
1874 2639 2242 2694 inscribuntur
2261 2637 2445 2693 Sarbet
2467 2635 2779 2691 Sarbaneel.
2803 2635 2869 2691 Et
2898 2638 3013 2692 haec
3037 2638 3257 2707 quidem
3289 2639 3345 2694 in

1764 2730 1905 2785 libro
1929 2730 2180 2799 superius
2207 2736 2508 2785 memorato
2535 2727 2727 2782 scribit
2751 2728 3037 2798 Origenes.
3080 2727 3137 2782 ln
3167 2730 3349 2798 primo

1761 2831 1942 2875 autem
1957 2820 2098 2875 libro
2112 2819 2517 2891 Expositionunt
2535 2823 2591 2876 in
2612 2819 2953 2891 Evangelium
2972 2822 3236 2887 Matthazi,
3255 2837 3349 2879 ec-

1763 2910 2072 2967 clesiastico
2107 2911 2361 2967 insistens
2389 2913 2605 2979 canoni,
2625 2924 2857 2982 quatuor
2884 2915 3147 2969 duntaxat
3165 2913 3347 2969 Evan-

1761 3002 1900 3073 gelia
1918 3017 2037 3057 esse
2059 3012 2294 3058 testatur
2312 3004 2397 3059 his
2416 3004 2596 3059 verbis
2617 3021 2662 3058 ιι
2676 3003 2827 3058 Sicut
2843 3020 2909 3059 ex
2929 3006 3238 3073 traditione,
3256 3008 3344 3062 in-

1762 3096 1899 3166 quit,
1922 3097 2105 3164 accepi
2124 3097 2191 3151 de
2221 3105 2458 3165 quatuor
2490 3095 2958 3166 Evangeliis,quze
2982 3098 3095 3153 sola
3132 3097 3186 3153 in
3214 3099 3343 3154 uni-

1762 3203 1921 3243 versa
1941 3188 2038 3243 Dei
2059 3187 2301 3243 Ecclesia
2322 3202 2442 3257 qua:
2460 3189 2559 3242 sub
2583 3188 2722 3244 caelo
2738 3197 2840 3255 est,
2860 3190 2995 3244 citra
3019 3198 3343 3245 controver-

1766 3281 1901 3335 siam
1925 3280 2319 3334 admittuntur:
2340 3280 2574 3349 primum
2593 3280 2801 3336 scilicet
2829 3281 3180 3352 Evangelium
3205 3285 3346 3339 scri-

1765 3384 1915 3442 ptum
1933 3389 2094 3429 essea
2113 3373 2385 3439 lllattbmo,
2406 3374 2557 3443 prius
2576 3373 2791 3444 quidem
2816 3374 3127 3445 publicano,
3152 3386 3346 3443 postea

1765 3482 1895 3521 vero
1949 3466 2197 3537 apostolo
2254 3464 2381 3521 Jesu
2437 3464 2675 3531 Christi,
2739 3466 2832 3537 qui
2891 3466 3022 3522 illud
3080 3468 3347 3523 llebraico

1767 3572 2016 3613 sermone
2059 3559 2449 3629 conscriptum,
2480 3558 2685 3614 Judzeis
2734 3558 2800 3613 ad
2856 3557 3016 3614 ﬁdem
3066 3561 3349 3618 conversis

1765 3652 2081 3725 publicavit.
2122 3652 2433 3708 Secundum
2464 3651 2633 3707 fuisse
2657 3652 2967 3724 accepimus
2991 3654 3347 3725 Evangelium

1770 3823 1942 3883 mora,
1981 3809 2140 3880 quasi
2186 3809 2337 3867 locus
2370 3810 2623 3883 Qrigenls
2670 3810 2897 3883 incipiat
2932 3827 2963 3866 a
2992 3812 3174 3868 verbis
3224 3828 3349 3883 qua:

1766 3880 2016 3954 prox_ime
2038 3891 2359 3954 sequuntur.
2383 3880 2607 3954 verum,
2642 3880 2826 3954 utjam
2857 3883 2990 3950 dixi,
3020 3884 3194 3951 magis
3227 3880 3347 3954 pla—

1767 3960 1854 4003 cet
1885 3948 2065 4023 Ruﬁni
2088 3952 2391 4023 distinctio.
2446 3952 2615 4007 Porro
2650 3948 2727 4007 de
2763 3948 2995 4021 quatuor
3037 3948 3347 4023 Ev‘angeliis

1764 4035 1884 4089 qua:
1909 4020 2023 4075 sola
2053 4022 2121 4074 ab
2147 4021 2387 4077 Ecclesia
2415 4023 2688 4077 catholica
2723 4020 3105 4088 admittuntur,
3132 4020 3237 4079 non
3263 4043 3346 4083 so-

1766 4092 1874 4144 lum
1925 4091 1978 4143 in
2029 4091 2141 4145 suis
2179 4093 2236 4145 in
2285 4091 2598 4147 Mattha'um
2651 4093 3056 4147 Commentariis
3112 4104 3345 4152 testatus

1766 4160 1942 4232 fuerat
1975 4160 2259 4232 Origenes,
2294 4165 2385 4216 sed
2416 4164 2579 4215 etiam
2608 4164 2661 4218 in
2701 4164 2969 4232 principio
3006 4164 3343 4220 Commenta-

1764 4230 1971 4283 riorum
2027 4229 2096 4284 ἐπ’
2120 4229 2333 4288 Lucam.
2380 4232 2549 4299 Quem
2595 4229 2795 4296 locum,
2833 4229 2957 4300 quia
3014 4234 3081 4287 ab
3106 4232 3344 4291 Eusebio

1765 4302 2160 4371 praetermissus
2208 4312 2310 4362 est.
2347 4304 2435 4355 hic
2482 4316 2746 4371 apponam
2784 4319 2796 4355 :
2835 4301 3073 4356 Ecclesia
3113 4314 3344 4371 quatuor

1764 4369 1914 4442 habet
1950 4371 2252 4441 Evangelia,
2276 4372 2497 4442 Ita’resej
2515 4369 2768 4439 plurima.
2795 4371 2844 4424 E
2868 4373 3055 4442 quibus
3077 4369 3341 4442 quoddam

1765 4441 2074 4511 inscribitur
2100 4444 2396 4494 secundum
2422 4441 2709 4511 .Egyptios
2741 4459 2754 4495 :
2780 4441 2927 4495 aliud
2958 4443 3112 4509 juxta
3140 4442 3343 4497 duode-

1763 4510 1869 4583 cim
1887 4511 2185 4583 apostolos.
2198 4512 2370 4583 Ausus
2394 4511 2491 4575 fuit
2514 4509 2563 4583 et
2579 4509 2842 4583 Basilides
2863 4514 3088 4567 scribere
3106 4511 3342 4583 Evange-

1761 4578 1890 4632 Iium
1924 4591 1969 4634 et
1997 4597 2091 4634 suo
2126 4581 2261 4633 illud
2292 4582 2501 4633 nomine
2524 4581 2759 4644 titulare,
2788 4592 2897 4637 etc.
3002 4624 3011 4633 ε

1834 4649 1945 4720 (6οὶ
1992 4651 2088 4703 Ἐν
2107 4649 2188 4715 τῷ
2211 4649 2455 4720 πέμπτῳ
2489 4649 2557 4704 δὲ
2596 4652 2715 4705 τῶν
2762 4654 2849 4718 εὶς
2874 4652 2941 4706 τὸ
2971 4652 3122 4707 κατὰ
3152 4651 3341 4706 Ἰωάν-

1760 4736 1899 4788 νην.
1929 4719 2104 4776 Locus
2131 4720 2385 4790 Origenis
2437 4736 2595 4789 quem
2647 4722 2734 4776 hic
2780 4724 2999 4777 adducit
3052 4725 3338 4783 Eusebius.

1760 4804 1844 4844 est
1870 4806 1899 4844 e
1918 4793 2180 4859 prooemio
2209 4789 2328 4844 libri
2357 4793 2528 4858 quinti
2560 4789 3004 4860 Explanationum
3034 4794 3087 4846 in
3110 4792 3339 4848 Joannis

1761 4860 2123 4929 Evangelium,
2155 4863 2307 4929 cujus
2337 4862 2579 4931 procemii
2622 4877 2745 4931 pars
2788 4863 3024 4917 maxima
3072 4872 3252 4918 exstat
3284 4866 3336 4918 iu

1762 4932 1943 5002 cap.5
1988 4930 2318 4984 Philocaliw.
2372 4932 2504 4985 Cum
2557 4930 2839 5002 illopigitur
2868 4931 3172 5002 fragmento
3207 4932 3340 5002 jun-

1762 5001 1965 5071 geudus
2002 5013 2083 5055 est
2128 5002 2216 5055 hic
2270 5002 2421 5056 locus
2478 5002 2569 5071 qui
2626 5000 2693 5054 ab
2733 5000 2973 5056 Eusebio
3012 5000 3339 5058 nostraad-

1763 5070 2001 5125 ducitur.
2058 5071 2329 5143 Porrurin
2363 5086 2429 5143 eo
2479 5071 2743 5140 prooemio
2775 5073 3017 5139 disputat
3053 5075 3336 5143 Origenes,

1762 5155 1830 5193 an
1881 5143 1947 5195 de
1995 5143 2157 5196 rebus
2212 5142 2407 5195 divinis
2471 5142 2621 5194 multi
2689 5143 2960 5195 scribendi
3014 5142 3332 5197 sint’libri.

1760 5212 1839 5264 Ac
1862 5213 2102 5283 primum
2144 5211 2299 5265 aﬂ'ert
2347 5212 2629 5283 locumex
2670 5211 3020 5278 Ecclesiaste,
3065 5216 3156 5283 qui
3193 5222 3337 5267 vetat

1764 5280 2163 5335 multitudinem
2220 5283 2488 5336 coniicere
2538 5281 2822 5335 librorum.
2884 5280 3096 5338 Deinde
3118 5284 3337 5337 adducit

1761 5352 2069 5421 exemplum
2129 5360 2441 5405 sanctorum
2488 5351 2753 5414 virorum,
2805 5353 3189 5420 prophetarum
3220 5353 3335 5406 sci-

1762 5421 1889 5491 licet
1932 5431 1986 5475 et
2028 5424 2413 5491 apostolorum,
2466 5420 2561 5489 qui
2594 5436 2782 5476 omnes
2829 5438 2996 5489 pauca
3041 5425 3332 5491 scripsere.

1764 5490 1869 5563 Sed
1922 5491 2180 5563 collector
2225 5489 2535 5563 Pltitorcalia:
2574 5500 2766 5563 cuncta
2811 5492 2923 5563 hinc
2970 5489 3219 5563 exempta
3268 5495 3335 5546 de

1762 5559 2027 5615 industria
2073 5562 2442 5631 praetermisit,
2495 5562 2817 5631 utiipsemet
2864 5561 3063 5615 fatetur
3106 5559 3227 5631 pug.
3265 5564 3335 5617 69

1762 5633 2016 5687 editionis
2063 5629 2516 5687 Graeco-Latium.
2561 5629 2795 5686 Proinde
2830 5633 2918 5687 ltic
2958 5629 3213 5701 Origeuis
3247 5634 3334 5687 lo-

1763 5717 1859 5755 cus
1906 5716 2067 5770 quem
2125 5702 2343 5773 adducit
2373 5701 2654 5765 Eusebius,
2710 5703 2872 5757 inseri
2912 5703 3073 5758 debet
3110 5720 3231 5773 pag.
3264 5703 3336 5758 b9

1763 5773 2090 5840 supradicta:
2161 5772 2453 5840 editionis,
2521 5780 2647 5827 ante
2706 5773 2797 5829 illa
2868 5776 3034 5830 verba
3101 5772 3349 5846 ἰλιγγιᾷν,

1767 5857 1878 5917 μοι,
1903 5851 2009 5897 etc.
