3876 6540
514 373 623 429 583

1255 365 1523 423 EUSEBII
1559 362 2033 419 ΟιΕὸΑΚίΕΝὸιδ
2068 361 2223 419 OPP.
2264 359 2449 417 PARS
2484 360 2530 415 1.
2566 386 2641 401 -
2675 351 3065 415 HISTORICA.

3650 357 3730 414 53$

515 485 716 553 Marci,
747 484 839 553 qui
869 491 1030 554 prout
1057 480 1251 538 Petrus
1281 481 1382 551 ipsi
1412 487 1733 550 esposnerat
1753 519 1768 543 ,
1800 480 1852 533 in
1880 478 2086 534 litteras

2198 494 2389 550 ματος,
2430 475 2566 531 ἀλλὰ
2606 473 2935 547 πνεύματος,
2970 471 3203 537 Παῦλος,
3236 472 3266 525 6
3298 469 3657 543 πεπληρωκὼς
3686 475 3732 529 τὺ

514 575 720 631 retulit.
761 576 938 643 Atque
966 574 1177 628 idcirco
1206 570 1404 627 Petrus
1439 572 1492 624 in
1536 570 1774 639 Epistula
1804 570 2088 627 Catholica

512 681 637 722 eum
674 665 839 720 ﬁlitnn
883 680 1036 719 suum
1069 663 1310 734 agnoscit
1336 663 1421 716 his
1448 663 1662 717 verbis:
1701 681 1720 715 ι
1755 660 1966 716 Salutat
1994 677 2091 718 vos

514 760 683 815 electa
720 759 811 812 Dei
842 757 1085 811 Ecclesia
1131 771 1254 826 qua:
1299 765 1384 810 est
1413 754 1687 828 Babylone
1711 796 1727 820 ,
1778 764 1833 810 ct
1870 755 2090 812 Marcus

517 853 658 906 ﬁlius
683 868 856 906 meus.
904 870 921 902 ι
950 849 1193 905 Tertium
1223 849 1573 921 Evangelium
1610 851 1768 906 Luca:
1791 891 1806 916 ,
1854 853 1998 921 quod
2052 867 2083 905 a

515 943 685 999 Paulo
731 944 1177 1010 commendatur,
1238 944 1289 998 in
1341 945 1577 1013 gratiam
1623 943 1904 1013 gentilium
1951 958 2086 998 con-

514 1038 793 1105 scriptum.
867 1035 1205 1091 Postremum
1272 1049 1403 1089 vero
1451 1035 1800 1104 Evangelium
1843 1032 2089 1091 Joannis.

512 1131 655 1187 Idem
693 1144 853 1199 porro
900 1130 952 1183 in
999 1129 1139 1184 libro
1179 1130 1370 1197 quinto
1397 1127 1802 1198 Expositionum
1830 1128 1885 1182 in
1917 1127 2094 1183 Evan-

512 1224 703 1295 gelium
738 1220 964 1277 Joannis
1020 1222 1088 1278 de
1126 1222 1369 1293 epistolis
1415 1222 1784 1290 apostolorum
1822 1223 1896 1275 ita
1949 1223 2089 1277 scri-

510 1317 622 1370 bit:
679 1333 698 1365 ι
728 1314 776 1369 ls
829 1329 956 1369 vero
987 1330 1147 1386 quem
1202 1316 1341 1368 Deus
1410 1315 1659 1369 idoneum
1709 1316 1945 1369 reddidit
1995 1317 2087 1385 qui

511 1406 648 1461 Novi
681 1403 1011 1461 Testamcnti
1048 1406 1295 1461 minister
1336 1416 1484 1461 esset
1518 1420 1621 1460 non
1659 1404 1837 1460 littera
1886 1416 1941 1460 et
1973 1422 2091 1460 ver-

510 1498 599 1555 bis
687 1510 880 1562 tenus,
935 1499 1027 1554 sed
1084 1501 1277 1568 spiritu
1327 1499 1531 1568 ipsius,
1591 1496 1791 1552 l’aulus
1844 1498 2087 1564 scilicet,

510 1592 604 1662 qui
685 1593 752 1646 ab
797 1591 1189 1661 llicrusolymis
1253 1599 1307 1645 et
1352 1589 1597 1645 ﬁnitimis
1643 1590 1776 1647 locis
1814 1605 1985 1661 usque
2023 1592 2092 1646 ad

509 1684 815 1757 Illyricum,
871 1682 1221 1752 Evangelium
1281 1682 1617 1751 adimplcvit,
1679 1699 1784 1738 non
1842 1682 2092 1737 omnibus

513 1774 776 1831 Ecclesiis
828 1787 964 1842 quas
1009 1773 1271 1828 docuerat
1315 1773 1552 1843 scripsit.
1608 1773 1713 1828 Sed
1758 1782 1814 1828 et
1855 1774 1921 1828 iis
1967 1773 2089 1841 qui-

2190 567 2522 638 Εὑαγγέλιον
2558 566 2668 620 ἀπὸ
2720 562 3075 638 Ἰερουσαλὴμ
3122 561 3216 616 καὶ
3252 559 3437 633 κύκλῳ
3470 561 3622 633 μέχρι
3657 562 3730 617 τοῦ

2203 657 2518 731 Ἰλλυρικοῦ,
2540 658 2661 712 οὐδὲ
2687 656 2888 719 πάσαις
2907 652 3142 725 ἔγραψεν
3170 646 3257 716 αἷς
3279 649 3515 716 ἐδίδαξεν
3553 652 3734 726 Ἐκκλη-

2193 753 2364 817 σίαις·
2404 751 2540 806 ἀλλὰ
2584 750 2679 805 καὶ
2722 744 2811 813 αἷς
2854 747 3111 821 ἔγραψεν,
3154 745 3365 815 ὀλίγους
3395 743 3602 815 στίχους
3636 746 3735 799 ἐπέ-

2193 842 2388 898 στειλε.
2448 843 2659 914 Πέτρος
2702 842 2759 895 δὲ
2816 840 2898 910 ἐφ’
2948 832 2993 907 ᾧ
3041 838 3409 908 οἰκοδομεῖται
3450 838 3484 908 ἡ
3533 837 3734 909 Χριστοῦ

2205 935 2517 1007 Ἐκκλησία,
2568 931 2636 1006 ἧς
2668 932 2853 987 πύλαι
2899 932 3025 1005 ᾇδου
3071 932 3130 985 ού
3172 930 3591 1002 κατισχύσουσι,
3635 930 3734 1002 μίαν

2192 1028 2486 1100 ἐπιστολὴν
2516 1026 2973 1100 ,ὁμολογουμένην
3022 1023 3432 1079 καταλέλοιπεν.
3484 1007 3649 1076 Ἔστω
3692 1023 3735 1077 δὲ

2193 1120 2288 1176 καὶ
2318 1120 2607 1191 δευτέρανο
2647 1119 3045 1191 ἀμφιϋάλλεται
3078 1117 3207 1192 γάρ.
3262 1116 3329 1169 Τί
3371 1115 3453 1169 δεῖ
3503 1115 3623 1187 περὶ
3659 1115 3733 1169 τοῦ

2192 1216 2558 1278 ἀναπεσόντος
2581 1215 2761 1283 λέγειν
2792 1212 2883 1267 ἐπὶ
2914 1211 2975 1264 τὸ
3006 1209 3201 1281 στῆθος
3218 1207 3313 1262 τοῦ
3357 1206 3548 1280 Ἰησοῦ,
3590 1208 3735 1261 Ἰωάν-

2192 1326 2306 1370 νου,
2341 1306 2401 1370 ὃς
2433 1305 2769 1374 Εὐαγγέλιον
2819 1303 2878 1357 ἓν
2911 1301 3301 1358 καταλέλοιπεν
3322 1342 3337 1367 ,
3371 1298 3634 1371 ὁμολογῶν
3665 1298 3735 1351 δύο

2192 1396 2387 1451 νασθαι
2434 1395 2672 1450 τοσαῦτα
2704 1397 2951 1469 ποιήσειν
2984 1392 3019 1447 ἃ.
3064 1391 3183 1446 οὐδὲ
3215 1393 3244 1445 6
3278 1390 3483 1462 κόσμος
3523 1387 3734 1461 χωρῆσαι

2194 1489 2449 1555 ὲδύνατο;
2488 1488 2734 1561 Ἔγραψε
2767 1488 2823 1541 δὲ
2857 1487 2951 1541 καὶ
2994 1485 3095 1558 τὴν
3172 1480 3545 1551 Αποκάλυψιν,
3581 1478 3736 1533 κελευ-

2195 1583 2342 1647 σθεὶς
2377 1583 2653 1654 σιωπῆσαι
2688 1581 2781 1635 καὶ
2817 1581 2890 1653 μὴ
2923 1578 3131 1651 γράψαι
3174 1575 3275 1641 τὰς
3303 1575 3413 1630 τῶν
3445 1572 3578 1627 ἑπτὰ
3609 1571 3737 1645 βρον-

2191 1674 2298 1727 τῶν
2334 1675 2536 1745 φωνάς.
2572 1673 2948 1728 Καταλέλοιπε
2972 1672 3027 1726 δὲ
3054 1671 3148 1726 καὶ
3175 1668 3463 1741 ἐπιστολὴν
3494 1667 3622 1721 πάνυ
3649 1665 3736 1719 ὀλί-

2195 1783 2307 1835 γων
2336 1767 2553 1838 στίχων.
2582 1768 2762 1820 Ἔστω
2790 1766 2848 1820 δὲ
2877 1766 2972 1820 καὶ
2994 1763 3253 1837 δευτέραν
3284 1762 3378 1816 καὶ
3409 1760 3617 1833 τρίτηνο
3637 1759 3737 1813 ἐπεὶ

510 1869 613 1924 bus
666 1868 928 1939 scripsit,
988 1882 1189 1936 paucas
1240 1866 1532 1920 admodum
1588 1865 1761 1920 lineas
1814 1866 2084 1919 exaravit.

2191 1860 2250 1914 οὐ
2288 1860 2490 1924 πάντες
2523 1862 2654 1931 φασὶ
2702 1859 2962 1932 γνησίους
3008 1855 3146 1913 εἶναι
3196 1855 3433 1920 ταύτας·
3486 1852 3616 1924 πλὴν
3654 1852 3738 1906 oin:

511 1962 676 2032 227
705 1960 904 2015 Petrus
933 1969 1138 2026 autem,
1179 1959 1265 2014 cui
1322 1969 1576 2029 tanquam
1612 1957 1967 2014 fundamento
1996 1974 2089 2012 su-

512 2064 813 2125 perstructa
845 2064 931 2109 est
964 2052 1204 2108 Ecclesia
1239 2050 1467 2118 Christi,
1507 2052 1770 2106 adversus
1797 2066 1959 2121 quam
1986 2065 2089 2107 nec

511 2150 642 2218 ipsa:
703 2147 1001 2203 inferorum
1053 2157 1222 2218 portae
1284 2146 1650 2216 prazvalitnraa
1707 2156 1856 2209 sunt,
1920 2159 2087 2199 unam

511 2242 778 2294 duntaxat
809 2240 1051 2295 omnium
1085 2255 1353 2295 consensu
1391 2248 1667 2310 receptam
1698 2238 1922 2308 reliquit
1953 2237 2083 2308 Epi-

512 2331 729 2387 stolam.
762 2333 1138 2389 Concedamus
1174 2344 1306 2387 vero
1342 2342 1397 2386 et
1438 2331 1735 2387 secundam
1781 2329 1898 2398 ejus
1940 2344 2083 2386 esse.

512 2424 590 2480 De
622 2426 726 2481 hac
748 2426 894 2480 enim
935 2425 1255 2495 ambigitur.
1298 2421 1420 2477 Jam
1448 2439 1578 2479 vero
1617 2425 1747 2495 quid
1796 2425 2086 2480 dicendum

511 2524 597 2570 cst
624 2515 692 2569 de
723 2530 789 2571 eo
828 2515 919 2585 qui
968 2515 1020 2569 in
1062 2515 1186 2570 sinu
1238 2514 1440 2571 Christi
1492 2514 1761 2581 recubuit,
1823 2513 2087 2570 Joanne?

512 2604 614 2672 Qui
660 2605 879 2677 quidem
910 2621 1098 2667 _uuum
1156 2605 1377 2677 reliquit
1427 2605 1807 2677 Evangelium,
1865 2607 2085 2662 tametsi

512 2699 748 2752 fateatur
774 2706 855 2751 tot
882 2712 943 2753 se
989 2696 1156 2753 libros
1205 2698 1449 2755 scribere
1493 2700 1755 2769 potuisse,
1801 2709 1939 2769 quot
1985 2715 2087 2757 nec

511 2789 660 2845 orbis
687 2790 799 2859 ipse
824 2798 1092 2844 terrarum
1116 2800 1301 2859 posset
1326 2791 1635 2848 continere.
1676 2790 1911 2861 Scripsit
1940 2806 2087 2863 pras-

515 2895 660 2940 terea
685 2882 1117 2949 Revelationem,
1140 2881 1327 2950 jussus
1362 2883 1544 2948 silere,
1573 2898 1673 2940 nec
1696 2894 1904 2955 septem
1948 2885 2089 2941 toni-

513 2984 694 3030 truum
726 2990 890 3031 voces
921 2972 1287 3047 perscribere.
1317 2974 1557 3046 Scripsit
1598 2977 1761 3032 etiam
1793 2978 2085 3049 epistolam

508 3068 797 3124 admodum
828 3069 1073 3125 brevem.
1110 3068 1215 3125 Sed
1242 3068 1630 3135 concedamus,
1683 3070 1729 3125 si
1780 3070 1979 3141 placet,
2031 3078 2088 3125 et

510 3162 800 3217 secundum
853 3170 904 3217 et
958 3161 1175 3216 tertiam
1213 3158 1282 3214 ab
1316 3158 1408 3214 illo
1436 3161 1675 3230 scriptas
1719 3174 1861 3216 esse.
1896 3159 2083 3230 Neque
2112 3195 2155 3254 ο

509 3252 655 3309 enim
688 3256 787 3309 has
812 3254 1080 3325 genuinas
1124 3253 1269 3309 illius
1309 3266 1431 3308 esse
1477 3266 1670 3307 omnes
1711 3253 2083 3308 consentiunt.

510 3345 698 3403 Ambre
729 3357 907 3401 tamen
939 3347 1029 3400 vix
1058 3356 1277 3402 centum
1334 3361 1525 3401 versus
1574 3345 1882 3400 continent.
1920 3344 2086 3400 Deni-

510 3452 618 3507 que
657 3436 726 3491 de
772 3435 1011 3506 Epistola
1055 3438 1122 3490 ad
1166 3434 1424 3490 llebrmos
1481 3435 1535 3490 in
1580 3433 1816 3491 homiliis
1862 3449 1997 3504 quas
2029 3434 2084 3489 in

511 3530 761 3585 eamdem
811 3530 1094 3598 epistolam
1132 3531 1481 3601 conscripsit,
1527 3530 1602 3585 ita
1652 3530 1855 3584 sentit:
1898 3545 1919 3580 ι
1958 3526 2087 3600 Sty-

513 3623 622 3678 lum
658 3622 904 3692 epistola:
946 3638 1067 3692 quae
1111 3623 1434 3678 inscribitur
1468 3622 1536 3675 ad
1574 3619 1849 3685 llebra-os,
1893 3632 2085 3677 carere

513 3714 605 3768 illa
623 3714 893 3769 sermonis
923 3715 1227 3768 rusticitate
1277 3730 1396 3783 quae
1430 3713 1648 3784 propria
1697 3722 1781 3768 est
1820 3713 2082 3782 Apostoli,

511 3805 717 3876 quippe
745 3805 835 3874 qui
862 3806 1049 3861 rudem
1076 3815 1240 3875 atque
1271 3804 1580 3875 imperitum
1625 3819 1749 3860 sese
1793 3805 2088 3861 conﬁtetur

511 3900 566 3951 in
602 3909 879 3964 sermone,
929 3896 982 3951 id
1027 3906 1112 3952 est
1151 3898 1204 3951 iu
1258 3896 1436 3951 forma
1486 3910 1552 3952 ae
1601 3895 1816 3952 ratione
1845 3897 2080 3953 dicendi.

514 3985 711 4045 Verum
744 3987 976 4060 epistola
1022 3987 1112 4044 illa
1160 3999 1215 4043 et
1265 3989 1318 4043 in
1362 3989 1656 4046 verborum
1691 3990 2084 4061 compositione

582 4195 694 4267 (6|)
724 4194 1473 4267 Ἀπομνημονςεύσαντος...
1515 4196 1614 4251 καί
1654 4196 1911 4266 ὡσπερεὶ
1944 4211 2093 4267 σχο-

508 4265 1052 4338 λιογραερήσαντος.
1087 4265 1203 4321 Jam
1220 4282 1385 4338 supra
1402 4268 1726 4331 monuimus,
1753 4265 2078 4338 ἀπομνημο-

510 4337 686 4394 νεύειν
716 4338 854 4392 idem
882 4352 1003 4392 esse
1035 4352 1099 4391 ac
1125 4337 1389 4391 reminisci
1420 4347 1475 4390 et
1511 4341 1812 4392 memoriter
1839 4337 2082 4401 recitare,

508 4408 960 4479 quemadmodum
1003 4407 1482 4479 solentdiscipuli.
1532 4422 1655 4461 cum
1697 4410 2081 4479 magistrorum

2190 1953 2297 2009 είσὶ
2333 1954 2531 2024 στίχων
2563 1952 2871 2025 ἀμφότεραι
2916 1950 3132 2006 ἑκατόν.
3178 1969 3196 2002 ι
3240 1950 3363 2003 Ἔτι
3395 1946 3531 2019 πρὸς
3558 1944 3738 2009 τούτοις

2189 2047 2320 2122 περὶ
2360 2048 2460 2118 τῆς
2492 2045 2631 2118 πρὸς
2682 2043 2965 2116 Ἐϐραίους
2997 2041 3286 2114 ἐπιπολῆς
3314 2042 3372 2095 ὲν
3403 2045 3519 2106 ταῖς
3549 2041 3622 2104 είς
3658 2038 3740 2091 αὑ-

2187 2140 2288 2213 τὴν
2335 2137 2603 2210 Ὀμιλίαις
2646 2136 2820 2192 ταῦτα
2861 2135 3256 2208 διαλαμϐάνει’
3301 2153 3321 2188 ι
3364 2134 3485 2189 Ὅτι
3534 2133 3561 2185 6
3588 2148 3737 2204 χαρα-

2189 2230 2329 2303 κτὴρ
2361 2230 2461 2301 τῆς
2491 2228 2692 2295 λέξεως
2727 2228 2826 2299 τῆς
2859 2228 2995 2301 πρὸς
3039 2226 3324 2300 Ἐὅραίους
3357 2222 3739 2298 ἐπιγεγραμμέ-

2188 2341 2285 2395 νης
2321 2320 2635 2393 ἐπιστολῆς,
2671 2320 2772 2374 οὐκ
2804 2320 2918 2392 ἔχει
2949 2320 3013 2374 τὸ
3067 2321 3125 2373 ὲν
3175 2319 3323 2392 λόγῳ
3371 2318 3621 2372 ἰδιωτικὸν
3656 2316 3737 2372 τοῦ

2202 2413 2546 2476 Ἀποστόλου,
2586 2410 3020 2484 ὁμολογήσαντος
3051 2412 3240 2466 ἑαυτὸν
3273 2409 3484 2484 ἰδιώτην
3523 2406 3647 2464 εἶναι
3673 2407 3743 2480 τῷ

2188 2506 2351 2577 λόγῳ,
2387 2506 2634 2561 τουτέστι
2674 2510 2741 2579 τῇ
2786 2507 2984 2579 φράσει
3011 2524 3024 2539 ο
3071 2507 3208 2561 ἀλλά
3244 2508 3391 2560 ἐστιν
3430 2508 3464 2577 ἡ
3513 2503 3743 2575 ἐπιστολὴ

2192 2596 2436 2651 συνθέσει
2468 2597 2569 2668 τῆς
2613 2595 2810 2662 λέξεως
2855 2598 3308 2671 Ἐλληνικωτέρα,
3344 2599 3452 2661 πᾶς
3481 2600 3508 2652 6
3537 2596 3741 2650 ἐπιστά-

2192 2707 2352 2762 μενος
2397 2691 2602 2763 κρίνειν
2658 2690 2911 2762 φράσεων
2966 2689 3267 2763 διαφορὰς,
3300 2691 3619 2762 ὁμολογήσαι
3656 2688 3741 2744 ἄν.

2188 2782 2356 2836 Πάλιν
2381 2800 2441 2836 τε
2465 2778 2532 2837 αὖ
2563 2784 2645 2837 ὅτι
2670 2781 2739 2836 τὰ
2772 2784 3016 2855 νοήματα
3044 2784 3143 2854 τῆς
3175 2782 3465 2855 ἐπιστολῆς
3491 2780 3749 2853 θαυμάσιά

2188 2877 2326 2942 ἔστι,
2361 2875 2456 2929 καὶ¹
2487 2877 2548 2929 οὐ
2582 2874 2809 2949 δεύτερα
2842 2875 2951 2930 τῶν
2982 2875 3356 2931 άποστολικῶν
3398 2875 3747 2949 ὁμολογουμέ-

2186 2986 2293 3024 νων
2324 2968 2691 3041 γραμμάτων,
2726 2968 2823 3023 καὶ
2856 2965 3014 3022 τοῦτο
3059 2968 3126 3023 ἂν
3158 2970 3433 3042 συμφήσει
3464 2964 3593 3023 εἶναι
3619 2968 3748 3040 άλη-

2187 3061 2298 3128 θὲς,
2331 3063 2439 3125 πᾶς
2468 3062 2498 3115 6
2526 3060 2812 3133 προσέχων
2840 3063 2905 3133 τῇ
2930 3059 3236 3131 ἀναγνώσει
3263 3062 3331 3134 τῇ
3358 3061 3689 3133 ἀποστολικῇ.
3724 3079 3744 3113 s

2187 3161 2409 3226 Τούτοις
2436 3160 2552 3233 μεθ’
2592 3160 2755 3232 ἕτερα
2782 3159 3030 3232 ἐπιφέρει
3057 3158 3232 3230 λέγων
3257 3176 3271 3189 ·
3308 3178 3327 3211 ι
3382 3157 3520 3228 Ἐγὼ
3547 3157 3600 3212 δὲ
3627 3158 3752 3211 ἀπο-

2145 3249 2153 3281 ;
2193 3252 2515 3325 φαινόμενος
2548 3254 2750 3324 εἴποιμ’
2780 3250 2846 3306 ἂν
2879 3251 2961 3305 ὃτι
2992 3249 3062 3307 τὰ
3095 3252 3194 3324 μὲν
3217 3252 3466 3325 νοήματα
3484 3250 3572 3305 τοῦ
3601 3250 3753 3311 Ἀπο-

2193 3346 2377 3400 στόλου
2411 3346 2579 3411 ἐστὶν,
2609 3347 2643 3417 η
2672 3345 2729 3400 δὲ
2761 3345 2961 3417 φράσις
2981 3344 3074 3399 καὶ
3100 3346 3133 3417 ἠ
3166 3343 3417 3409 σύνθεσις
3441 3346 3750 3416 ἀπομνημο-

2193 3437 2483 3502 νεύσαντός
2509 3454 2655 3501 τινος
2686 3437 2755 3491 τὰ
2781 3436 3134 3503 άποστολικὰ,
3166 3437 3262 3492 καὶ
3290 3437 3527 3511 ὡσπερεὶ
3557 3435 3756 3507 σχολιο-

2194 3531 2580 3602 γραφήσαντος
2613 3528 2721 3603 (Gl)
2751 3529 2823 3585 τὰ
2864 3529 3128 3603 εἰρημένα
3160 3530 3267 3584 ὑπὸ
3301 3530 3397 3584 τοῦ
3429 3529 3753 3585 διδασκάλου.

2188 3623 2256 3677 Εἰ
2283 3640 2368 3688 τις
2397 3617 2491 3677 οὖν
2538 3622 2833 3695 Ἐκκλησία
2864 3622 2977 3695 ἔχει
3010 3624 3215 3695 ταύτην
3246 3623 3347 3696 τὴν
3382 3624 3650 3696 ἐπιστολὴν
3678 3622 3758 3687 ὡς

2188 3713 2424 3781 Παύλου,
2472 3715 2609 3788 αὕτη
2644 3715 3000 3787 εύδοκιμείτω
3033 3717 3128 3770 καὶ
3163 3716 3256 3769 ἐπὶ
3288 3717 3465 3790 τούτῳ
3508 3717 3628 3789 (62).
3678 3715 3756 3770 Οὐ

2187 3810 2297 3883 γὰρ
2332 3811 2454 3883 εἰκῆ
2484 3811 2535 3864 oi
2568 3811 2783 3881 ἀρχαῖοι
2811 3810 3004 3883 ἄνδρες
3034 3810 3110 3875 ὡς
3142 3810 3359 3865 Παύλου
3387 3811 3551 3883 αὐτὴν
3576 3827 3761 3883 παρα-

2187 3900 2471 3954 δεδώκασι.
2517 3899 2614 3963 Τίς
2644 3899 2703 3953 δὲ
2745 3901 2775 3953 6
2818 3900 3035 3973 γράψας
3064 3901 3163 3974 τὴν
3215 3902 3521 3975 ἐπιστολὴν,
3553 3902 3608 3956 τὸ
3656 3902 3764 3974 μὲν

2188 3990 2387 4065 ἀληθὲς
2418 3990 2550 4055 Θεὸς
2581 3986 2741 4047 οἶδεν.
2784 3990 2849 4047 Ἦ
2876 3992 2933 4046 δὲ
2966 3993 3046 4058 είς
3075 3994 3223 4065 ἡμᾶς
3251 3994 3507 4065 φθάσασα
3534 3993 3764 4066 ἱστορία,

2187 4194 2383 4250 Plotini
2413 4195 2647 4261 auditor,
2680 4195 2902 4265 scripsit
2947 4196 3277 4251 scholiorum
3319 4197 3489 4255 libros
3519 4208 3766 4264 centum,

2192 4269 2244 4320 in
2279 4267 2490 4340 quibus
2538 4282 2600 4320 ea
2645 4282 2824 4340 qutea
2849 4267 3061 4340 Plotino
3102 4269 3155 4340 in
3195 4269 3453 4340 familiari
3492 4270 3768 4340 colloquio

2191 4336 2438 4392 strictius
2456 4346 2645 4410 _erant
2676 4337 3052 4410 tradita,__ipse
3066 4339 3307 4410 _u_berius
3329 4336 3669 4410 exponebat,
3705 4352 3773 4396 ut

2189 4415 2423 4462 testatur
2456 4405 2787 4477 Porphyrius
2818 4406 2870 4460 in
2909 4406 3027 4460 Vita
3054 4407 3273 4477 Plotini.
3308 4405 3484 4476 Quare
3512 4412 3572 4464 de
3596 4411 3772 4464 Ame-

510 4476 713 4569 dictata
767 4479 1029 4569 recitant.
1077 4477 1498 4569 Σχολιογραφεῑν
1532 4492 1666 4569 γει-ο
1708 4476 2085 4532 est—brevibus

2192 4477 2264 4559 lio
2292 4477 2398 4531 dici
2423 4486 2621 4569 quiest,
2642 4476 2774 4559 eum
2806 4476 3292 4569 ἀπομνημονεῦσαι
3326 4482 3775 4569 καισχολιοτρα-

509 4550 733 4604 sclioliis
766 4548 1079 4610 illustrare;
1122 4548 1280 4618 quod
1328 4552 1386 4601 tit
1440 4563 1562 4603 cum
1616 4550 1877 4603 obscuras
1925 4562 2087 4602 voces

511 4620 633 4674 aliis
663 4620 890 4675 vocibus
914 4620 1086 4689 magis
1111 4619 1324 4672 usitatis
1354 4619 1711 4689 explicamus.
1760 4618 2085 4686 lnterpretes

511 4706 576 4743 ac
609 4688 1451 4760 praecipueCbristophorsonum
1482 4688 1743 4760 nihilhic
1767 4689 1989 4755 vidisse,
2017 4702 2084 4741 ex

510 4758 698 4814 eorum
756 4758 1005 4814 versione
1062 4758 1307 4829 apparet.
1364 4758 1500 4813 Nam
1562 4759 1794 4828 primum
1841 4760 2089 4829 ἀπομνη-

513 4830 874 4901 μονεύσαντας
908 4830 1441 4901 Christophorsonus
1487 4832 1667 4901 vertit.
1716 4833 1773 4883 in
1826 4845 2088 4901 commen-

514 4898 677 4955 tarios
741 4904 994 4971 redigere.
1057 4899 1270 4955 Putavit
1325 4899 1535 4955 scilicet
1588 4898 2089 4970 ἀπομνημονεύμα-

513 4986 584 5025 τα
640 4972 779 5025 idem
838 4982 958 5026 esse
1015 4987 1078 5026 ac
1132 4971 1553 5036 commentarios,
1617 4985 1776 5039 quem
1843 4985 2085 5024 errorem

510 5042 622 5111 jam
668 5050 823 5096 antea
883 5042 1136 5097 rel‘utavi.
1188 5039 1388 5096 Vocem
1449 5051 1630 5095 autem
1692 5040 2088 5112 σχολιογραφή-

520 5128 715 5174 σαντος
770 5114 1175 5181 interpretatur,
1238 5112 1438 5165 dictata
1494 5126 1561 5164 ea:
1609 5116 1942 5181 praeceptoris
1997 5126 2087 5163 ore

514 5185 762 5246 scribere,
798 5196 906 5252 quo
947 5183 1077 5237 nibil
1107 5181 1212 5237 dici
1251 5182 1424 5252 potuit
1460 5181 1769 5252 absurdius.
1805 5181 1897 5235 Ait
1939 5182 2084 5235 enim

514 5252 780 5322 Origenes
817 5250 1147 5306 'sententias
1193 5250 1447 5319 Epistolas
1511 5251 1579 5305 ad
1643 5250 1915 5322 Hehrwos,
1966 5264 2087 5305 esse

515 5323 689 5391 ipsius
727 5321 1007 5391 Apostoli;
1065 5323 1224 5376 verba
1281 5331 1460 5375 autem
1498 5331 1575 5391 _et
1622 5321 2082 5391 compositionem

521 5389 682 5446 totius
708 5389 997 5457 orationis,
1025 5406 1145 5447 esse
1165 5392 1389 5446 alterius
1425 5389 1747 5459 cujuspiam,
1788 5392 1879 5458 qui
1920 5390 2083 5444 verba

515 5464 759 5529 Apostoli
806 5468 1081 5518 memoria:
1136 5462 1495 5526 mandaverit,
1558 5474 1731 5529 eaque
1781 5462 2085 5527 elegantius

519 5542 774 5598 tanquam
809 5532 1483 5602 scholiastes,eXposnerit.
1515 5530 1668 5597 Quod
1694 5531 1739 5602 si
1771 5530 2086 5602 σχολιογρα-

519 5602 640 5670 φεῖν
664 5604 801 5655 idem
832 5614 978 5657 esset
1005 5618 1069 5655 ac
1097 5599 1293 5657 dictata
1333 5618 1397 5655 ex
1429 5599 1775 5670 praeceptoris
1806 5599 1903 5653 ore
1944 5601 2082 5654 scri-

518 5668 670 5734 bere,
703 5673 815 5739 ipsa
844 5676 1005 5727 verba
1051 5672 1163 5741 jam
1197 5681 1380 5726 essent
1418 5668 1680 5741 Apostdli,
1731 5673 1877 5741 quod
1907 5680 2083 5725 tamen

520 5751 683 5812 negat
725 5738 1009 5812 Origenes.
1053 5738 1173 5796 Sed
1224 5738 1481 5812 nimirum
1540 5738 1806 5812 ignoravit
1844 5738 2085 5795 Christo-

521 5808 979 5883 phorsouus'quid
1000 5820 1185 5869 essent
1205 5812 1429 5869 scholia.
1452 5808 1695 5868 Amelius
1709 5811 2081 5881 philosophus,

2230 4547 2358 4621 ἧσαι
2399 4546 2791 4621 τα-Πλωτίνου.
2836 4546 3046 4602 Eodem
3081 4565 3241 4604 sensu
3268 4546 3540 4621 Longinus
3579 4546 3773 4607 in‘iib.

2230 4566 2358 4619 ησαι
2399 4566 2468 4600 τα
2497 4566 2791 4601 ιιλωτινου.
2836 4566 3038 4602 ιδυιιειη
3081 4566 3241 4604 εοιιειι
3268 4566 3540 4621 Longinus
3579 4567 3631 4605 ιη
3664 4566 3773 4607 ιιι..

2188 4566 2263 4672 ile
2285 4618 2390 4690 ﬁne
2418 4619 2665 4690 adversus
2701 4615 2993 4690 Plotinum,
3039 4621 3104 4672 de
3139 4622 3321 4690 Annio
3353 4633 3409 4677 et
3439 4621 3604 4676 Medio
3636 4622 3777 4690 phi-

2185 4687 2675 4765 loSOpliis_loqt_t_ens
2701 4688 2769 4765 ita
2796 4690 2926 4765 dicit
2964 4706 2977 4741 :
3013 4690 3075 4765 Oi
3109 4689 3369 4765 septumi
3404 4692 3590 4765 κομιδῆ
3616 4687 3781 4763 τξρά-

2184 4774 2379 4834 γματα-
2394 4760 2492 4829 τῆς
2513 4756 2621 4834 τῶν
2645 4756 2882 4834 παλαιῶν
2902 4758 3140 4834 ίστορίας
3161 4756 3380 4834 α’πομνη
3391 4756 3781 4834 μοῦεύσὶινιξες,

2185 4830 2265 4906 εἰς
2305 4829 2669 4906 τοῖος-αὐτούς
2706 4829 2916 4906 τόπους.
2934 4829 3159 4896 ἐκείνοις
3174 4829 3543 4906 ,ἐπεχείρησαν
3582 4850 3786 4887 συντι-

2186 4899 2333 4954 θέναι
2369 4897 2567 4968 βιϐλία.
2602 4898 2657 4952 ld
2682 4912 2791 4974 est,
2823 4901 2916 4974 alii
2947 4918 3065 4955 vero
3099 4897 3554 4974 exigufqtiw'dam
3583 4920 3788 4959 excer-

2184 4982 2275 5037 pta
2333 4985 2397 5023 ιω
2432 4981 2676 5039 ceterum
2734 4969 2881 5024 libris
2930 4969 3424 5039 commemorantes,
3475 4977 3536 5029 de
3573 4975 3789 5028 iisdem

2182 5041 2373 5103 quibus
2401 5038 2481 5092 illi
2507 5041 2831 5107 argumentis
2876 5058 2936 5095 ac
2973 5042 3102 5097 locis
3133 5044 3363 5099 scribere
3396 5038 3785 5100 instituerunt.

2186 5109 2665 5182 Videquae‘supra
2698 5114 2953 5182 annotavi
2986 5117 3052 5166 ad
3084 5114 3357 5182 caput”,
3390 5115 3481 5171 lib.
3522 5130 3588 5170 tv.

2256 5178 2786 5252 (ϐἓγεὺδοκιμείτω
2823 5180 2920 5252 ἐπὶ
2950 5178 3166 5252 τούτῳ.
3208 5178 3453 5240 Pessime
3492 5186 3601 5240 haec
3650 5184 3793 5242 Ori-

2186 5252 2337 5325 genis
2360 5251 2521 5325 verba
2546 5261 2821 5325 verterunt
2840 5251 3118 5309 Musculus
3139 5262 3193 5309 et
3209 5254 3791 5325 Christophorsonus.

2185 5321 2338 5395 Quod
2394 5321 2525 5395 ideo
2562 5321 2888 5395 monendum
2938 5325 3092 5388 duxi,
3150 5340 3255 5380 non
3307 5321 3512 5395 quo'de
3541 5325 3795 5382 illorum

2187 5390 2344 5470 laude
2399 5389 2690 5459 quidquam
2732 5392 3056 5470 detraham,_
3089 5398 3184 5450 sed
3223 5404 3284 5470 ut
3314 5389 3620 5460 ostendam,
3670 5415 3795 5453 non

2184 5462 2303 5516 sine
2364 5476 2525 5516 causa
2591 5475 2782 5515 novam
2843 5462 3061 5519 Eusebii
3124 5468 3430 5520 versionem
3499 5483 3528 5521 a
3600 5471 3799 5523 nobis

2187 5526 2722 5611 susceptamlfnisse.
2758 5530 2866 5611 Nec
2897 5544 3074 5611 tamen
3101 5537 3530 5611 onmesjllorum
3567 5535 3803 5607 lapsus

2185 5611 2373 5656 notare
2405 5603 2648 5666 institui;
2685 5603 2778 5656 sed
2818 5604 2990 5659 sicubi
3039 5607 3192 5661 locus
3231 5605 3468 5662 diﬁicilis
3498 5620 3547 5662 et
3582 5603 3802 5664 ³ιίὠί-

2185 5686 2321 5796 εῧέἰε
2349 5681 2616 5737 occurret,
2672 5682 2781 5725 tum
2816 5675 3029 5732 illorum
3071 5680 3382 5735 versionem
3419 5696 3522 5735 non
3548 5680 3807 5751 pigebit

2186 5758 2216 5796 a
2295 5756 2470 5796 ucere.

2186 5756 2470 5797 adducere.
