3876 6482
182 374 263 430 585
1149 369 1502 426 1118Τοῐίἰῶ
1543 370 2099 457 ECCLESI‘ASTICE
2141 375 2273 431 LIB.
2316 375 2408 430 Vl.

3297 390 3401 446 EBG

181 490 261 544 ὑπό
286 506 426 542 τινων
476 488 572 559 μὲν
614 487 903 557 λεγόντων,
937 487 1023 540 ὅτι
1069 488 1305 560 Κλήμης
1350 491 1379 541 ὁ
1431 489 1707 560 γενόμενος

1831 491 2090 560 majorem
2127 493 2348 562 praefert
2398 492 2572 548 Graeci
2621 497 2893 556 sermonis
2943 497 3296 570 elegantiam,
3345 515 3405 557 ut

179 581 426 643 ἐπίσκοπος
471 579 758 651 Ῥωμαίων
784 578 994 651 ἔγραψε
1031 578 1126 650 τὴν
1153 579 1465 651 ἐπιστολὴν,
1503 580 1608 633 ὑπό
1635 591 1718 633 τι·

177 689 259 724 νων
280 671 347 735 δὲ,
378 671 456 724 ὅτι
479 672 692 735 Λουκᾶς
719 673 747 725 ὁ
775 670 997 744 γράψας
1028 671 1088 724 τὸ
1122 671 1457 740 Εὐαγγὲλιον
1492 671 1589 727 καὶ
1618 671 1719 736 τὰς

175 762 386 833 Πράξιις.
421 781 438 814 ι
487 762 649 816 Ἀλλὰ
673 761 846 818 ταῦτα
879 761 983 834 μὲν
1015 755 1115 817 ὦδε
1149 762 1339 832 ἐχέτω.

1827 582 2087 638 fatebitur
2109 586 2365 654 quisquis
2393 585 2460 640 de
2500 586 2622 656 styli
2672 588 2980 644 dilierentia
3034 592 3208 660 perite
3253 593 3403 663 judi-

1823 688 1952 736 care
1987 685 2187 744 potest.
2240 675 2306 729 Et
2332 685 2597 745 prteterca
2629 681 2934 735 sententias
2955 683 3204 737 continet
3232 684 3406 740 admi-

1829 765 2051 830 rabiles,
2104 781 2206 822 nec
2255 767 2478 838 scriptis
2507 771 2821 840 apostolicis
2851 772 3120 835 ullatenus
3172 775 3402 832 inferio-

175 872 259 912 res.
313 858 477 926 Atque
521 858 577 912 id
641 858 986 913 verissimum
1033 872 1155 914 esse
1219 856 1605 922 assentientur,
1655 859 1966 930 quicunque
2015 863 2390 932 apostolorum
2449 865 2649 936 scripta
2714 877 2921 924 attente
2992 873 3342 943 perlegerim.
3377 892 3396 924 a

173 947 334 1004 Paucis
379 949 572 1004 deinde
640 949 985 1018 interpositis
1035 949 1152 1006 haec
1207 948 1492 1020 subiungit
1531 969 1544 1004 :
1583 969 1601 1002 ι
1640 951 1756 1019 Ego
1794 966 1946 1019 vero,
1981 955 2180 1024 inquit,
2223 956 2297 1011 ita
2360 971 2602 1013 censeo:
2649 964 2946 1020 sententias
2999 967 3214 1036 quidem
3256 968 3404 1036 ipsas

171 1043 372 1113 Apostoli
433 1058 576 1109 esse,
645 1044 938 1101 dictionem
975 1057 1156 1103 autem
1192 1058 1255 1103 et
1297 1049 1753 1118 compositionem
1790 1049 2085 1106 verborum
2128 1067 2249 1108 esse
2307 1053 2535 1109 alterius
2585 1056 2887 1128 cujusdam,
2940 1062 3033 1132 qui
3093 1063 3235 1118 dicta
3260 1065 3404 1135 Apo-

169 1137 266 1190 stoli
286 1151 732 1203 commemorare,
759 1147 813 1194 et
837 1141 993 1210 quasi
1061 1141 1116 1196 in
1181 1143 1608 1198 commentarios
1637 1143 1884 1214 redigere
1905 1143 2141 1198 voluerit
2172 1159 2239 1200 ea
2269 1160 2389 1214 qua:
2447 1162 2476 1200 a
2535 1149 2797 1220 magistro
2831 1153 3134 1208 audiverat.
3167 1154 3404 1210 Proinde

169 1229 204 1282 si
222 1241 323 1300 quae
383 1226 623 1282 Ecclesia
661 1230 805 1286 hanc
840 1232 1124 1301 epistolam
1193 1248 1289 1303 pro
1341 1231 1569 1287 Paulina
1615 1233 1802 1299 habet,
1842 1247 1906 1289 eo
1933 1235 2150 1290 nomine
2198 1237 2466 1296 laudetur.
2512 1239 2702 1312 Neque
2743 1244 2885 1298 enim
2918 1253 3124 1301 temere
3167 1245 3403 1316 majores

168 1334 265 1373 eam
318 1317 460 1372 Pauli
494 1333 618 1374 esse
681 1321 1045 1377 tradiderunt.
1087 1325 1220 1391 Quis
1289 1334 1471 1378 autem
1525 1339 1713 1381 revera
1772 1323 1918 1379 illam
1959 1326 2266 1394 scripserit,
2317 1329 2418 1383 soli
2471 1331 2576 1385 Deo
2626 1342 2812 1388 notum
2860 1349 2982 1390 esse
3043 1336 3254 1405 Opinor.
3295 1337 3402 1392 Sed

167 1411 422 1481 scriptores
481 1426 718 1479 quorum
760 1426 1109 1470 monumenta
1165 1417 1232 1471 ad
1281 1431 1382 1472 nos
1444 1431 1617 1488 usque
1656 1427 2043 1488 pervenerunt,
2085 1421 2282 1489 partim
2323 1422 2588 1478 Clementi
2649 1425 2908 1482 Romanae
2946 1428 3096 1484 urbis
3145 1430 3404 1500 episcopo

163 1519 259 1558 eam
284 1504 572 1572 ascribunt,
596 1506 800 1576 partim
856 1507 1017 1564 Lucae
1079 1510 1170 1579 qui
1233 1510 1586 1582 Evangelium
1645 1521 1705 1568 et
1763 1512 1934 1570 Actus
1965 1514 2332 1585 apostolorum
2365 1516 2561 1572 litteris
2603 1520 2857 1588 prodidit.
2890 1539 2909 1574 ι
2965 1522 3162 1580 Verum
3206 1523 3272 1580 de
3313 1524 3404 1580 his

165 1597 410 1654 hactenus.

619 1691 1018 1745 ΚΕΦΑΑΑΙΟΝ
1057 1694 1205 1761 ιςεῖν.

172 1782 250 1847 Ὠς
280 1780 718 1853 ’Πρακλᾶςᾼτὴν
765 1772 1198 1852 Ἀλεξανδρέων
1221 1784 1571 1853 ἐπισκοπὴν
1602 1784 1717 1838 διε-

529 1851 748 1916 δέξατο
773 1853 912 1922 (Nic.
947 1853 1020 1907 Η.
1044 1851 1114 1908 Ε.
1137 1869 1192 1919 v,
1225 1854 1331 1926 18).

221 1943 358 2006 Ἔτος
387 1943 432 1996 δ’
481 1938 551 2013 ἦν
582 1942 746 1997 τοῦτο
796 1943 1021 1998 δέκατον
1067 1945 1180 2018 (65)
1230 1947 1330 2018 τῆς
1377 1947 1715 2020 δηλουμένης

161 2033 438 2103 ἡγεμονίας,
475 2032 599 2086 καθ’
623 2031 652 2086 ὃ
679 2034 782 2105 τὴν
809 2035 904 2087 ἀπ’
947 2034 1354 2107 Ἀλεξανδρείας
1381 2039 1717 2107 μετανάστα-

165 2139 229 2175 σιν
267 2123 350 2176 ἐπὶ
392 2123 492 2194 τὴν
539 2124 885 2195 Καισάρειαν
917 2127 946 2178 ὁ
993 2126 1278 2197 Ὠριγένης
1327 2128 1712 2198 ποιησάμενος,

171 2213 379 2286 Ἠρακλᾷ
398 2216 458 2268 τὸ
479 2215 582 2286 τῆς
606 2217 964 2288 κατηχήσεως
987 2214 1096 2269 τῶν
1125 2215 1313 2270 αὐτόθι
1346 2215 1715 2271 διδασκαλεῖον

163 2307 439 2360 καταλείπει
485 2306 620 2377 (64).
656 2307 772 2359 Οὐκ
819 2308 900 2370 εἰς
943 2305 1160 2378 μακρὸν
1191 2306 1247 2360 δὲ
1281 2308 1374 2360 καὶ
1405 2308 1715 2380 Δημήτριος

159 2399 289 2468 ὁτῆς
330 2398 729 2470 Ἀλεξανδρέων
782 2398 1111 2471 Ἐκκλησίας
1141 2398 1439 2464 ἐπίσκοπος
1466 2401 1712 2473 τελευτᾷ,

159 2489 223 2557 ἐφ’
245 2490 372 2554 ὅλοις
395 2489 542 2543 ἔτεσι
567 2489 721 2561 τρισὶ
751 2489 847 2545 καλ⁹
870 2490 1280 2561 τεσσαράκοντα
1310 2493 1377 2562 τῇ
1407 2491 1715 2564 λειτουργίᾳ

158 2579 445 2650 διαρκέσαςο
497 2579 808 2651 διαδέχεται
857 2580 901 2634 δ’
955 2582 1118 2635 αὑτὸν
1163 2583 1192 2634 ό
1250 2580 1546 2654 Ἡρακλᾶς.
1601 2583 1716 2635 Διέ-

159 2688 301 2742 xpers
319 2671 373 2727 δὲ
406 2674 466 2725 ἐν
487 2671 668 2744 τούτῳ
698 2671 1052 2743 Φιρμιλιανὺς
1075 2673 1414 2744 Καισαρείας
1432 2672 1531 2744 τῆς
1558 2676 1713 2750 Καττ-

159 2761 371 2815 πιδοκῶν
401 2763 732 2826 ἐπίσκοπος.

637 2855 1038 2909 ΚΕΦΑΛΑΙΟΝ
1069 2855 1198 2911 ΚΖ’.

362 2947 566 3012 Ὅπως
595 2944 788 3000 αὑτὸν
817 2943 1015 3014 ἐώρων
1039 2949 1092 3000 οἱ
1118 2946 1466 3000 ἐπίσκοποι.

2274 1695 2444 1768 223
2488 1693 2720 1751 CAPUT
2755 1696 2945 1754 xxw.

1966 1786 2244 1852 Quomodo
2278 1787 2542 1868 Heracles
2573 1788 2997 1846 Alexandrinum
3025 1793 3256 1862 suscepit

2418 1869 2795 1926 eptscopatum.

1889 1947 2144 2004 Decimus
2178 1948 2268 2003 hic
2291 1957 2414 2003 erat
2455 1962 2635 2004 annus
2669 1951 2782 2018 jam
2854 1953 2984 2007 dicti
3049 1953 3399 2024 imperatoris

1816 2039 2142 2104 Alexandri,
2172 2055 2294 2095 cum
2323 2030 2593 2110 Origenes
2636 2042 2705 2097 ab
2750 2045 2884 2100 urbe
2915 2045 3242 2100 Alexandria
3285 2046 3403 2101 Ca:-

1817 2146 2028 2186 saream
2069 2132 2422 2202 migraturus,
2473 2132 2719 2188 scholam
2775 2136 2843 2194 ad
2901 2135 3088 2192 ﬁdeles
3133 2137 3252 2206 ejus
3296 2137 3399 2193 loci

1819 2224 2177 2280 instituendos
2220 2223 2462 2280 Heracla:
2512 2227 2828 2297 dereliquit.
2885 2227 2994 2284 Nec
3051 2229 3222 2284 multo
3276 2240 3401 2300 post

1818 2313 2128 2368 Demetrius
2155 2312 2652 2371 Alexandrinorum
2689 2317 2979 2389 episcopus
3019 2317 3137 2374 fato
3176 2318 3399 2388 functus

1817 2413 1918 2469 est,
1953 2421 2076 2459 cum
2107 2421 2206 2476 per
2238 2415 2352 2462 tres
2389 2416 2444 2462 et
2473 2409 2836 2479 quadraginta
2885 2424 3061 2466 annos
3085 2410 3397 2466 Ecclesiam

1815 2495 2272 2552 administrasset.
2320 2497 2376 2552 ln
2435 2499 2594 2568 hujus
2674 2499 2858 2556 locum
2915 2501 3186 2558 successit
3226 2499 3400 2557 Hera-

1815 2587 1946 2644 clas.
1983 2588 2244 2644 Florebat
2279 2599 2408 2648 tunc
2457 2593 2720 2662 temporis
2747 2591 3103 2649 Firmilianus
3124 2593 3395 2664 Ctesareae

1823 2680 1965 2750 apud
2006 2681 2362 2751 Cappadocas
2395 2683 2704 2756 episcopus.

2367 2863 2601 2921 CAPUT
2629 2864 2844 2926 XXVII.

1995 2950 2238 3018 Qualiter
2260 2955 2491 3025 episcopi
2523 2953 2800 3025 Originem
2829 2957 3205 3022 suspiciebant.

211 3036 473 3110 Τοσαύτην
523 3038 768 3105 εἰσάγων
811 3038 940 3109 περὶ
981 3037 1073 3092 τὸν
1127 3037 1410 3110 Ὠριγένην
1455 3039 1707 3111 σπουδὴν,

1891 3039 1994 3107 Qui
2028 3053 2138 3098 tam
2170 3058 2438 3113 propenso
2465 3060 2592 3114 erga
2625 3043 2916 3114 Origenem
2954 3047 3138 3102 animo
3169 3048 3290 3114 fuit,
3330 3060 3390 3104 ut

155 3134 214 3197 ὡς
240 3134 348 3187 τοτὲ
390 3134 494 3206 μὲν
528 3133 695 3186 αὐτὸν
729 3132 874 3204 ἀμφὶ
911 3132 982 3186 τὰ
1011 3133 1132 3186 κατ’
1167 3133 1330 3186 αὐτὸν
1363 3132 1606 3204 κλίματα
1634 3135 1716 3199 εις

157 3225 232 3294 τὴν
269 3225 368 3278 τῶν
397 3207 749 3295 Ἐκκλησιῶν
779 3223 1042 3292 ὠφέλειαν
1086 3223 1453 3287 ἐκκαλεῖσθαι,
1505 3223 1628 3279 τοτὲ
1658 3224 1716 3278 δὲ

154 3316 215 3379 ὼς
254 3317 405 3370 αὑτὸν
451 3316 547 3369 ἐπὶ
584 3315 686 3386 τὴν
739 3313 996 3368 Ἰουδαίαν
1043 3313 1376 3379 στέλλεσθαι,
1425 3315 1518 3369 καί
1559 3332 1713 3379 τινας

156 3409 280 3478 αὑτῷ
301 3408 695 3480 συνδιατριὸειν
721 3408 970 3480 χρόνους,
1003 3408 1102 3480 τῆς
1129 3407 1210 3474 εἰς
1235 3407 1304 3460 τὰ
1343 3406 1463 3460 θεῖα
1493 3406 1714 3477 βελτιώ-

157 3517 270 3564 σεως
305 3502 483 3556 ἕνεκα.
525 3502 604 3555 Οὐ
642 3499 752 3572 μὴν
803 3499 939 3555 ἀλλὰ
983 3500 1080 3554 καὶ
1124 3501 1154 3553 ὁ
1183 3499 1284 3570 τῆς
1326 3498 1714 3572 Ἰεροσολύμων

156 3591 401 3661 προεστὼς
441 3591 823 3663 Ἀλέξανδρος,
851 3589 1176 3654 Θεόκτιστός
1198 3607 1258 3644 τε
1277 3592 1306 3644 ὁ
1330 3590 1474 3644 κατὰ
1503 3591 1714 3644 Καισά-

154 3701 300 3757 ρειαν,
336 3688 425 3741 τὸν
452 3684 630 3740 πάντα
663 3681 860 3756 χρόνον
888 3681 1019 3753 (65),
1049 3682 1124 3745 ὠς
1154 3680 1284 3745 ἐπος
1315 3683 1511 3748 εἰπεῖν,
1541 3697 1712 3752 προσ-

217 3920 309 3989 (65)
338 3923 508 3988 Ἔτος
535 3921 590 3975 δ’
606 3920 690 3990 ἦν
707 3919 884 3974 τοῦτο
907 3918 1180 3974 δέκατον.
1209 3918 1266 3974 In
1295 3919 1456 3976 codd.
1480 3919 1617 3977 Med.
1645 3937 1707 3977 ac

155 3989 442 4060 Maz..Fuk.
469 4003 519 4046 et
543 3991 746 4054 Savil.,
769 4001 823 4044 et
846 3992 983 4058 apud
1009 3990 1370 4060 Nicephorum
1395 3990 1590 4060 legitur
1614 3993 1708 4045 ὃωο

152 4059 367 4133 δέκατον.
405 4066 461 4116 In
501 4060 1024 4133 Cltronico_Eusebi_i
1061 4061 1173 4133 haec
1205 4059 1467 4128 Origenis"
1505 4062 1707 4133 migra-

155 4130 222 4201 tio
248 4133 308 4186 ab
334 4136 464 4187 urbe
494 4131 863 4186 Alexandrina
887 4131 952 4183 ad
976 4128 1388 4201 Cmsariensem.
1414 4133 1466 4184 in
1485 4128 1708 4201 quibus-

155 4199 257 4252 dam
284 4202 558 4256 codicibus
587 4201 825 4255 refertur
847 4215 991 4253 anno
1016 4215 1089 4253 xu
1116 4200 1435 4264 Alexandri,
1465 4199 1523 4254 ut
1552 4205 1705 4258 testis

152 4279 226 4323 est
248 4270 531 4327 Pontacus.
558 4271 667 4326 Sed
701 4272 842 4324 mira
871 4281 952 4324 est
980 4268 1196 4325 Eusebii
1224 4287 1253 4323 a
1288 4270 1464 4338 seipso
1497 4272 1703 4328 dissen-

154 4338 239 4401 sio.
262 4345 344 4412 qui
370 4344 424 4394 in
451 4341 718 4412 Chronico
751 4354 870 4394 eam
909 4340 1286 4412 migrationem
1311 4351 1702 4412 commemorat

155 4410 292 4466 anno'
316 4411 396 4465 vel
433 4410 658 4465 biennio
684 4419 809 4478 post
849 4418 1076 4464 mortem
1109 4410 1385 4464 Demetrii.
1432 4410 1530 4466 Hic
1574 4426 1703 4466 vero

153 4478 410 4552 Origencm
443 4481 773 4552 Alexandria
809 4479 1078 4552 migrasse
1117 4481 1308 4552 scribit
1344 4483 1502 4552 paulo
1530 4490 1702 4552 iante-

154 4541 290 4615 quain
321 4552 626 4607 Demetrius
658 4541 917 4620 ultimum
936 4550 1076 4603 diem
1113 4541 1358 4604 obiissetl
1387 4548 1540 4615 Quod
1576 4553 1700 4620 qui-
1733 4541 1776 4594 D

155 4623 255 4689 dem
273 4623 446 4676 verius
471 4632 622 4689 puto.
655 4618 794 4689 Nam
818 4629 940 4686 post
964 4619 1219 4673 Demetrii
1247 4621 1549 4685 interitum,
1567 4618 1703 4675 nihil

150 4688 241 4756 jam
267 4707 437 4746 causa;
461 4686 580 4746 erat
604 4704 705 4743 cur
728 4686 992 4757 Origenes
1017 4689 1347 4744 Alexandria
1376 4689 1702 4757 discederet,

152 4773 256 4813 cum
315 4761 616 4830 praesertim
683 4757 960 4830 Detinetrio
1014 4759 1382 4830 successisset,
1421 4759 1703 4830 Heracles,

152 4843 271 4900 uitus
293 4828 355 4886 ex
386 4831 667 4900 discipulis
692 4828 971 4896 Origenis.
995 4829 1221 4900 Accedit
1247 4829 1389 4900 quod
1419 4829 1506 4884 hic
1537 4830 1704 4885 refert

153 4897 406 4966 Eusebius,
443 4897 740 4970 Origenem
779 4912 845 4952 ex
875 4901 1011 4954 urbe
1056 4898 1382 4970 Alexandria
1413 4901 1702 4970 disceden-

155 4977 266 5034 tem,
289 4988 482 5026 munus
508 4967 669 5025 suum
700 4977 756 5022 et
778 4969 1150 5024 catechizaudi
1199 4967 1433 5022 ollicium
1461 4969 1704 5024 licracla:

155 5043 428 5096 tradidisse.
463 5043 544 5096 Ex
591 5056 700 5109 quo
740 5048 984 5107 apparet,
1033 5039 1326 5108 (irigcuem
1386 5039 1545 5107 paulo
1577 5051 1704 5095 ante

151 5111 387 5176 prolatam
417 5129 446 5166 ε
481 5109 764 5168 Demetrio
799 5109 1062 5164 adversus
1112 5111 1286 5177 ipsum
1332 5110 1705 5164 excommuni-

152 5182 358 5236 cationis
390 5183 746 5242 sententiam,
777 5179 1106 5234 Alexandria
1144 5179 1478 5234 discessisse.
1520 5178 1703 5246 Neque

151 5252 274 5322 enim
315 5267 436 5322 post
477 5254 635 5322 illam
676 5250 1004 5322 sententiam
1059 5249 1426 5322 magisterium
1457 5250 1700 5322 sutttuiu

150 5316 485 5376 Alexandrina
511 5321 762 5377 Ecclesia
797 5316 1059 5389 Origenes
1091 5321 1328 5374 retinere
1357 5320 1553 5389 potuit.
1593 5317 1700 5373 Re-

151 5401 222 5462 cte
249 5393 404 5462 igitur
436 5392 728 5462 Baroniuar
757 5387 973 5462 Eusebii
1014 5387 1315 5462 Chronicon
1341 5387 1624 5462 emendat,
1650 5396 1703 5442 et

150 5459 372 5532 Origéuis
402 5465 628 5534 quidem
660 5460 1042 5534 migrationem
1074 5462 1142 5513 ab
1166 5460 1298 5514 urbe
1335 5459 1701 5534 Alexandrina

150 5537 330 5588 confert
359 5531 642 5588 iri—annum
670 5546 704 5584 Χ
734 5531 1048 5595 Alexandri,
1079 5539 1306 5584 mortem
1337 5545 1465 5584 vero
1507 5531 1701 5584 Dente-

151 5604 226 5654 trii
250 5605 297 5656 in
320 5620 523 5658 annum
563 5609 907 5671 sequentem.
963 5600 1069 5671 Sed
1102 5601 1155 5671 i_n
1185 5614 1251 5654 eo
1293 5600 1514 5671 labitur,
1555 5599 1700 5667 quod

149 5677 439 5728 sententiam
458 5669 1054 5729 excommunicationis
1069 5685 1099 5723 a
1118 5669 1390 5726 Demetrio
1406 5670 1566 5723 latam
1583 5684 1702 5724 esse

150 5742 257 5798 dicit
276 5762 412 5799 anno
437 5753 746 5812 antequam
766 5740 1099 5812 Alexandria
1123 5741 1394 5812 migraret
1412 5740 1699 5810 Origenes,

149 5816 264 5878 quod
312 5810 700 5871 refutavimus.
753 5810 887 5864 Cum
927 5811 1072 5864 enim
1121 5810 1494 5882 magisterium
1543 5825 1701 5866 suum

435 5910 720 5969 ΡΑτιιοι..
769 5905 885 5966 Gn.
932 5906 1076 5968 XX.

1816 3131 1978 3186 modo
2032 3131 2183 3186 illum
2232 3134 2284 3188 in
2334 3149 2490 3197 suam
2538 3135 2877 3203 provinciam
2923 3137 2990 3191 ad
3025 3137 3393 3193 Ecclesiarum

1817 3222 2108 3279 utilitatem
2147 3233 2436 3290 evocaret,
2472 3227 2630 3279 modo
2663 3227 2729 3280 ad
2779 3227 2956 3295 ipsum
3011 3229 3300 3284 visendum
3324 3230 3387 3284 in

1814 3313 2056 3370 Judzeam
2110 3330 2282 3386 usque
2342 3315 2804 3388 proﬁcisceretur,
2846 3324 2901 3372 et
2941 3331 3047 3372 una
3093 3333 3218 3372 cum
3272 3317 3394 3391 ipso

1817 3409 2132 3478 aliquandiu
2168 3420 2436 3476 maneret,
2463 3420 2521 3464 ut
2555 3410 2818 3479 majorem
2853 3427 3034 3470 rerum
3078 3413 3391 3472 divinarum

1818 3502 2070 3558 uetitiam
2106 3503 2436 3573 perciperet.
2485 3502 2594 3558 Sed
2637 3513 2690 3558 et
2731 3502 3044 3560 Alexander
3086 3505 3398 3575 Hierosoly-

1818 3609 2055 3658 morum,
2083 3605 2139 3651 et
2177 3595 2529 3652 Theoctislus
2566 3596 2828 3652 Caesareae
2876 3599 3018 3666 apud
3049 3598 3395 3656 Palaestinam

1815 3686 2128 3758 cpiscopus,
2185 3688 2363 3758 ipsum
2418 3698 2686 3758 perpetuo
2763 3696 3021 3759 tanquam
3074 3692 3394 3762 magistrum

1813 3921 2077 3992 Origenes
2134 3937 2349 3991 semper
2398 3922 2745 3978 Alexandrite
2805 3922 3110 3984 retinuerit,
3167 3933 3396 3988 apparet

1814 3995 1994 4063 ipsum
2033 4003 2158 4046 ante
2213 3993 2617 4050 damnationem
2645 3994 2796 4048 illinc
2843 3994 3184 4048 discessisse.
3221 3993 3396 4049 Porro

1811 4062 1935 4117 eum
1963 4062 2226 4131 Origenes
2250 4078 2308 4116 se
2330 4080 2357 4116 a
2394 4064 2668 4118 Demetrio
2696 4065 2748 4118 in
2777 4065 2984 4134 synodo
3009 4064 3388 4134 episcoporum

1813 4134 2125 4186 damnatum
2165 4147 2288 4188 esse
2317 4137 2689 4202 comperisset,
2729 4133 3012 4202 epistolam
3058 4133 3280 4201 scripsit
3322 4135 3394 4188 ad

1811 4203 2017 4256 arnicas
2035 4218 2161 4257 suos
2182 4203 2273 4271 qui
2293 4212 2452 4257 erant
2471 4205 2834 4266 Alexandriae,
2859 4219 2960 4270 qua
2987 4203 3038 4255 in
3059 4202 3388 4256 Demetrium

1809 4285 1862 4325 et
1892 4273 2128 4340 reliquos
2144 4277 2428 4341 episcOpos
2456 4273 2836 4327 invehebatur.
2863 4273 2990 4340 Ejus
3021 4280 3232 4341 partem
3254 4273 3391 4325 citat

1811 4339 2258 4412 Hieronytnus'in
2291 4339 2383 4394 Ιώ.
2411 4356 2450 4396 ιι
2474 4345 2736 4396 Aduersus
2763 4339 3033 4410 Ruﬁnum.
3073 4339 3243 4394 Porro
3271 4342 3385 4408 jam

1810 4413 1979 4466 semel
2015 4412 2278 4480 Origenes
2317 4412 2622 4466 Caesaream
2677 4427 2738 4466 se
2776 4419 3078 4480 receperat,
3126 4412 3384 4465 Antonini

1808 4479 2487 4550 Caracallaa’temporibus
2531 4495 2546 4534 :
2583 4482 2676 4536 sed
2711 4499 2738 4534 ιι
2774 4479 3046 4535 Demetrio
3085 4480 3386 4535 honoriﬁce

1807 4563 2092 4607 revocatus
2120 4553 2266 4604 brevi
2290 4551 2672 4604 Alexandriam
2699 4552 2956 4613 redierat,
2982 4559 3038 4602 ut
3057 4563 3219 4612 supra
3243 4563 3382 4604 reia-

1811 4633 1920 4676 tum
1951 4630 2053 4676 est.
2096 4621 2287 4675 Postea
2320 4636 2450 4675 vero
2475 4637 2598 4675 cum
2631 4620 2684 4674 in
2716 4621 2979 4676 Achaiam
3011 4619 3386 4688 proﬁciscere»

1809 4703 1918 4755 tur,
1982 4705 2081 4758 per
2123 4691 2426 4744 Caesaream
2494 4690 2796 4747 Palaestinae
2836 4687 3126 4754 transiens,
3181 4687 3382 4744 ibidem

1805 4762 2200 4832 presbyter‘est
2229 4761 2533 4832 ordinatus.

1876 4826 1989 4903 (61)
2016 4829 2450 4903 Διδασκαλεῖογ
2476 4831 2861 4903 καταλείπει.
2911 4827 3083 4903 Antea
3122 4826 3385 4903 Heracles

1806 4899 2021 4970 adjutur
2083 4902 2348 4954 duntaxat
2393 4899 2644 4968 Origenis
2704 4903 2885 4954 fuerat
2928 4901 2985 4954 in
3014 4899 3280 4970 docendo,
3327 4910 3385 4954 et

1806 4968 1958 5038 quasi
2012 4971 2312 5039 proscolus,
2347 4972 2687 5039 utﬁt-el'ertur
2727 4984 2892 5039 supra
2939 4983 3060 5039 eap.
3115 4969 3202 5024 15.
3256 4968 3386 5039 Post

1805 5037 2108 5104 discessum
2152 5049 2333 5094 autem
2401 5038 2682 5109 Origenis,
2725 5037 3033 5096 catecbetes
3079 5039 3202 5094 fuit.
3259 5037 3385 5104 Haec

1808 5111 2071 5164 Baronius
2112 5126 2234 5164 cum
2282 5111 2504 5165 minime
2555 5110 2918 5174 distinxisset,
2958 5109 3249 5168 Eusebium
3294 5121 3385 5162 ntc

1806 5181 1916 5236 falli
1954 5181 2182 5236 nutavit.

1883 5198 1916 5236 tt
1954 5198 2182 5248 pUItht.

1877 5249 1989 5321 (65)
2023 5250 2134 5305 Τὸν
2177 5249 2376 5304 πάντα
2424 5251 2668 5320 χρόνον.
2708 5247 2888 5305 Codex
2920 5247 3207 5321 Medicaaus
3225 5245 3386 5321 addit

1804 5316 2040 5384 ὡς’ἐττος
2079 5321 2274 5375 εἰπεῖν.
2330 5316 2481 5388 Quod
2521 5322 2847 5374 conlirmare
2888 5321 3102 5388 videtur
3130 5316 3380 5388 Rufinus.

1807 5391 2005 5446 Eadem
2037 5394 2199 5446 verba
2253 5385 2424 5459 reperi
2464 5388 2627 5444 etiam
2677 5392 2730 5444 in
2763 5389 2921 5444 codd.
2951 5387 3113 5451 Man,
3147 5385 3283 5440 Fuit.
3326 5397 3384 5440 et

1807 5462 1934 5514 Sav.
1995 5462 2262 5515 Czeterum
2341 5461 2392 5513 itt
2462 5459 2622 5527 hujus
2694 5460 2797 5516 loci
2864 5459 3214 5513 distinctione
3285 5469 3384 5508 va-

1805 5533 1950 5584 riant
2013 5531 2478 5617 nostr_i.codices.
2511 5529 2679 5617 'Nam
2731 5527 2931 5617 Regius
2988 5528 3208 5617 quidem
3272 5541 3381 5610 uno

1806 5609 1993 5672 tenore
2051 5600 2241 5672 scribit
2287 5600 2731 5672 προσανέχοντες
2769 5596 2918 5670 αὖτῷ
2982 5596 3068 5652 οἷα
3128 5596 3382 5651 διδασκὼ

1805 5670 1902 5740 λῳ,
1939 5682 1992 5727 et
2019 5673 2098 5726 sic
2125 5670 2479 5740 Nicephbrus.
2525 5670 2736 5740 Reliqui
2775 5672 2990 5740 codices
3027 5679 3147 5739 post
3195 5683 3380 5722 vocem

1805 5723 2735 5813 ἀῦἑῷᾞιῖοιὰιὴιῖιιιίυέιὶι.ί⁷⁷⁷⁷⁸”’
2784 5723 2825 5726 ’ί
3223 5775 3230 5781 ε

2997 5906 3071 5970 19
