3876 6524
472 395 580 453 587

1215 393 1486 450 EUSEBII
1527 389 2002 450 MSARIENSIS

2115 391 2192 448 ιιι.
2230 390 2408 448 rans
2437 348 2484 447 t.
2524 423 2591 436 -
2631 391 3017 452 ΗΙΞΤΟΒΙΟΔ.

3616 397 3706 454 588

469 513 858 579 auscultantes,
881 511 979 568 soli
1011 513 1517 584 interpretationem
1541 529 1710 570 sacrae
1727 513 2002 584 Scriptura

2115 564 2122 579 _
2155 513 2444 584 ανέχοντες
2496 511 2648 586 αὑτῷ
2669 555 2683 578 ,
2731 510 2817 570 οἷα
2852 516 3160 586 διδασκάλῳ
3195 514 3338 587 μόνῳ
3378 514 3448 568 τὰ
3479 513 3578 586 τῆς
3609 517 3706 572 τῶν

468 621 534 663 ac
570 606 832 677 reliquum
864 621 1025 661 omne
1063 606 1454 662 ecclesiasticae
1495 607 1759 664 doctrinae
1804 607 2040 663 ofﬁcium

468 698 853 768 permiserunt.

1003 787 1231 860 CAPUT
1261 787 1510 860 ,xxvm.

784 880 858 936 De
891 859 1367 951 persecirtioneisttb
1400 880 1714 938 Maximina.

538 977 751 1032 Interea
798 991 942 1032 carso
988 973 1301 1029 Alexandro
1338 974 1695 1044 imperatore,
1732 979 1824 1048 qui
1858 981 2038 1036 trede-

465 1068 569 1122 cim
599 1067 754 1121 annis
788 1075 1128 1136 regnaverat,
1162 1066 1214 1120 in
1240 1065 1356 1134 ejus
1387 1063 1565 1120 locum
1595 1070 1842 1124 succedit
1867 1069 2038 1126 Maxi-

465 1161 662 1215 minus.
689 1157 812 1226 Qui,
838 1159 983 1230 gravi
1003 1162 1125 1216 odio
1141 1176 1438 1218 succensus
1466 1163 1729 1216 adversus
1764 1160 2032 1220 familiam

462 1252 754 1306 Alexandri
799 1251 852 1306 in
894 1268 1000 1321 qua
1032 1253 1282 1324 plerique
1324 1263 1482 1310 erant
1537 1254 1858 1324 Christiani,
1905 1274 2033 1329 per-

459 1345 738 1400 secutione
761 1345 999 1399 excitata
1031 1346 1179 1402 solos
1221 1347 1584 1404 Ecclesiarum
1618 1352 1907 1414 antistites,
1949 1361 2034 1406 ut-

458 1445 582 1503 pote
631 1434 953 1506 evangelica:
1003 1437 1407 1505 prmdicationis
1468 1450 1740 1502 auctores.
1797 1443 2030 1498 interfici

451 1527 636 1596 jussit.
667 1526 784 1594 Quo
826 1536 1069 1598 tempore
1108 1529 1372 1598 Origenes
1415 1529 1615 1585 librum
1653 1531 1728 1586 De
1771 1536 2032 1604 martyrio

453 1616 780 1687 composuit,
831 1631 990 1685 quem
1037 1617 1330 1671 Ambrosio
1386 1626 1440 1671 et
1493 1616 1806 1674 Protocteto
1851 1620 2032 1676 Ctesa-

455 1708 654 1764 riensis
721 1707 979 1763 Ecclesiae
1035 1709 1354 1779 presbytero
1410 1709 1704 1776 dedicavit,
1765 1726 1831 1766 eo
1883 1713 2029 1782 quod

453 1799 754 1868 uterquein
785 1814 845 1852 ea
876 1800 1253 1867 persecutione
1290 1814 1395 1854 non
1426 1800 1703 1855 mediocre
1733 1801 2026 1860 discrimen

2147 606 2307 661 θείων
2340 606 2571 679 Γραφῶν
2612 607 2907 680 ἑρμηνείας
2940 609 3034 662 καὶ
3078 608 3148 662 τὰ
3187 605 3348 662 λοιπὰ
3386 607 3483 662 τοῦ
3517 607 3702 680 ἐκκλη-

2151 699 2429 754 σιαστικοῦ
2462 699 2620 768 λόγου
2656 699 2763 771 (66)
2793 702 3050 772 πράττειν
3084 699 3444 773 συνεχώρουν.

2637 792 3033 844 ΚΕΦΔΛΑΙΟΝ
3089 792 3226 845 KH'.

2139 881 2279 950 Περὶ
2293 881 2397 936 τοῦ
2413 883 2564 936 κατὰ
2578 881 2910 953 Μαξιμῖνον
2927 881 3183 952 διωγμοῦ
3201 881 3338 953 (Nic.
3359 881 3408 935 Η
3416 919 3433 936 .
3453 880 3519 935 Ε.
3535 898 3588 946 v,
3601 879 3704 953 20).

2208 972 2312 1025 Τόν
2354 990 2418 1041 γε
2454 974 2560 1045 μὴν
2617 973 2904 1044 Ῥωμαίων
2941 972 3317 1045 αὐτοκράτορα
3372 973 3705 1045 Ἀλέξανδρον

2137 1060 2314 1132 τρισὶν
2357 1061 2536 1116 ἐτεσιν
2573 1063 2666 1115 ἐπὶ
2695 1062 2828 1116 δέκα
2863 1062 2963 1134 τὴν
2994 1064 3167 1134 ἀρχὴν
3203 1062 3554 1128 διανύσαντα,
3594 1066 3703 1119 Μα-

2139 1150 2354 1222 ξιμῖνος-
2370 1154 2586 1224 Καῖσαρ
2605 1153 2923 1223 διαδέχεται’
2951 1153 3010 1218 ὃς
3034 1154 3096 1226 δὴ
3123 1154 3262 1208 κατὰ
3288 1154 3447 1208 κότον
3461 1154 3555 1207 τὸν
3581 1154 3702 1226 πρὸς

2134 1243 2226 1295 τὸν
2259 1243 2376 1296 ’Δλε
2384 1243 2606 1318 ξάνδρου
2627 1234 2776 1299 οἷκον
2795 1247 2859 1298 ἐκ
2880 1245 3135 1300 πλειόνων
3152 1245 3357 1299 πιστῶν
3375 1246 3697 1310 συνεστῶτα,

2134 1333 2375 1404 διωγμὸν
2408 1333 2644 1404 ἐγείρας,
2663 1335 2789 1398 τοὺς
2817 1334 2926 1388 τῶν
2954 1333 3288 1405 Ἐκκλησιῶν
3311 1335 3584 1406 ἄρχοντας
3615 1333 3702 1406 μό-

2132 1441 2276 1488 νους,
2305 1423 2380 1487 ὡς
2413 1423 2618 1487 αἰτίους
2640 1424 2740 1494 τῆς
2769 1422 2909 1478 κατά
2931 1424 2991 1477 τὸ
3008 1424 3339 1492 Εὐαγγέλιον
3363 1424 3702 1490 διδασκαλίας

2132 1515 2470 1586 ἀναιρεῖσθαι
2525 1516 2870 1588 προστάττει.
2931 1515 3063 1568 Τότε
3117 1515 3211 1569 καὶ
3276 1515 3563 1588 Ὠριγένης
3619 1517 3703 1571 τὸν

2131 1609 2268 1675 Περὶ
2293 1609 2622 1678 μαρτυρίου
2675 1610 2973 1676 συντάττει,
3019 1611 3326 1683 Ἀμόροσίῳ
3354 1611 3452 1665 καὶ
3497 1612 3702 1682 Πρωτοο

2130 1699 2314 1770 κτήτῳ
2369 1699 2723 1772 πρεσϐυτέρῳ
2771 1701 2872 1772 τῆς
2925 1701 2982 1754 ἐν
3034 1701 3341 1773 Καισαρείᾳ
3392 1703 3701 1773 παροικίας,

2129 1789 2348 1854 ἀναθεὶς
2379 1790 2441 1844 τὸ
2473 1785 2845 1864 σύγγραμμα·
2877 1793 3044 1865 ὁτιδὴ
3068 1795 3234 1865 ἄμφω
3263 1796 3590 1866 περίστασις
3611 1796 3703 1866 οὑχ

452 1891 718 1947 subierat.
753 1888 910 1946 Unde
938 1897 992 1944 et
1022 1891 1316 1946 maximam
1345 1891 1568 1961 gloriam
1605 1892 1674 1946 ob
1723 1892 2002 1949 confessio

2126 1881 2159 1951 ἡ
2184 1879 2420 1950 τυχοῦσα
2451 1881 2510 1935 ἐν
2537 1881 2614 1952 τῷ
2653 1881 2877 1952 διωγμῷ
2909 1883 3255 1955 κατειλήφει.·
3285 1885 3375 1938 Ἐν
3473 1887 3568 1940 καὶ
3597 1887 3702 1940 δια-

453 1998 574 2038 nem
606 1982 841 2037 nominis
877 1979 1080 2036 Christi
1121 1982 1281 2035 ambo
1340 1981 1589 2036 retulisse
1645 1983 2018 2052 perhibentur,

448 2087 572 2126 cum
613 2069 939 2126 Maximinus
967 2087 1071 2124 non
1102 2069 1218 2138 plus
1241 2085 1401 2140 quam
1434 2071 1599 2140 229
1642 2073 1859 2127 triennii
1893 2089 2020 2141 spa-

447 2164 579 2216 tium
611 2160 982 2230 perdurasset.
1015 2159 1182 2227 ltujus
1238 2175 1401 2230 porro
1448 2163 1847 2231 persecutionis
1883 2174 2018 2218 temo

447 2267 546 2322 pus
573 2252 781 2306 indicat
811 2247 1072 2321 Origenes
1121 2261 1230 2306 tum
1274 2254 1328 2317 jn
1376 2252 1556 2322 primo
1585 2263 1638 2308 et
1666 2256 1924 2312 vicesimo
1955 2256 2020 2311 li-

447 2349 548 2403 bro
586 2345 992 2417 Expositionum
1041 2349 1096 2404 in
1127 2347 1351 2402 Joannis
1401 2347 1769 2420 Evangelium,
1805 2359 1918 2405 tum
1963 2349 2014 2404 in

443 2439 676 2495 diversis
699 2441 966 2511 epistolis.

996 2532 1225 2591 CAPUT
1276 2529 1473 2589 XXIX.

403 2614 408 2618 ’
445 2622 517 2677 De
543 2620 804 2690 Fabiano,
827 2623 1057 2694 qualiter
1084 2624 1442 2679 Romanorum
1459 2628 1732 2696 episcopus
1759 2625 2013 2682 divinitus

1008 2696 1311 2764 designatus
1350 2706 1445 2751 est.

507 2784 730 2839 Interim
783 2797 903 2839 cum
933 2785 1240 2841 Gordianus
1264 2786 1316 2838 in
1355 2784 1634 2840 Maximini
1675 2785 1846 2841 locum
1883 2800 2011 2844 suc-

436 2874 717 2940 cessisset,
749 2883 964 2930 mortuo
994 2874 1262 2931 Pontiano
1299 2877 1391 2944 qui
1419 2891 1511 2931 sex
1542 2877 1698 2933 annis
1724 2877 2003 2950 episcopa-

437 2977 551 3021 tum
585 2965 1144 3030 tenuerat,'Ecclesi:e
1176 2967 1434 3022 Romana:
1475 2968 2002 3026 administrationem

435 3057 675 3127 suscepit
701 3057 955 3114 Anteros.
995 3057 1093 3113 Hic
1138 3059 1281 3113 intra
1327 3059 1487 3114 unius
1529 3053 1733 3116 mensis
1775 3061 2009 3131 spatium

433 3148 739 3209 sacerdotio
764 3147 1099 3218 perfunctus,
1136 3148 1439 3203 Fabianum
1469 3163 1848 3205 successorem
1876 3149 2010 3206 reli-

2123 1971 2328 2044 πρὲψαι
2359 1972 2576 2043 κατέχει
2604 1973 2761 2043 λόγος
2781 1963 2852 2028 ’ἐν
2890 1975 3148 2046 ὁμολογίᾳ
3191 1976 3320 2040 τοὺς
3365 1976 3592 2049 ἄνδρας,
3642 1979 3698 2031 οὐ

2121 2065 2367 2130 πλείονος
2404 2065 2732 2138 ἢ·τριετοῦς
2775 2066 2968 2138 χρόνου
3001 2066 3110 2138 (67)
3141 2067 3221 2137 τῷ
3263 2068 3563 2140 Μαξιμίνῳ
3593 2070 3704 2124 δια-

2119 2159 2433 2230 γενομένου.
2477 2158 2852 2230 Σεσημείωται
2881 2157 2936 2211 δὲ
2965 2159 3178 2212 τουτονὶ
3206 2157 3302 2212 τοῦ
3337 2160 3583 2231 διωγμοῦ
3615 2161 3701 2214 τὸν

2119 2253 2309 2324 καιρὸν
2331 2253 2388 2306 ἔν
2410 2270 2469 2306 τε
2492 2253 2570 2325 τῷ
2597 2252 2834 2324 δευτέρῳ
2857 2253 2948 2307 καὶ
2973 2253 3202 2324 εἰκοστῷ
3225 2253 3333 2306 τῶν
3356 2257 3446 2322 εἰς
3467 2254 3536 2308 τὸ
3555 2256 3703 2309 κατὰ

2129 2343 2412 2412 Ἰωάννην
2451 2343 2840 2415 ἐξηγητικιῖν,
2867 2343 2962 2399 καὶ
2993 2344 3052 2398 ἐν
3083 2343 3360 2416 διαφόροις
3388 2344 3702 2409 ἐπιστολαῖς

2115 2436 2144 2488 ό
2189 2435 2489 2508 Ὤριγένης.
3586 2463 3589 2465 >

2621 2527 3017 2583 ΚΕΦᾹΛΔῘΟΝ
3057 2524 3188 2582 ΚΘ’.

2113 2617 2253 2686 Περὶ
2289 2614 2608 2678 Φαϐιανοῦ,
2635 2616 2716 2681 ὡς
2750 2615 3053 2686 Ῥωμαίων
3083 2615 3421 2686 ἐπίσκοπος
3444 2612 3521 2686 ἐκ
3549 2611 3700 2666 Θεοῦ

2246 2686 2597 2755 παραδόξως
2623 2682 2940 2755 ἀνεδείχθη
2966 2685 3108 2754 (Nic.
3146 2683 3219 2738 Η.
3251 2682 3320 2739 Ε.
3355 2699 3408 2748 v,
3436 2683 3561 2753 26).

2181 2779 2471 2852 Γορδιανοῦ
2501 2779 2556 2832 δέ
2598 2777 2708 2849 (68)
2741 2777 2881 2848 μετὰ
2906 2772 3223 2847 ’Μαξιμίνον
3247 2775 3348 2846 τὴν
3402 2774 3698 2845 Ῥωμαίων

2111 2868 2409 2944 ἠγεμονίαν
2450 2869 2850 2939 διαδεξαμένου,
2888 2868 2990 2938 τῆς
3032 2865 3172 2922 κατὰ
3213 2865 3434 2938 Ῥώμην
3472 2865 3702 2936 Ἐκκλη-

2113 2964 2233 3028 σίας
2271 2964 2561 3019 Ποντιανδν
2603 2961 2779 3016 ἔτεσιν
2810 2959 2869 3030 ἐξ
2910 2956 3404 3027 ἐπισκοπεύσαντα,
3448 2959 3695 3032 διαδέχε-

2107 3073 2200 3111 ται
2243 3057 2528 3128 Ἀντέρως,
2553 3057 2648 3110 καὶ
2677 3054 2864 3110 τοῦτον
2894 3053 3158 3118 Φαΰιανὸς
3182 3055 3273 3108 ἐπὶ
3305 3055 3451 3125 μῆνα
3478 3057 3551 3125 τῇ
3587 3051 3700 3107 λειὲ

2109 3148 2340 3222 τουργίᾳ
2379 3148 2851 3220 διακονησὰμενον.
2906 3145 3001 3208 Ἐξ
3045 3144 3216 3217 ἀγροῦ
3257 3162 3393 3215 φασι
3441 3145 3535 3198 τὸν
3583 3145 3698 3198 Φα-

431 3236 568 3306 quit.
597 3235 752 3291 Hunc
780 3236 1080 3291 Fabianum
1127 3246 1248 3306 post
1288 3238 1575 3294 Ant-erotis
1616 3249 1846 3295 mortem
1898 3256 2002 3297 una

2115 3237 2293 3292 όιανδν
2319 3237 2455 3310 μετὰ
2477 3237 2577 3308 τὴν
2609 3237 2934 3308 Ἀντέρωτος
2953 3235 3204 3306 τελευτὴν
3228 3235 3323 3305 ἃμ*
3347 3233 3561 3305 ἑτέροις
3585 3234 3696 3304 (69)

429 3343 551 3382 cum
580 3327 702 3382 aliis
724 3327 1086 3383 familiaribus
1121 3329 1234 3383 suis
1267 3328 1494 3383 Romam
1519 3345 1586 3384 ex
1616 3345 1749 3399 agro
1781 3332 2006 3390 venisse

429 3417 639 3492 dicunt,
667 3425 829 3485 atque
859 3415 970 3472 illic
1002 3412 1306 3488 degentem,
1334 3418 1640 3488 Opitu‘lante
1675 3421 1766 3477 Dei
1799 3425 2000 3492 gratia,

430 3516 631 3575 praeter
690 3507 934 3561 omnium
1000 3511 1469 3577 exspectationem
1526 3513 1593 3567 ad
1647 3514 2005 3583 pontificatus

428 3605 627 3651 sortem
667 3597 1003 3666 pervenisse.
1052 3597 1186 3653 Nam
1232 3615 1354 3655 cum
1393 3600 1590 3658 fratres
1639 3617 1834 3661 omnes
1869 3623 2000 3662 suc-

427 3687 659 3742 cessoris
689 3688 976 3745 ordinandi
1005 3697 1167 3747 causa
1201 3691 1253 3745 in
1284 3691 1516 3748 ecclesia
1548 3703 1731 3750 essent
1764 3711 1998 3768 congre-

426 3781 562 3849 gati,
593 3795 656 3835 ac
687 3781 930 3851 plerique
980 3781 1091 3850 jam
1143 3783 1386 3839 illustres
1429 3784 1634 3854 aliquot
1679 3795 1737 3842 et
1787 3789 1998 3846 nobiles

424 3872 572 3926 viros
595 3869 878 3940 eligendos
900 3885 1021 3926 esse
1047 3871 1407 3941 conjicerent,
1459 3873 1526 3928 de
1573 3873 1823 3930 Fabiano
1871 3877 1996 3945 qui-

426 3963 545 4015 dem
577 3963 669 4032 qui
705 3971 817 4016 tum
851 3979 1104 4033 praesens
1148 3964 1363 4030 aderat,
1418 3978 1579 4019 nemo
1621 3979 1689 4018 ne
1725 3967 1995 4035 tantisper

421 4051 639 4120 quidem
666 4051 957 4120 cogitabat.
987 4052 1300 4107 Columbam
1346 4061 1523 4108 tamen
1549 4064 1777 4123 repente
1807 4070 1840 4112 ο
1867 4057 1998 4112 sub-

423 4142 535 4198 limi
566 4143 838 4214 delapsam
893 4144 1057 4213 capiti
1090 4144 1233 4198 illius
1265 4143 1535 4199 insedisse
1575 4155 1822 4211 narrant,
1849 4163 1973 4217 qum

421 4233 658 4302 Spiritus
704 4234 880 4289 sancti
931 4234 1021 4303 qui
1075 4233 1206 4290 olim
1257 4235 1361 4293 sub
1402 4233 1670 4291 columbae
1707 4239 1894 4306 specie
1939 4239 1992 4293 in

421 4326 760 4383 Servatorem
812 4323 1180 4390 descenderat,
1240 4325 1534 4394 imaginem
1585 4327 1790 4384 referre
1838 4331 1990 4385 vide-

419 4411 597 4470 batur.
632 4412 749 4480 Quo
785 4415 1099 4484 spectaculo
1159 4426 1443 4487 permotus
1476 4418 1704 4488 pupulas
1731 4435 1762 4475 a
1797 4421 1983 4477 divino

417 4503 624 4574 Spiritu
660 4507 940 4574 incitatus,
973 4522 1183 4562 summa
1217 4523 1340 4564 cum
1373 4509 1660 4566 alacritate
1691 4527 1802 4566 uno
1852 4528 1984 4566 cnn-

414 4609 574 4651 sensu
608 4597 768 4652 simul
796 4599 974 4654 omnis
1000 4597 1310 4658 exclamare
1363 4601 1528 4672 cmpit
1571 4601 1798 4674 dignum
1839 4617 1984 4669 esse,

2109 3327 2451 3394 συνελθόντα,
2491 3326 2874 3397 ἐπιχωριάζειν
2917 3327 2984 3396 τῇ
3041 3320 3415 3397 Ῥώμῃ,’ἐνθα
3448 3323 3697 3394 παραδο-

2105 3418 2302 3486 ξότατα
2330 3418 2467 3492 πρὸς
2496 3418 2594 3490 τῆς
2623 3417 2774 3481 Θείας
2799 3417 2892 3470 καὶ
2920 3413 3174 3488 οὐρανίου
3213 3413 3439 3484 χάριτος
3469 3413 3568 3467 ἐπὶ
3599 3413 3698 3466 τὸν

2103 3511 2304 3582 κλῆρον
2343 3509 2796 3584 παρεληλυθέναι.
2831 3509 2952 3562 Τῶν
2995 3508 3104 3580 γὰρ
3136 3507 3384 3577 ἀδελφῶν
3428 3509 3696 3562 ἁπάντων

2100 3603 2433 3674 χειροτονίας
2453 3602 2638 3656 ἕνεκεν
2659 3601 2762 3672 τῆς
2781 3599 2876 3653 τοῦ
2907 3599 3193 3672 μέλλοντος
3220 3597 3564 3665 διαδέξεσθαι
3591 3599 3695 3671 τὴν

2101 3695 2430 3767 ἐπισκοπὴν,
2486 3695 2581 3748 ἐπὶ
2629 3695 2727 3765 τῆς
2778 3692 3072 3764 ἐκκλησίας
3128 3692 3692 3763 συγκεκροτημένων,

2102 3787 2367 3842 πλείστων
2393 3804 2452 3840 τε
2481 3785 2758 3854 ἐπιφανῶν
2791 3785 2884 3838 καὶ
2914 3783 3136 3850 ἐνδόξων
3167 3783 3378 3854 ἀνδρῶν
3411 3787 3528 3848 τοῖς
3561 3784 3698 3837 πολ-

2101 3875 2212 3939 λοῖς
2237 3877 2294 3928 ἐν
2321 3876 2545 3946 ὑπονοίᾳ
2589 3874 2700 3946 (70)
2730 3872 3102 3945 ὑπαρχόντων,
3129 3873 3158 3924 ό
3187 3871 3457 3935 Φαόιανὺς
3489 3870 3693 3943 παρὼν

2100 3965 2313 4029 οὐδενὸς
2343 3965 2442 4036 μὲν
2475 3963 2776 4036 ἀνθρώπων
2805 3964 2882 4026 είς
2905 3962 3140 4016 διάνοιαν
3171 3961 3258 4032 ᾔει
3283 3978 3298 3992 ο
3331 3963 3484 4032 ὅμως
3509 3961 3558 4014 δ’
3592 3957 3695 4015 οὖν

2099 4056 2294 4129 ἁθρόον
2326 4057 2391 4110 ἐκ
2430 4055 2702 4127 μετεώρου
2732 4053 3056 4126 περιστερὰν
3090 4054 3448 4108 καταπτᾶσαν
3484 4053 3695 4106 ἐπικα-

2101 4142 2357 4214 θεσθῆναι
2399 4148 2464 4216 τῇ
2507 4142 2669 4198 αὐτοῦ
2723 4143 2932 4213 κεφαλῇ
2983 4141 3404 4213 μνημονεύουσι,
3451 4142 3696 4214 μίμημα

2098 4235 2510 4308 ἐνδεικνυμένην
2541 4235 2642 4307 τῆς
2674 4236 2765 4289 ἐπὶ
2797 4235 2887 4288 τὸν
2915 4236 3144 4307 Σωτῆρα
3173 4234 3269 4288 τοῦ
3316 4234 3478 4303 ἁγίου
3505 4235 3696 4288 Πνεύο

2102 4345 2270 4398 ματος
2295 4327 2353 4382 ἐν
2379 4328 2509 4382 είδει
2534 4329 2859 4400 περιστερᾶς
2885 4327 3130 4381 καθόδου.
3168 4327 3284 4396 Ἐφ’
3310 4320 3354 4395 ᾧ
3378 4326 3470 4380 τδν
3500 4326 3694 4380 πάντα

2093 4419 2222 4473 λαὸν
2272 4420 2459 4491 ὥσπερ
2506 4421 2596 4491 ὑφ’
2659 4421 2776 4484 ἐνὸς
2823 4419 3130 4491 πνεύματος
3179 4419 3326 4474 θείου
3380 4421 3693 4492 κινηθέντα

2092 4513 2277 4584 ὁμόσε,
2319 4514 2595 4586 προθυμίᾳ
2627 4514 2776 4588 πάσῃ
2809 4513 2902 4567 καὶ
2934 4515 3031 4584 μιᾷ
3061 4512 3229 4585 ψυχῇς
3258 4511 3409 4577 ἄξιον
3450 4513 3691 4584 ἐπιϐοῆ-

2094 4623 2184 4660 σαι
2215 4605 2349 4678 (71),
2385 4607 2478 4662 καὶ
2503 4606 2820 4679 ἀμελλήτως
2852 4591 2943 4660 ἐπ).
2969 4607 3058 4660 τὸν
3101 4605 3286 4678 θρόνον
3313 4607 3412 4679 τῆς
3445 4606 3691 4660 ἐπισκο-

482 4778 1168 4860 (6ξ)⁹Ἐζι-κλῃσιασζικοῦ
1190 4785 1396 4854 λόγου.
1432 4783 1489 4860 Id
1516 4796 1599 4840 est
1625 4783 1858 4860 oliicium
1890 4787 1985 4842 do-

2126 4855 2136 4860 _
2162 4783 2272 4860 (68)
2305 4783 2638 4860 Γορδιανοῦ
2664 4783 2768 4860 δέζ
2785 4784 2864 4860 A_b
2889 4783 3191 4860 his’verbis
3214 4792 3380 4855 caput
3403 4785 3474 4841 29
3529 4785 3691 4844 inci-

411 4848 582 4922 cendj
611 4849 662 4903 in
692 4848 965 4919 Ecclesia,
999 4855 1066 4907 de
1092 4868 1198 4921 quo
1229 4848 1390 4922 supra
1424 4857 1700 4910 adnotavi.

482 4919 593 4992 (67)
628 4922 1023 4995 OQ_:z._lsloroc
1052 4922 1090 4991 ἢ
1111 4919 1385 4992 τριέτους
1413 4925 1656 4995 χρόνου.
1683 4924 1853 4990 Hujus
1880 4925 1983 4980 loci

407 4987 1202 5065 sensum‘Christopho’rsonus
1257 4987 1485 5051 minim—e
1531 4987 1833 5060 intellexit,
1888 4997 1984 5065 qui

405 5060 754 5135 Ambrosium
783 5073 836 5116 et
859 5061 1226 5135 Protectetum
1257 5066 1356 5119 sub
1382 5065 1540 5135 finem
1567 5065 1778 5135 imperii
1807 5060 1981 5135 Matii-

407 5131 538 5186 mini
575 5131 646 5184 ob
672 5145 866 5185 nomen
901 5131 1101 5186 Christi
1132 5145 1355 5188 vexatos
1399 5133 1565 5189 fuisse
1612 5131 1846 5190 censuit.
1872 5133 1982 5187 Ve-

406 5217 526 5256 rum
572 5201 624 5255 id
667 5215 774 5254 non
821 5201 952 5255 dicit
1001 5202 1287 5266 Eusebius,
1339 5205 1433 5259 sed
1483 5205 1586 5258 hoc
1621 5213 1828 5258 tantum
1876 5204 1982 5259 sibi

404 5271 541 5343 vult,
580 5279 694 5343 toto
726 5268 1244 5343 hlasimini_i_titperii
1280 5285 1518 5343 tempore
1546 5275 1979 5341 persecutionem

404 5341 708 5403 duravisse,
735 5342 828 5394 sed
863 5341 978 5395 dies
1006 5341 1148 5396 illius
1171 5341 1444 5398 breviatOs
1479 5342 1667 5405 fuisse,
1699 5354 1756 5396 ut
1782 5345 1849 5399 de
1870 5345 1982 5397 An-

407 5411 656 5465 tichristo
686 5410 970 5480 Scriptura
1025 5410 1287 5479 loquitur.
1339 5413 1510 5468 Porro
1551 5413 1855 5480 persecutio
1888 5413 1978 5468 illa

404 5481 504 5534 sub
540 5481 832 5535 Maximino
860 5482 991 5549 imp.
1022 5492 1142 5550 post
1163 5483 1470 5537 diuturnam
1500 5483 1754 5537 Ecclesia:
1787 5498 1972 5548 pacem

402 5560 625 5616 repente
673 5551 866 5606 oborta
915 5561 997 5605 est
1041 5551 1108 5604 ob
1163 5550 1472 5622 frequentes
1520 5563 1574 5605 et
1624 5553 1981 5622 gravissimos

406 5630 566 5692 terra:
598 5629 810 5692 motus,
841 5635 978 5690 quos
1026 5635 1178 5692 more
1230 5636 1330 5675 suo
1379 5623 1607 5692 gentiles
1648 5621 1980 5677 Christianis

399 5689 779 5758 imputabant,
833 5700 891 5744 ut
921 5689 1095 5758 testis
1146 5701 1231 5744 est
1276 5689 1622 5747 Firfnilianus
1667 5693 1720 5745 in
1752 5692 1976 5758 epistola

395 5758 500 5884 2:47
516 5756 870 5830 Cyprianum.
917 5757 1052 5816 Vide
1081 5757 1377 5819 Batonium
1414 5763 1480 5820 ad
1527 5776 1730 5818 annum
1770 5756 1976 5820 Christi

2088 4853 2262 4928 pit'jn:
2287 4855 2445 4928 codd.
2480 4855 2619 4928 illaz.
2647 4864 2700 4908 et
2733 4853 2863 4928 Euk.
2897 4864 2949 4928 et
2983 4854 3115 4928 Reg.
3171 4925 3180 4928 _
3284 4853 3297 4855 ⁷
3350 4901 3353 4903 ι

2158 4924 2270 4994 (69)
2305 4923 2709 4996 ’.έμξέτέροιρ
2744 4923 3016 4996 Legoﬁp.’
3063 4925 3338 4996 ἑταίροις,
3367 4937 3427 4996 ut
3464 4926 3690 4996 legisse

2087 4993 2301 5050 videtur
2333 4993 2582 5047 Ruﬁnus.
2618 4993 2737 5048 Mox
2779 4993 2866 5046 ubi
2903 4994 3095 5062 legitur
3117 5034 3132 5056 ,
3167 4993 3490 5049 συνελθόντα
3519 4993 3690 5051 ’ἐπι-

2083 5063 2393 5136 χωριάζειν,
2416 5065 2493 5136 ita
2521 5073 2692 5136 potest
2725 5063 2889 5136 accipi
2921 5065 3073 5132 quasi
3101 5067 3370 5132 scriptum
3394 5066 3463 5119 sit
3495 5065 3686 5120 ἕνεκα

2081 5133 2177 5188 τοῦ
2208 5133 2608 5204 ἐπιχωριάζειν.
2643 5135 2817 5202 Atque
2862 5133 2933 5204 ita
2976 5149 3167 5204 sensus
3205 5151 3314 5190 non
3355 5137 3461 5190 erit
3491 5139 3689 5192 abso-

2084 5205 2232 5258 lutus
2261 5202 2359 5257 [ιιεί
2387 5202 2518 5270 post
2543 5218 2731 5257 vocem
2764 5202 3216 5325 παρεληλυθέναι.

2154 5273 2265 5325 (70)
2316 5275 2420 5325 Ἐν
2471 5274 2746 5325 ὑπονοία.
2811 5272 2838 5325 Β
2867 5275 3082 5325 usculus
3146 5291 3209 5325 cu

2154 5273 2265 5344 (70)
2316 5275 2420 5327 Ἐν
2471 5274 2746 5340 ὑπονοίᾳ.
2811 5272 3082 5327 Musculus
3146 5288 3382 5341 cumque
3435 5285 3691 5330 secutus

2084 5344 2652 5411 Christnphorsouus,
2706 5347 2847 5398 hunc
2892 5344 3066 5395 Ineunt
3105 5344 3176 5397 ita
3221 5353 3553 5398 verterunt:
3611 5345 3692 5398 Et

2084 5416 2238 5467 multi
2287 5416 2350 5466 (te
2395 5414 2750 5481 compluribus
2797 5413 3091 5468 illustribus
3132 5425 3180 5468 et
3217 5414 3478 5467 nobilibus
3533 5415 3688 5469 viris

2084 5484 2335 5553 eligendis
2368 5485 2672 5551 cogitarent.

2159 5555 2271 5624 (7i)
2298 5553 2505 5618 Ἀξιον
2537 5553 2874 5623 ἐπιϐοῆσαι.
2915 5553 3038 5607 Fuit
3067 5553 3213 5606 enim
3244 5555 3364 5610 lucc
3393 5553 3688 5611 solemnis

2086 5625 2411 5678 acclamatio
2443 5626 2494 5676 in
2524 5625 2879 5679 electionibus
2907 5626 3312 5691 episcoporum,
3357 5624 3510 5690 cujus
3590 5627 3687 5681 rei

2085 5694 2315 5762 plurima
2347 5695 2543 5762 passim
2571 5705 2870 5749 occurrunt
2895 5695 3166 5760 exempla,
3198 5702 3254 5748 ut
3283 5696 3422 5761 apud
3465 5691 3690 5751 Philo-

2083 5765 2343 5834 storgium
2378 5765 2430 5818 in
2467 5765 2607 5819 libro
2645 5781 2723 5828 lx,
2754 5781 2874 5833 cap.
2908 5765 2993 5818 10.
3025 5763 3087 5834 Et
3130 5763 3183 5817 in
3219 5765 3362 5818 Actis
3393 5764 3685 5834 designa-

2084 5834 2246 5890 tionis
2267 5833 2448 5891 Eradii
2477 5850 2596 5906 qua:
2621 5837 2761 5892 inter
2779 5835 3034 5906 epistolas
3055 5833 3347 5904 Augustini
3376 5833 3686 5906 leguntur,
