3876 6548
403 379 512 434 603

1148 376 1414 436 EUSEBll
1453 372 1929 434 CAESARIENSIS
1967 375 2117 434 OPP.
2157 371 2338 432 PARS
2373 373 2416 431 1.
2457 407 2527 420 -
2561 367 2949 432 ΗιετοειιοΑ.

3558 365 3666 431 ϐω

406 498 692 560 grassante
739 491 1002 548 adversus
1031 505 1116 546 me
1167 493 1569 562 persecutione.
1607 492 1821 564 Vixque
1863 502 1982 562 post

2089 509 2195 547 νειν
2212 491 2310 564 (1).
2333 491 2445 545 Καὶ
2478 491 2630 562 μόλις
2656 490 2793 562 μετά
2817 490 2915 562 τὴν
2943 489 3208 562 τετάρτην
3229 488 3454 563 ἡμέραν
3474 487 3666 543 κιλιύι

407 586 552 640 diem
599 594 880 653 quartum,
913 599 1035 640 cum
1082 583 1224 639 Deus
1274 585 1404 640 mihi
1436 596 1495 641 ut
1527 586 1632 641 alio
1688 587 1976 656 migrarem

407 676 776 746 praecepisset,
791 691 856 730 ac
883 683 1078 745 praeter
1095 676 1406 745 Opinionem
1430 677 1673 732 omnium
1693 677 1835 732 viam
1853 692 1979 747 ape-

407 769 630 834 ruisset,
655 783 754 838 ego
780 777 837 822 et
867 766 1076 832 famuli,
1113 768 1376 836 mullique
1407 784 1473 823 ex
1523 769 1781 824 fratribus
1819 769 1979 824 simul

403 860 610 929 egressi
650 875 858 915 sumus.
893 861 1070 930 Atque
1120 859 1175 914 id
1223 859 1418 914 divinae
1447 861 1801 929 providentia:
1845 875 1981 930 opus

407 954 598 1017 fuisse,
631 968 811 1007 rerum
853 962 1085 1007 eventus
1130 959 1319 1022 postea
1349 952 1666 1009 declaravit.
1700 953 1978 1022 Siquidem

407 1043 684 1100 nonnullis
716 1043 948 1100 fortasse
982 1046 1404 1115 haudquaquam
1449 1047 1671 1103 inutiles
1703 1047 1921 1102 fuimus.
1955 1066 1975 1099 ι

408 1136 613 1190 Deinde
653 1136 841 1204 paucis
875 1137 1234 1206 interpositis,
1267 1153 1329 1193 ea
1357 1155 1478 1208 quae
1510 1140 1608 1208 ipsi
1643 1149 1764 1210 post
1800 1139 1978 1209 fugam

402 1228 752 1298 contigerunt
771 1227 1050 1299 subjungit
1073 1229 1158 1285 his
1175 1231 1386 1285 verbis:
1417 1249 1435 1282 ι
1465 1231 1573 1302 Ego
1595 1232 1812 1308 quidem
1835 1231 1980 1286 circa

407 1321 538 1375 solis
558 1335 820 1395 occasum
855 1336 960 1376 una
993 1337 1116 1376 cum
1159 1323 1455 1379 comitibus
1491 1325 1626 1377 meis
1660 1340 1689 1377 a
1721 1323 1981 1379 militibus

406 1412 858 1481 comprehensus,
904 1411 1215 1482 Taposirim
1263 1413 1560 1481 perductus
1599 1427 1741 1467 sum.
1795 1411 1984 1466 Timo-

409 1505 570 1558 theus
614 1519 768 1569 vero,
796 1505 905 1560 Deo
954 1506 1028 1559 ita
1070 1505 1417 1574 disponente,
1443 1513 1555 1558 tum
1602 1505 1820 1574 quidem
1875 1521 1981 1559 non

407 1595 607 1657 adfuit,
643 1611 744 1651 nec
774 1597 1205 1665 comprehensus
1232 1604 1335 1650 est.
1372 1595 1478 1650 Sed
1511 1610 1634 1650 cum
1662 1607 1852 1665 postea
1885 1597 1982 1651 ad-

406 1689 666 1752 venisset,
704 1688 924 1742 domum
975 1703 1201 1742 vacuam
1246 1687 1464 1757 reperit,
1502 1695 1558 1742 et
1601 1687 1863 1744 satellites
1892 1688 1981 1758 qui

405 1792 525 1832 eam
549 1779 947 1841 custodiebant,
972 1793 1069 1833 nos
1087 1793 1215 1834 vero
1241 1779 1294 1833 in
1318 1779 1635 1834 servitutem
1663 1781 1976 1836 abductos.»

407 1867 475 1921 Et
501 1869 784 1938 aliquanto
808 1877 929 1938 post
960 1887 974 1924 :
1007 1888 1024 1921 ι
1055 1869 1317 1935 Quisnam
1353 1884 1502 1933 vero,
1538 1872 1750 1939 inquit,
1785 1872 1983 1926 divina:
2013 1850 2053 1905 Β

408 1959 551 2013 illius
579 1960 949 2030 dispositionis
978 1961 1113 2015 ordo
1143 1976 1206 2015 ac
1243 1960 1433 2015 modus
1459 1960 1602 2016 fuit?
1631 1961 1815 2016 Dicam
1840 1963 1982 2016 enim

407 2066 528 2119 qua:
551 2064 676 2103 vera
712 2060 858 2104 sunt.
886 2049 1202 2120 Aufugienti
1249 2060 1304 2105 et
1341 2051 1662 2120 perturbato
1697 2050 1986 2107 Timotheo

409 2141 642 2212 agrestis
671 2141 835 2212 236
854 2142 1073 2212 quidam
1093 2157 1419 2207 occurrens,
1441 2157 1661 2197 causam
1683 2142 1988 2198 festinatio-

407 2233 492 2287 nis
517 2244 887 2304 percontatur.
923 2235 1014 2288 Ille
1044 2249 1155 2288 rem
1184 2243 1241 2288 ut
1268 2245 1388 2289 erat
1416 2235 1684 2304 exposuit.
1709 2235 1984 2299 Rusticus,

408 2339 468 2376 re
497 2323 680 2377 audita
735 2323 1020 2395 (pergebat
1073 2337 1203 2380 tunc
1245 2324 1389 2378 forte
1418 2323 1484 2378 ad
1527 2323 1769 2394 nuptiale
1802 2327 1988 2380 convi-

408 2413 575 2470 vium.
624 2414 817 2470 Solent
870 2416 1014 2469 cnim
1062 2415 1116 2470 in
1171 2416 1475 2482 huiusmodi
1529 2417 1793 2472 conviviis
1819 2426 1986 2471 totam

408 2513 623 2560 noctem
656 2506 1026 2576 pervigilare),
1069 2507 1344 2577 ingressus
1376 2521 1488 2562 rem
1520 2506 1988 2563 discumbentibus

409 2607 618 2651 narrat.
648 2597 750 2664 Qui
782 2598 1069 2654 confestim
1097 2600 1250 2669 quasi
1285 2600 1441 2670 signo
1477 2601 1626 2668 dato,
1656 2615 1846 2654 omnes
1880 2615 1988 2654 uno

407 2689 612 2759 impetu
636 2699 1096 2744 consurrexerunt
1123 2708 1136 2744 :
1171 2699 1226 2744 et
1257 2691 1472 2746 concito
1499 2707 1665 2748 cursu
1697 2693 1747 2744 in
1784 2706 1884 2746 nos
1911 2693 1985 2745 ir-

408 2791 650 2846 ruentes,
678 2781 973 2838 clamorem
1005 2781 1319 2838 ediderunt.
1350 2782 1626 2838 Continuo
1657 2781 1985 2838 satellitibus

407 2873 500 2942 qui
532 2888 630 2928 nos
663 2875 1039 2929 custodiebant
1074 2875 1127 2929 in
1157 2875 1339 2944 fugam
1367 2874 1560 2942 versis,
1593 2876 1986 2944 supervenien-

410 2974 515 3028 tes,
550 2979 669 3028 nos,
697 2972 754 3018 ut
781 2977 1016 3026 eramus,
1049 2965 1207 3018 nudis
1247 2965 1300 3018 in
1334 2964 1576 3033 grabatis
1611 2965 1860 3034 jacentes
1893 2966 1989 3022 de-

409 3054 832 3124 prehenderunt.
860 3055 938 3109 Ac
963 3055 1137 3124 primo
1161 3056 1375 3125 quidem
1407 3065 1651 3124 aspectu,
1709 3057 1874 3112 Deum
1903 3065 1988 3112 te-

407 3154 546 3214 stor,
576 3147 811 3202 latrones
839 3161 958 3202 esse
986 3147 1303 3202 existimans
1333 3150 1422 3218 qui
1470 3151 1734 3220 Spoliandi
1755 3166 1818 3205 ac
1848 3153 1984 3208 diri-

407 3240 585 3309 piendi
622 3255 787 3295 causa
820 3241 1124 3308 venissent,
1159 3260 1386 3299 manens
1408 3243 1460 3297 in
1492 3245 1692 3300 lectulo
1722 3261 1844 3301 meo
1879 3263 1984 3301 nu-

406 3332 529 3398 dus,
553 3332 669 3387 sola
697 3343 916 3404 opertus
948 3335 1085 3389 linea
1117 3335 1316 3402 tunica,
1346 3337 1607 3406 reliquam
1634 3347 1836 3394 vestem
1866 3353 1986 3408 quae

399 3424 556 3492 juxta
593 3441 678 3480 me
707 3426 884 3496 posita
909 3436 1029 3481 erat
1057 3428 1137 3481 eis
1170 3427 1410 3496 porrexi.
1445 3428 1518 3482 At
1549 3428 1622 3481 illi
1657 3443 1986 3498 consurgere

407 3529 495 3567 me
517 3523 571 3568 et
593 3530 754 3583 quam
779 3515 1071 3576 celerrime,
1093 3516 1363 3585 proﬁcisci
1384 3517 1684 3588 jusserunt.
1715 3518 1866 3574 Tunc
1891 3521 1984 3574 de-

411 3620 556 3659 mum
597 3605 902 3676 intelligens
947 3608 1105 3677 cujus
1137 3609 1211 3663 rei
1241 3611 1412 3678 gratia
1459 3611 1756 3675 venissent,
1784 3611 1982 3665 vocife-

410 3698 518 3752 rari
550 3698 711 3766 ccepi,
736 3714 934 3768 rogans
966 3709 1130 3770 atque
1161 3701 1441 3757 obtestans
1482 3710 1537 3755 ιιι
1572 3701 1810 3769 abirent,
1858 3717 1983 3756 nos-

409 3802 514 3852 que
541 3789 654 3843 illic
681 3787 1035 3845 dimitterent.
1081 3790 1236 3859 Quod
1261 3792 1305 3846 si
1337 3791 1402 3848 de
1433 3792 1592 3847 nobis
1624 3793 1761 3848 bene
1785 3793 1984 3848 mereri

409 3879 628 3943 vellent,
655 3881 880 3936 orabam
912 3891 968 3936 ut
989 3896 1081 3939 eos
1111 3883 1201 3952 qui
1235 3899 1320 3939 me
1350 3886 1692 3941 abducebant
1724 3885 1984 3939 satellites

411 3974 796 4041 prmvenirent,
828 3975 1035 4045 ipsique
1061 3987 1222 4047 caput
1255 3977 1383 4032 mihi
1414 3978 1715 4033 demerent.
1740 3974 1868 4031 Haec
1898 3989 1984 4030 me

411 4063 820 4132 vociferantem,
851 4075 909 4120 ut
966 4078 1162 4122 norunt
1199 4069 1235 4124 ii
1287 4071 1380 4139 qui
1433 4069 1566 4125 mihi
1611 4076 1890 4124 consortes
1929 4076 1984 4122 et

412 4156 702 4228 participes
730 4173 1093 4214 aerumnarum
1125 4161 1365 4215 omnium
1395 4161 1566 4224 fuere,
1598 4161 1824 4214 invitum
1858 4173 1981 4214 sur-

410 4264 538 4317 gere
563 4259 876 4320 coegerunt.
906 4253 984 4304 Ac
1016 4267 1101 4306 me
1137 4251 1353 4320 quidem
1385 4251 1505 4321 ipse
1544 4251 1692 4306 humi
1723 4250 1978 4319 supinum

409 4339 600 4411 abjeci.
640 4340 719 4396 Illi
772 4358 900 4397 vero
936 4341 1163 4410 pedibus
1213 4342 1578 4414 manibusque
1622 4341 1981 4412 comprehen-

481 4537 556 4608 (l)
589 4538 957 4608 Διωκόμενον
997 4537 1224 4606 μένειν.
1257 4537 1312 4592 in
1350 4537 1508 4593 codd.
1538 4537 1700 4602 Maz.,
1749 4537 1887 4594 Med.
1920 4548 1980 4593 et
2012 4528 2060 4583 Ι)

576 4607 1126 4686 ιθςίιυτῆδιωκόμενον
1158 4609 1321 4679 ἔχειν,
1361 4618 1414 4662 et
1437 4608 1598 4677 paulo
1622 4618 1748 4664 ante
1782 4611 1844 4663 οὐ
1872 4609 1981 4682 γὰρ

443 4693 749 4730 πιστευσεν.
812 4700 820 4714 ι

443 4693 749 4732 πιστευσεν.
812 4700 820 4714 ‘

480 4748 555 4819 (Ξ)
583 4749 692 4802 Καὶ
716 4750 770 4801 οἰ
797 4745 1027 4812 παῖδες.
1049 4745 1323 4802 Masculus
1343 4757 1401 4819 et
1447 4746 1982 4819 Christophorsonus

411 4828 694 4872 verterunt
724 4819 892 4879 liberi,
923 4819 1066 4886 quod
1101 4833 1206 4871 non
1240 4818 1426 4886 probo.

481 4889 558 4958 (5)
595 4887 908 4958 Ἀπήντετό
969 4903 1059 4952 τις
1086 4887 1225 4958 τῶν
1263 4887 1543 4956 χωριτῶν.
1585 4890 1642 4944 1η
1673 4891 1833 4947 codd.
1872 4891 1986 4946 Me-

409 4957 786 5034 dicaeo,_hlaz._,
813 4958 976 5034 Med...
1005 4957 1136 5034 Fuit.
1165 4969 1220 5014 et
1256 4959 1425 5034 Savil.
1461 4962 1721 5034 scribitur
1741 4962 1981 5034 ἀπήντα,

409 5027 552 5101 apud
577 5024 864 5101 Georgium
894 5026 1234 5101 ASyncelIumA
1272 5029 1568 5101 ἀπηντᾶτο,
1621 5032 1767 5101 quod
1811 5024 1983 5100 magis

413 5094 765 5173 placet.l_Vam
799 5094 1069 5173 ἀπήντετο
1107 5099 1268 5173 nimis
1303 5094 1570 5173 poeticum
1628 5094 1732 5156 Est.
1796 5094 1980 5173 Χωρί-

410 5182 509 5240 τας
544 5165 832 5240 indigenas
889 5165 1050 5222 vertit
1100 5165 1661 5240 Christophorsonus;
1710 5165 1982 5240 interpres

412 5235 667 5305 Syncelli,
694 5235 1145 5301 iucolas;neuter
1178 5235 1360 5292 bene:
1419 5249 1548 5293 sunt
1602 5243 1745 5296 enim
1791 5235 1979 5295 rustici

409 5305 674 5382 homines.
723 5307 815 5360 Sic
859 5307 914 5358 in
955 5307 1201 5382 conciliis
1243 5307 1479 5382 Graecis,
1518 5311 1567 5362 οἱ
1619 5310 1760 5382 τῶνᾷ
1787 5311 1981 5382 χωρῶν

412 5373 790 5447 πρεσϐύτεροι.
827 5379 1112 5447 presbyteri
1150 5394 1406 5447 pagorum
1430 5379 1701 5435 dicuntur.
1738 5373 1842 5437 Pro
1871 5373 1980 5436 τῶν

409 5444 656 5515 χωριτῶν
688 5444 861 5501 nostri
893 5444 1107 5502 codices
1135 5444 1294 5508 Mai"
1335 5447 1472 5502 Med.
1523 5465 1587 5504 ac
1649 5451 1788 5508 Fuk.
1845 5456 1983 5507 scri-

409 5527 557 5588 ptum
589 5515 917 5570 habenttd'w
948 5517 1220 5588 χωρικῶν.
1244 5517 1383 5588 βίον
1408 5517 1760 5576 Alexandrini
1821 5537 1982 5576 voca-

405 5583 824 5657 bant_rusti.cos,
849 5597 906 5641 ut
928 5583 1124 5656 legitur
1154 5590 1206 5641 in
1242 5586 1425 5642 libello
1466 5587 1610 5657 Soph
1625 5593 1761 5644 ronii
1791 5593 1979 5645 adver-

405 5669 493 5706 sus
528 5653 840 5727 ρωποι-μω
892 5653 1006 5723 (ιιιῖ
1041 5657 1260 5711 oblatus
1291 5668 1398 5727 est,
1433 5653 1644 5727 synodo
1686 5661 1980 5715 Chalcedo-

407 5725 581 5801 nensi,
638 5725 776 5801 μετά
823 5727 1101 5796 φάλαγγος
1151 5725 1741 5801 λῃστρικῆςχωρικῶν
1773 5748 1846 5786 τε
1891 5733 1982 5788 καὶ

405 5790 605 5864 ἑτέρων
640 5790 817 5849 τινῶν.

2083 584 2276 648 σαντός
2328 601 2418 654 μοι
2472 583 2801 654 μεταστῆναι
2847 582 2943 636 τοῦ
2992 581 3150 646 Θεοῦ,
3195 583 3290 637 καὶ
3344 579 3668 653 παραδόξως

2079 677 2514 748 όδοποιὴσαντος,
2559 673 2669 744 έγώ
2702 686 2761 727 τε
2799 674 2895 728 καὶ
2925 675 2976 728 οί
3025 673 3210 738 παῖδες
3235 673 3310 747 (2)
3344 675 3442 728 καὶ
3485 669 3669 728 πολλοὶ

2079 769 2188 821 τῶν
2225 765 2471 836 ἀδελφῶν
2518 767 2635 836 ἄμα
2683 765 3098 838 συνεξήλθομεν.
3152 763 3262 820 Καὶ
3303 764 3387 819 ὅτι
3430 762 3534 835 τῆς
3572 756 3669 817 τοῦ

2080 858 2216 912 Θεοῦ
2257 857 2513 930 προνοίας
2556 857 2714 930 ἔργον
2751 860 2923 910 έκεῖνο
2949 857 3159 927 γέγονε,
3200 856 3271 911 τά
3297 856 3429 928 ἑξῆς
3469 854 3672 925 ἐδήλω-

2082 967 2205 1005 σενο
2243 951 2302 1002 έν
2347 948 2428 1013 οἷς
2476 951 2617 1020 τάχα
2660 951 3107 1021 τισὶ.γεγόναμεν
3153 951 3438 1022 χρήσιμοι.
3467 968 3487 1002 ι
3536 940 3676 1003 Εἴτά

2079 1060 2202 1096 τινα
2238 1043 2440 1115 μεταξὺ
2486 1041 2676 1108 εἰπὼν,
2721 1043 2792 1096 τὰ
2823 1042 2959 1114 μετά
2991 1043 3090 1114 τὴν
3130 1043 3307 1114 φυγὴν
3346 1040 3502 1112 αύτῷ
3535 1057 3676 1110 συμ-

2082 1134 2353 1205 ϐεϐηκότα
2395 1133 2563 1206 δηλοῖ,
2611 1132 2785 1188 ταῦτα
2835 1134 3140 1206 ἐπιφέρωνο
3184 1154 3203 1188 ‹
3237 1133 3380 1204 Ἐγὼ
3414 1135 3519 1206 μὲν
3561 1133 3676 1212 γὰρ

2083 1227 2212 1298 περὶ
2240 1226 2390 1298 ἡλίου
2419 1225 2630 1298 δυσμὰς
2657 1226 2772 1297 ἅμα
2812 1228 2927 1290 τοῖς
2957 1227 3054 1280 σὺν
3085 1227 3208 1300 ἐμοὶ
3237 1227 3537 1298 γενόμενος
3568 1227 3676 1280 ὑπὸ

2081 1325 2194 1383 τοῖς
2221 1319 2597 1393 στρατιώταις,
2629 1321 2706 1382 είς
2725 1317 3023 1391 Ταπόσιριν
3045 1318 3216 1390 ἧχθην
3236 1336 3250 1348 ·
3269 1319 3296 1372 ό
3321 1317 3378 1371 δὲ
3406 1317 3674 1389 Τιμόθεος

2083 1411 2226 1466 κατὰ
2256 1412 2355 1484 τὴν
2386 1410 2479 1463 τοῦ
2511 1409 2647 1463 Θεοῦ
2689 1410 2945 1480 πρόνοιαν
2975 1409 3130 1480 ἔτυχε
3165 1410 3238 1482 μὴ
3287 1409 3505 1482 παρὼν,
3538 1409 3672 1480 μηδέ

2083 1503 2467 1574 καταληφθείς.
2505 1500 2705 1555 Ἐλθὼν
2731 1502 2786 1555 δὲ
2815 1500 3062 1572 ὕστερον,
3086 1493 3212 1572 εὗρε
3237 1500 3331 1555 τὸν
3359 1497 3510 1554 οἷκον
3547 1501 3674 1573 ἐρη-

2063 1613 2206 1668 Δμον,
2235 1596 2327 1649 καὶ
2353 1592 2723 1666 φρουροῦντας
2745 1593 2905 1646 αὐτὸν
2933 1592 3230 1662 ὑπηρέτας,
3257 1593 3404 1663 ἡμᾶς
3428 1593 3487 1646 δὲ
3517 1592 3675 1663 ἐξην-

2082 1687 2561 1760 δραποδισμένους.
2589 1705 2608 1738 ι
2645 1685 2752 1739 Καὶ
2801 1683 2918 1756 μεθ’
2945 1683 3111 1757 ἓτερά
3139 1701 3302 1756 φησι·
3347 1705 3364 1736 ‹
3393 1686 3506 1739 Καὶ
3533 1684 3618 1747 τίς
3645 1686 3673 1737 ό

2084 1782 2182 1852 τῆς
2228 1779 2538 1850 θαυμασίας
2583 1776 2891 1847 οἰκονομίας
2937 1775 3102 1830 αὑτοῦ
3145 1777 3381 1848 τρόπος;
3435 1777 3518 1830 Τά
3565 1775 3673 1847 γὰρ

2084 1872 2260 1943 ἀληθῆ
2301 1871 2643 1943 λεχθήσεται.
2700 1868 2999 1941 Ἀπήντετό
3036 1886 3122 1933 τις
3168 1869 3276 1923 τῶν
3315 1868 3570 1942 χωριτῶν
3597 1869 3672 1939 (5)

2085 1964 2447 2034 ὑποφεύγοντι
2478 1963 2555 2034 τῷ
2594 1961 2842 2034 Τιμοθέῳ
2876 1961 2970 2016 καὶ
3002 1961 3422 2034 τεταραγμένῳ,
3450 1962 3544 2015 καὶ
3575 1963 3676 2030 τὴν

2084 2059 2262 2112 αἰτίαν
2294 2059 2394 2131 τῆς
2430 2057 2690 2122 ἐπείξεως
2730 2053 2979 2108 ἐπύθετο.
3025 2056 3084 2108 '0
3109 2055 3165 2108 δὲ
3197 2054 3432 2126 τάληθὲς
3466 2052 3674 2120 ἐξεῖπεο

2084 2153 2337 2214 κάκεῖνος
2379 2149 2615 2212 ἀκούσας
2641 2148 2825 2219 (ἀπῄει
2865 2147 2921 2200 δὲ
2971 2147 3385 2218 εὐωχησόμενος
3423 2146 3673 2217 γάμσυς’

2083 2243 2520 2314 διαπαννυχίζειν
2548 2242 2656 2314 γὰρ
2685 2243 2868 2305 αὑτοῖς
2892 2242 2950 2294 ὲν
2978 2243 3098 2304 ταῖς
3123 2240 3404 2304 τοιαύταις
3435 2240 3674 2304 συνόδοις

2085 2335 2224 2403 ἔθος)
2250 2375 2264 2399 ,
2313 2332 2569 2388 εἰσελθὼν
2617 2329 2920 2402 ἀπήγγειλε
2963 2332 3074 2392 τοῖς
3119 2328 3576 2398 κατακειμένοιςο
3624 2327 3678 2380 oi

2083 2429 2226 2502 ὁρμῇ
2263 2428 2359 2498 μιᾷ
2387 2425 2638 2496 καθάπερ
2672 2424 2780 2478 ἀπὸ
2805 2421 3144 2492 συνθήματος
3174 2420 3248 2491 (4)
3279 2419 3486 2482 πάντες
3516 2418 3672 2484 ἐξανο

2087 2516 2340 2588 έστησαν,
2393 2517 2488 2568 καὶ
2512 2514 2698 2586 δρόμῳ
2731 2511 3016 2584 φερόμενοι
3043 2511 3271 2580 τάχιστα
3299 2505 3460 2581 ἦκον,
3491 2509 3674 2561 ἐπεισ-

2086 2604 2342 2667 πεσόντες
2371 2621 2429 2656 τε
2463 2604 2615 2674 ἡμῖν,
2651 2600 2955 2671 ἠλάλαξανο
2989 2599 3081 2653 καὶ
3111 2599 3288 2668 φυγῆς
3330 2597 3536 2659 εὐθέως
3565 2595 3672 2649 τῶν

2088 2694 2470 2766 φρουρούντων
2495 2694 2641 2764 ἡμᾶς
2663 2692 3007 2764 στρατιωτῶν
3027 2690 3346 2762 γενομένης,
3363 2687 3673 2756 ἐπέστησαν

2087 2788 2218 2858 ἡμῖν
2265 2785 2340 2850 ὡς
2387 2786 2603 2856 εἴχομεν
2639 2785 2734 2838 ἐπὶ
2773 2783 2882 2838 τῶν
2916 2781 3205 2855 ἀστρὼτων
3254 2779 3571 2851 σκιμπόδιον
3597 2778 3670 2848 (5)

2088 2877 2494 2948 κατακείμενοι.
2549 2875 2720 2944 Κάγὼ
2775 2875 2893 2946 μὲν,
2932 2871 3071 2927 οἶδεν
3106 2875 3135 2927 ό
3173 2872 3327 2936 Θεὸς,
3357 2871 3434 2934 ὡς
3473 2868 3672 2944 λῃστὰς
3715 2912 3719 2916 .

2089 2964 2227 3023 εἶναι
2256 2967 2520 3039 πρότερον
2552 2964 2852 3036 ἡγούμενος
2899 2965 2992 3017 ἐπὶ
3035 2963 3259 3034 σύλησιν
3292 2963 3387 3015 καὶ
3417 2959 3675 3032 ἁρπαγὴν

2087 3059 2470 3130 ἀφικομένους,
2507 3058 2682 3129 μένων
2709 3057 2803 3110 ἐπὶ
2830 3057 2929 3127 τῆς
2960 3055 3140 3125 εὐνῆς,
3173 3048 3241 3126 ἦς
3275 3054 3424 3124 ἥμην
3447 3050 3668 3122 γυμνὸς,

2089 3153 2146 3205 έν
2180 3150 2258 3222 τῷ
2284 3149 2413 3221 λινῷ
2467 3149 2756 3220 ὲσθήματι,
2797 3148 2895 3219 τὴν
2945 3147 3001 3200 δὲ
3031 3144 3222 3216 λοιπὴν
3252 3143 3461 3214 ἐσθῆτα
3493 3160 3668 3214 παρα-

2089 3243 2348 3315 κειμένην
2376 3243 2558 3305 αύτοῖς
2585 3240 2810 3312 ὤρεγον.
2842 3241 2902 3292 0i
2947 3239 3004 3292 δὲ
3038 3235 3445 3304 ἐξανίστασθαι.
3464 3252 3526 3288 τε
3553 3233 3669 3286 ἐκέ-

2087 3334 2238 3388 λευον
2263 3333 2358 3386 καὶ
2385 3333 2484 3403 τὴν
2515 3332 2776 3402 ταχίστην
2824 3329 3044 3396 ἐξιέναι.
3072 3328 3183 3381 Καὶ
3209 3326 3330 3380 τότε
3372 3324 3556 3388 συνεὶς
3583 3323 3666 3393 ἐφ’

2085 3419 2130 3493 ᾧ
2162 3425 2434 3496 παρῆσαν,
2463 3423 2766 3495 ἀνέκραγον
2793 3421 3042 3492 δεόμενος
3077 3418 3256 3472 αὐτῶν
3284 3410 3381 3471 καὶ
3415 3414 3668 3470 ἱκετεύων

2087 3517 2303 3570 ἀπιέναι
2348 3515 2443 3568 καὶ
2481 3516 2626 3585 ἡμᾶς
2670 3515 2786 3584 ὲᾷν·
2838 3514 2886 3565 εί
2925 3512 2981 3564 δὲ
3019 3510 3295 3581 βούλονταί
3339 3526 3393 3562 τι
3435 3505 3666 3580 χρηστὸν

2087 3608 2448 3681 ἐργάσασθαι,
2502 3609 2628 3668 τοὺς
2673 3605 2986 3674 ἀπάγοντας
3035 3620 3100 3674 με
3151 3602 3378 3672 φθάσαι,
3427 3601 3524 3655 καὶ
3570 3599 3667 3671 τὴν

2087 3701 2329 3772 κεφαλὴν
2379 3701 2574 3763 αὐτοὺς
2628 3697 2726 3768 τὴν
2775 3696 2914 3767 ὲμὴν
2967 3696 3261 3765 ἀποτεμεῖν
3305 3693 3516 3764 ἠξίουν.
3559 3694 3667 3747 Καὶ

2084 3792 2306 3846 τοιαῦτα
2340 3791 2586 3861 βοῶντος,
2621 3789 2696 3852 ὼς
2726 3787 2902 3841 ίσασιν
2930 3787 2980 3839 οἱ
3007 3785 3248 3840 κοινωνοί
3281 3802 3384 3856 μου
3412 3784 3509 3839 καὶ
3544 3783 3668 3854 μέτε

2086 3903 2197 3956 οχοι
2223 3885 2441 3938 πάντων
2468 3884 2770 3952 γενόμενοι,
2829 3880 3124 3933 ἀνίστασαν
3164 3878 3296 3950 πρὸς
3331 3877 3470 3948 βίαν.
3499 3874 3664 3944 Κάγὼ

2091 3977 2186 4046 μὲν
2220 3975 2445 4049 παρῆκα
2470 3974 2704 4045 ἐμαυτὸν
2738 3972 2926 4026 ύπτιον
2958 3972 3037 4035 εἰς
3069 3968 3330 4038 τοῦδαφος
3349 3985 3361 3998 ·
3393 3969 3445 4021 oi
3471 3967 3528 4022 δὲ
3554 3967 3656 4021 διαο

2089 4067 2343 4129 λαϐόντες
2393 4066 2593 4137 χειρῶν
2644 4068 2738 4120 καὶ
2798 4062 2974 4116 ποδῶν
2997 4103 3012 4127 ,
3066 4062 3320 4134 σύροντες
3377 4060 3661 4132 ἐξήγαγον.

2101 4157 2528 4230 Ἐπηκολούθουν
2563 4157 2617 4210 δέ
2663 4173 2750 4227 μοι
2790 4159 2838 4208 οἱ
2881 4155 3088 4209 τούτων
3130 4154 3348 4207 πάντων
3387 4152 3666 4223 γενόμενοι

2091 4250 2386 4322 μάρτυρες,
2417 4249 2596 4312 Γάϊος,
2625 4246 2886 4312 Φαῦστος,
2931 4248 3160 4319 Πέτρος,
3192 4246 3435 4310 Παῦλοςο
3482 4249 3533 4301 οἳ
3576 4245 3666 4299 καὶ

2087 4342 2448 4404 ὑπολαϐόντες
2465 4341 2540 4413 (6)
2568 4351 2655 4412 με,
2685 4340 2922 4412 φοράδην
2951 4339 3217 4411 ἐξήγαγον
3245 4339 3340 4392 τοῦ
3369 4338 3665 4410 πολιχνίου,

2159 4539 2234 4612 (ὁ)
2269 4540 2411 4596 Ἀπὸ
2434 4540 2840 4610 συνθήματος.
2867 4543 2963 4598 Sic
2993 4544 3048 4597 in
3097 4542 3256 4597 codd.
3288 4541 3498 4598 Med.et
3527 4541 3658 4597 Max.

2085 4611 2362 4677 scribitur,
2403 4621 2586 4675 recte;
2622 4627 2720 4666 nec
2765 4614 2928 4667 aliter
2968 4613 3124 4670 codd.
3175 4612 3316 4668 Fuk.
3373 4623 3431 4668 et
3494 4611 3660 4669 Savil.

2085 4681 2289 4754 Tertius
2316 4681 2629 4754 vulg.,_t31ro
2657 4681 2984 4754 συνθήματι.

2157 4750 2235 4824 (5)
2279 4751 2410 4805 Ἐπὶ
2435 4750 2904 4824 τῶνᾴστρώέων
2948 4753 3318 4824 σκιμπόδιον.
3353 4752 3660 4824 Scimpodia

2084 4821 2422 4876 voeabantur
2444 4821 2676 4893 humiles
2709 4823 2855 4887 lecti,
2887 4821 3073 4893 quales
3110 4825 3379 4892 hodieque
3426 4825 3479 4878 in
3509 4821 3664 4876 'aulis

2084 4893 2350 4946 habemus
2376 4891 2599 4945 sedendi
2626 4891 3103 4952 duntaxat—causa.
3134 4891 3400 4948 Lihariius
3429 4894 3482 4946 in
3539 4909 3660 4946 ora-

2083 4962 2242 5034 tione
2257 4961 2331 5013 De
2348 4961 2454 5034 uita
2475 4977 2595 5034 sua,
2619 4975 2741 5034 pag.
2773 4963 2843 5016 47
2881 4982 2894 5018 ι
2920 4964 3070 5034 Οίκοι
3090 4979 3151 5015 τε
3179 4963 3272 5034 ἐπὶ
3307 4963 3406 5034 τῆς
3418 4962 3659 5034 -κλίνης,

2083 5031 2176 5104 ἐπὶ
2291 5029 2386 5083 τοῦ
2423 5030 2722 5104 σκίμποδος
2771 5035 2831 5087 ὲν
2866 5033 2944 5104 τῷ
2988 5029 3372 5104 διδασκαλείῳζ
3415 5032 3483 5104 ΕΙ.
3524 5029 3660 5104 ΤΙιότ

2089 5101 2302 5172 mistius
2329 5101 2577 5155 oratione
2608 5101 2663 5166 9,
2705 5117 2772 5156 ex
2827 5101 3023 5172 quibus
3074 5113 3296 5172 apparet
3317 5101 3336 5165 ⁷,
3397 5102 3658 5170 ejusmodi

2087 5170 2292 5241 lectos_
2334 5186 2600 5240 :rgrorum
2652 5187 2815 5226 causa
2845 5170 2991 5228 ‘fere
3057 5170 3408 5241 comparatos
3472 5172 3655 5228 fuisse.

2098 5238 2417 5313 Ἀπρὼτων
2447 5254 2599 5313 vero
2640 5243 2840 5297 nudum
2880 5244 3038 5306 verti,
3077 5238 3299 5297 secutus
3354 5241 3655 5298 Martialem

2083 5313 2176 5380 qui
2210 5311 2626 5384 ii_1_Apophorelis
2657 5313 2729 5365 ita
2762 5314 2826 5368 de
2855 5313 3124 5368 lodicibus
3147 5313 3388 5384 loquitur
3418 5329 3431 5362 :

2229 5381 2391 5452 Nudo
2416 5386 2674 5434 stramina
2703 5398 2766 5436 ne
2794 5394 2906 5438 toro
2935 5393 3190 5452 paterent,

2223 5451 2256 5504 J
2265 5459 2438 5504 uncta:
2470 5465 2562 5502 nos
2586 5452 2681 5504 tibi
2703 5451 2942 5507 venimus
2974 5469 3202 5507 sorores.

2157 5521 2232 5592 (6)
2267 5520 2334 5592 0νῖ
2355 5520 2452 5592 καί
2499 5522 2928 5588 ὑπολαϐόντες.
2971 5523 3094 5577 llaec
3161 5523 3327 5578 verba
3380 5521 3654 5578 referenda

2085 5591 2490 5646 esse'existimo
2555 5593 2620 5644 ad
2660 5594 2848 5648 Caium
2889 5603 2944 5647 et
2988 5592 3248 5647 Faustum
3305 5601 3362 5647 et
3423 5594 3655 5660 reliquos

2087 5662 2456 5731 presbyteros,
2512 5663 2606 5729 qui
2668 5662 2980 5734 Dionysium
3033 5678 3096 5734 ett
3153 5664 3350 5734 oppido
3413 5660 3651 5733 Taposiri

2085 5737 2462 5800 cxportarunt.
2498 5746 2604 5784 non
2649 5731 2826 5787 autem
2851 5733 2918 5786 ad
2957 5732 3193 5786 rusticos
3226 5731 3348 5788 illos
3391 5742 3445 5787 ct
3480 5731 3650 5800 tentu-

2085 5797 2263 5858 lentos
2285 5797 2569 5870 convivas,
2605 5813 2664 5859 ut
2694 5803 2878 5860 retulit
2905 5801 3462 5870 Christophorsonus.
3489 5799 3653 5871 Φοράο
