  <div class='ocr_page' id='page_1' title='image "/cluster/home/n/w/nwhite01/storage/ocr_20150623/20/hvd.32044012984548/310.png"; bbox 0 0 3876 6514; ppageno 0'>
   <div class='ocr_carea' id='block_1_1' title="bbox 1089 382 2344 444">
    <p class='ocr_par' dir='ltr' id='par_1_1' title="bbox 1089 382 2344 444">
     <span class='ocr_line' id='line_1_1' title="bbox 1089 382 2344 444; baseline 0.005 -6"><span class='ocrx_word' id='word_1_1' title='bbox 1089 382 1436 440; x_wconf 58' lang='lat' dir='ltr'><strong>HISTORIA}</strong></span> <span class='ocrx_word' id='word_1_2' title='bbox 1475 382 2032 441; x_wconf 67' lang='lat' dir='ltr'><strong>ECCLESIASTICE</strong></span> <span class='ocrx_word' id='word_1_3' title='bbox 2073 385 2206 442; x_wconf 80' lang='lat' dir='ltr'><strong>LIB.</strong></span> <span class='ocrx_word' id='word_1_4' title='bbox 2251 384 2344 444; x_wconf 78' lang='lat' dir='ltr'><strong>Vl.</strong></span> 
     </span>
    </p>
   </div>
   <div class='ocr_carea' id='block_1_2' title="bbox 3263 390 3371 445">
    <p class='ocr_par' dir='ltr' id='par_1_2' title="bbox 3263 390 3371 445">
     <span class='ocr_line' id='line_1_2' title="bbox 3263 390 3371 445; baseline 0.037 -3"><span class='ocrx_word' id='word_1_5' title='bbox 3263 390 3371 445; x_wconf 68' lang='lat'><strong>610</strong></span> 
     </span>
    </p>
   </div>
   <div class='ocr_carea' id='block_1_3' title="bbox 3041 438 3072 464">
    <p class='ocr_par' dir='ltr' id='par_1_3' title="bbox 3041 438 3072 464">
     <span class='ocr_line' id='line_1_3' title="bbox 3041 438 3072 464; baseline 0 0"><span class='ocrx_word' id='word_1_6' title='bbox 3041 438 3072 464; x_wconf 62' lang='grc' dir='ltr'><em>ε</em></span> 
     </span>
    </p>
   </div>
   <div class='ocr_carea' id='block_1_4' title="bbox 149 495 1673 584">
    <p class='ocr_par' dir='ltr' id='par_1_4' title="bbox 149 495 1673 584">
     <span class='ocr_line' id='line_1_4' title="bbox 149 495 1673 584; baseline -0.001 -29"><span class='ocrx_word' id='word_1_7' title='bbox 149 520 217 556; x_wconf 81' lang='grc' dir='ltr'><strong>ναι</strong></span> <span class='ocrx_word' id='word_1_8' title='bbox 241 498 322 554; x_wconf 75' lang='grc' dir='ltr'><strong>καὶ</strong></span> <span class='ocrx_word' id='word_1_9' title='bbox 352 497 482 569; x_wconf 80' lang='grc' dir='ltr'><strong>πρὸς</strong></span> <span class='ocrx_word' id='word_1_10' title='bbox 513 495 577 550; x_wconf 77' lang='grc' dir='ltr'><strong>τὸ</strong></span> <span class='ocrx_word' id='word_1_11' title='bbox 623 495 781 552; x_wconf 80' lang='grc' dir='ltr'><strong>θῦναι</strong></span> <span class='ocrx_word' id='word_1_12' title='bbox 800 513 813 528; x_wconf 73' lang='grc' dir='ltr'><strong>ο</strong></span> <span class='ocrx_word' id='word_1_13' title='bbox 846 499 894 551; x_wconf 80' lang='grc' dir='ltr'><strong>οἱ</strong></span> <span class='ocrx_word' id='word_1_14' title='bbox 921 496 978 552; x_wconf 88' lang='grc' dir='ltr'><strong>δέ</strong></span> <span class='ocrx_word' id='word_1_15' title='bbox 1007 516 1152 564; x_wconf 87' lang='grc' dir='ltr'><strong>τινες</strong></span> <span class='ocrx_word' id='word_1_16' title='bbox 1183 501 1524 584; x_wconf 74' lang='grc' dir='ltr'><strong>ἑτοιμότερον</strong></span> <span class='ocrx_word' id='word_1_17' title='bbox 1573 503 1673 566; x_wconf 83' lang='grc' dir='ltr'><strong>τοῖς</strong></span> 
     </span>
    </p>
   </div>
   <div class='ocr_carea' id='block_1_5' title="bbox 1780 495 3361 584">
    <p class='ocr_par' dir='ltr' id='par_1_5' title="bbox 1787 499 3361 571">
     <span class='ocr_line' id='line_1_5' title="bbox 1787 499 3361 571; baseline 0 -15"><span class='ocrx_word' id='word_1_18' title='bbox 1787 501 1996 557; x_wconf 89' lang='lat' dir='ltr'><strong>criﬁcia</strong></span> <span class='ocrx_word' id='word_1_19' title='bbox 2024 505 2394 560; x_wconf 83' lang='lat' dir='ltr'><strong>accedebant:</strong></span> <span class='ocrx_word' id='word_1_20' title='bbox 2423 499 2664 558; x_wconf 74' lang='lat' dir='ltr'><strong>nonnulli</strong></span> <span class='ocrx_word' id='word_1_21' title='bbox 2698 500 2916 571; x_wconf 83' lang='lat' dir='ltr'><strong>quidem</strong></span> <span class='ocrx_word' id='word_1_22' title='bbox 2950 499 3130 569; x_wconf 88' lang='lat' dir='ltr'><strong>pallidi</strong></span> <span class='ocrx_word' id='word_1_23' title='bbox 3160 515 3223 556; x_wconf 88' lang='lat' dir='ltr'><strong>ac</strong></span> <span class='ocrx_word' id='word_1_24' title='bbox 3247 513 3361 556; x_wconf 84' lang='lat' dir='ltr'><strong>tre-</strong></span> 
     </span>
    </p>
   </div>
   <div class='ocr_carea' id='block_1_6' title="bbox 147 588 1682 666">
    <p class='ocr_par' dir='ltr' id='par_1_6' title="bbox 147 588 1682 666">
     <span class='ocr_line' id='line_1_6' title="bbox 147 588 1682 666; baseline 0.003 -24"><span class='ocrx_word' id='word_1_25' title='bbox 147 593 313 662; x_wconf 80' lang='grc' dir='ltr'><strong>βωμοῖς</strong></span> <span class='ocrx_word' id='word_1_26' title='bbox 351 588 734 662; x_wconf 78' lang='grc' dir='ltr'><strong>προσέτρεχον,</strong></span> <span class='ocrx_word' id='word_1_27' title='bbox 791 591 1190 662; x_wconf 74' lang='grc' dir='ltr'><strong>ἰσχυριζόμενοι</strong></span> <span class='ocrx_word' id='word_1_28' title='bbox 1221 592 1329 665; x_wconf 75' lang='lat' dir='ltr'><strong>(l6)</strong></span> <span class='ocrx_word' id='word_1_29' title='bbox 1367 596 1433 666; x_wconf 79' lang='grc' dir='ltr'><strong>τῇ</strong></span> <span class='ocrx_word' id='word_1_30' title='bbox 1481 593 1682 666; x_wconf 84' lang='grc' dir='ltr'><strong>θρασύ-</strong></span> 
     </span>
    </p>
   </div>
   <div class='ocr_carea' id='block_1_7' title="bbox 144 681 1681 758">
    <p class='ocr_par' dir='ltr' id='par_1_7' title="bbox 144 681 1681 758">
     <span class='ocr_line' id='line_1_7' title="bbox 144 681 1681 758; baseline 0.002 -22"><span class='ocrx_word' id='word_1_31' title='bbox 144 700 241 754; x_wconf 82' lang='grc' dir='ltr'><strong>τητι</strong></span> <span class='ocrx_word' id='word_1_32' title='bbox 275 682 330 736; x_wconf 82' lang='grc' dir='ltr'><strong>τὸ</strong></span> <span class='ocrx_word' id='word_1_33' title='bbox 376 681 508 752; x_wconf 81' lang='grc' dir='ltr'><strong>μηδὲ</strong></span> <span class='ocrx_word' id='word_1_34' title='bbox 548 682 818 754; x_wconf 83' lang='grc' dir='ltr'><strong>πρότερον</strong></span> <span class='ocrx_word' id='word_1_35' title='bbox 862 683 1178 754; x_wconf 74' lang='grc' dir='ltr'><strong>Χριστιανοὶ</strong></span> <span class='ocrx_word' id='word_1_36' title='bbox 1209 686 1508 754; x_wconf 81' lang='grc' dir='ltr'><strong>γεγονέναι.</strong></span> <span class='ocrx_word' id='word_1_37' title='bbox 1546 687 1681 758; x_wconf 75' lang='grc' dir='ltr'><strong>Περὶ</strong></span> 
     </span>
    </p>
   </div>
   <div class='ocr_carea' id='block_1_8' title="bbox 143 769 1680 848">
    <p class='ocr_par' dir='ltr' id='par_1_8' title="bbox 143 769 1680 848">
     <span class='ocr_line' id='line_1_8' title="bbox 143 769 1680 848; baseline 0 -18"><span class='ocrx_word' id='word_1_38' title='bbox 143 769 202 830; x_wconf 79' lang='grc' dir='ltr'><strong>ὧν</strong></span> <span class='ocrx_word' id='word_1_39' title='bbox 226 778 254 847; x_wconf 73' lang='grc' dir='ltr'><strong>ἡ</strong></span> <span class='ocrx_word' id='word_1_40' title='bbox 280 774 364 828; x_wconf 74' lang='grc' dir='ltr'><strong>τοῦ</strong></span> <span class='ocrx_word' id='word_1_41' title='bbox 403 774 609 844; x_wconf 80' lang='grc' dir='ltr'><strong>Κυρίου</strong></span> <span class='ocrx_word' id='word_1_42' title='bbox 639 774 944 847; x_wconf 72' lang='grc' dir='ltr'><strong>πρόρρησις</strong></span> <span class='ocrx_word' id='word_1_43' title='bbox 970 773 1333 848; x_wconf 82' lang='grc' dir='ltr'><strong>ἀληθεστάτη,</strong></span> <span class='ocrx_word' id='word_1_44' title='bbox 1368 778 1450 830; x_wconf 83' lang='grc' dir='ltr'><strong>ὅτι</strong></span> <span class='ocrx_word' id='word_1_45' title='bbox 1485 776 1680 831; x_wconf 86' lang='grc' dir='ltr'><strong>δυσκό-</strong></span> 
     </span>
    </p>
   </div>
   <div class='ocr_carea' id='block_1_9' title="bbox 143 865 1683 939">
    <p class='ocr_par' dir='ltr' id='par_1_9' title="bbox 143 865 1683 939">
     <span class='ocr_line' id='line_1_9' title="bbox 143 865 1683 939; baseline 0.001 -19"><span class='ocrx_word' id='word_1_46' title='bbox 143 868 228 932; x_wconf 78' lang='grc' dir='ltr'><strong>λως</strong></span> <span class='ocrx_word' id='word_1_47' title='bbox 252 865 588 937; x_wconf 79' lang='grc' dir='ltr'><strong>σωθήσονται.</strong></span> <span class='ocrx_word' id='word_1_48' title='bbox 621 866 746 920; x_wconf 82' lang='grc' dir='ltr'><strong>Τῶν</strong></span> <span class='ocrx_word' id='word_1_49' title='bbox 771 866 829 920; x_wconf 81' lang='grc' dir='ltr'><strong>δὲ</strong></span> <span class='ocrx_word' id='word_1_50' title='bbox 869 867 1075 921; x_wconf 81' lang='grc' dir='ltr'>λοιπῶν</span> <span class='ocrx_word' id='word_1_51' title='bbox 1095 868 1156 921; x_wconf 71' lang='grc' dir='ltr'><strong>ὀί</strong></span> <span class='ocrx_word' id='word_1_52' title='bbox 1191 869 1289 939; x_wconf 76' lang='grc' dir='ltr'><strong>μὲν</strong></span> <span class='ocrx_word' id='word_1_53' title='bbox 1318 869 1532 923; x_wconf 85' lang='grc' dir='ltr'><strong>εἵποντο</strong></span> <span class='ocrx_word' id='word_1_54' title='bbox 1561 869 1683 922; x_wconf 85' lang='grc' dir='ltr'><strong>τού-</strong></span> 
     </span>
    </p>
   </div>
   <div class='ocr_carea' id='block_1_10' title="bbox 142 957 1682 1033">
    <p class='ocr_par' dir='ltr' id='par_1_10' title="bbox 142 957 1682 1033">
     <span class='ocr_line' id='line_1_10' title="bbox 142 957 1682 1033; baseline 0.004 -23"><span class='ocrx_word' id='word_1_55' title='bbox 142 977 231 1023; x_wconf 78' lang='grc' dir='ltr'><strong>τοις</strong></span> <span class='ocrx_word' id='word_1_56' title='bbox 256 957 544 1029; x_wconf 76' lang='grc' dir='ltr'><strong>ἑκατέροις,</strong></span> <span class='ocrx_word' id='word_1_57' title='bbox 579 959 632 1012; x_wconf 80' lang='lat' dir='ltr'><strong>ot</strong></span> <span class='ocrx_word' id='word_1_58' title='bbox 678 959 736 1012; x_wconf 80' lang='grc' dir='ltr'><strong>δὲ</strong></span> <span class='ocrx_word' id='word_1_59' title='bbox 768 959 1017 1029; x_wconf 77' lang='grc' dir='ltr'><strong>ἔφευγον,</strong></span> <span class='ocrx_word' id='word_1_60' title='bbox 1060 962 1108 1014; x_wconf 82' lang='grc' dir='ltr'><strong>οἱ</strong></span> <span class='ocrx_word' id='word_1_61' title='bbox 1143 961 1199 1014; x_wconf 78' lang='grc' dir='ltr'><strong>δὲ</strong></span> <span class='ocrx_word' id='word_1_62' title='bbox 1228 961 1526 1033; x_wconf 80' lang='grc' dir='ltr'><strong>ἡλίσκοντο.</strong></span> <span class='ocrx_word' id='word_1_63' title='bbox 1570 963 1682 1018; x_wconf 78' lang='lat' dir='ltr'><strong>Kal.</strong></span> 
     </span>
    </p>
   </div>
   <div class='ocr_carea' id='block_1_11' title="bbox 141 1048 1680 1126">
    <p class='ocr_par' dir='ltr' id='par_1_11' title="bbox 141 1048 1680 1126">
     <span class='ocr_line' id='line_1_11' title="bbox 141 1048 1680 1126; baseline 0.004 -25"><span class='ocrx_word' id='word_1_64' title='bbox 141 1048 308 1102; x_wconf 83' lang='grc' dir='ltr'><strong>τούτων</strong></span> <span class='ocrx_word' id='word_1_65' title='bbox 338 1049 382 1100; x_wconf 79' lang='lat' dir='ltr'><strong>oi</strong></span> <span class='ocrx_word' id='word_1_66' title='bbox 413 1048 513 1118; x_wconf 84' lang='grc' dir='ltr'><strong>μὲν</strong></span> <span class='ocrx_word' id='word_1_67' title='bbox 546 1048 680 1120; x_wconf 78' lang='grc' dir='ltr'><strong>ἄχρι</strong></span> <span class='ocrx_word' id='word_1_68' title='bbox 714 1049 928 1120; x_wconf 86' lang='grc' dir='ltr'><strong>δεσμῶν</strong></span> <span class='ocrx_word' id='word_1_69' title='bbox 951 1049 1068 1105; x_wconf 81' lang='grc' dir='ltr'><strong>,καὶ</strong></span> <span class='ocrx_word' id='word_1_70' title='bbox 1101 1050 1348 1122; x_wconf 77' lang='grc' dir='ltr'><strong>φυλακῆς</strong></span> <span class='ocrx_word' id='word_1_71' title='bbox 1394 1053 1680 1126; x_wconf 85' lang='grc' dir='ltr'><strong>χωρήσαν-</strong></span> 
     </span>
    </p>
   </div>
   <div class='ocr_carea' id='block_1_12' title="bbox 140 1140 1678 1216">
    <p class='ocr_par' dir='ltr' id='par_1_12' title="bbox 140 1140 1678 1216">
     <span class='ocr_line' id='line_1_12' title="bbox 140 1140 1678 1216; baseline 0.004 -23"><span class='ocrx_word' id='word_1_72' title='bbox 140 1157 236 1204; x_wconf 61' lang='lat' dir='ltr'><strong>ea&quot;</strong></span> <span class='ocrx_word' id='word_1_73' title='bbox 266 1140 348 1192; x_wconf 84' lang='grc' dir='ltr'><strong>καί</strong></span> <span class='ocrx_word' id='word_1_74' title='bbox 372 1157 514 1204; x_wconf 86' lang='grc' dir='ltr'><strong>τινες</strong></span> <span class='ocrx_word' id='word_1_75' title='bbox 554 1141 653 1195; x_wconf 63' lang='grc' dir='ltr'><strong>καὶ</strong></span> <span class='ocrx_word' id='word_1_76' title='bbox 687 1141 938 1207; x_wconf 86' lang='grc' dir='ltr'><strong>πλείονας</strong></span> <span class='ocrx_word' id='word_1_77' title='bbox 983 1141 1200 1215; x_wconf 76' lang='grc' dir='ltr'><strong>ἡμέρας</strong></span> <span class='ocrx_word' id='word_1_78' title='bbox 1244 1143 1678 1216; x_wconf 88' lang='grc' dir='ltr'><strong>καθειρχθέντες,</strong></span> 
     </span>
    </p>
   </div>
   <div class='ocr_carea' id='block_1_13' title="bbox 142 1229 1679 1308">
    <p class='ocr_par' dir='ltr' id='par_1_13' title="bbox 142 1229 1679 1308">
     <span class='ocr_line' id='line_1_13' title="bbox 142 1229 1679 1308; baseline 0.005 -23"><span class='ocrx_word' id='word_1_79' title='bbox 142 1229 235 1286; x_wconf 68' lang='grc' dir='ltr'><strong>εἶτα</strong></span> <span class='ocrx_word' id='word_1_80' title='bbox 255 1231 339 1286; x_wconf 78' lang='grc' dir='ltr'><strong>καὶ</strong></span> <span class='ocrx_word' id='word_1_81' title='bbox 365 1233 490 1304; x_wconf 73' lang='grc' dir='ltr'><strong>πρὶν</strong></span> <span class='ocrx_word' id='word_1_82' title='bbox 520 1233 604 1297; x_wconf 85' lang='grc' dir='ltr'><strong>είς</strong></span> <span class='ocrx_word' id='word_1_83' title='bbox 632 1233 982 1307; x_wconf 85' lang='grc' dir='ltr'><strong>δικαστήριον</strong></span> <span class='ocrx_word' id='word_1_84' title='bbox 1011 1235 1294 1303; x_wconf 77' lang='grc' dir='ltr'><strong>εἰσελθεῖν,</strong></span> <span class='ocrx_word' id='word_1_85' title='bbox 1311 1235 1679 1308; x_wconf 80' lang='grc' dir='ltr'><strong>ἐξωμόσαντο,</strong></span> 
     </span>
    </p>
   </div>
   <div class='ocr_carea' id='block_1_14' title="bbox 141 1324 1681 1403">
    <p class='ocr_par' dir='ltr' id='par_1_14' title="bbox 141 1324 1681 1403">
     <span class='ocr_line' id='line_1_14' title="bbox 141 1324 1681 1403; baseline 0.003 -24"><span class='ocrx_word' id='word_1_86' title='bbox 141 1327 179 1379; x_wconf 75' lang='grc' dir='ltr'><strong>οἱ</strong></span> <span class='ocrx_word' id='word_1_87' title='bbox 199 1325 249 1378; x_wconf 86' lang='grc' dir='ltr'><strong>δὲ</strong></span> <span class='ocrx_word' id='word_1_88' title='bbox 275 1325 360 1378; x_wconf 80' lang='grc' dir='ltr'><strong>καὶ</strong></span> <span class='ocrx_word' id='word_1_89' title='bbox 389 1324 645 1395; x_wconf 83' lang='grc' dir='ltr'><strong>βασάνοις</strong></span> <span class='ocrx_word' id='word_1_90' title='bbox 665 1327 760 1380; x_wconf 71' lang='grc' dir='ltr'>ἐπὶ</span> <span class='ocrx_word' id='word_1_91' title='bbox 785 1327 952 1381; x_wconf 78' lang='grc' dir='ltr'><strong>ποσὸν</strong></span> <span class='ocrx_word' id='word_1_92' title='bbox 985 1329 1508 1401; x_wconf 81' lang='grc' dir='ltr'><strong>ὲγκαρτερήσαντες,</strong></span> <span class='ocrx_word' id='word_1_93' title='bbox 1543 1331 1681 1403; x_wconf 84' lang='grc' dir='ltr'><strong>πρὸς</strong></span> 
     </span>
    </p>
   </div>
   <div class='ocr_carea' id='block_1_15' title="bbox 141 1409 1682 1492">
    <p class='ocr_par' dir='ltr' id='par_1_15' title="bbox 141 1409 1682 1492">
     <span class='ocr_line' id='line_1_15' title="bbox 141 1409 1682 1492; baseline 0.005 -22"><span class='ocrx_word' id='word_1_94' title='bbox 141 1417 187 1470; x_wconf 79' lang='grc' dir='ltr'><strong>τὸ</strong></span> <span class='ocrx_word' id='word_1_95' title='bbox 206 1417 316 1488; x_wconf 79' lang='grc' dir='ltr'><strong>ἑξῆς</strong></span> <span class='ocrx_word' id='word_1_96' title='bbox 339 1417 588 1473; x_wconf 83' lang='grc' dir='ltr'><strong>ἀπεῖπον.</strong></span> <span class='ocrx_word' id='word_1_97' title='bbox 624 1419 688 1470; x_wconf 81' lang='lat' dir='ltr'><strong>Oi</strong></span> <span class='ocrx_word' id='word_1_98' title='bbox 720 1418 776 1472; x_wconf 84' lang='grc' dir='ltr'><strong>δὲ</strong></span> <span class='ocrx_word' id='word_1_99' title='bbox 816 1409 1034 1491; x_wconf 76' lang='grc' dir='ltr'><strong>στερῤοὶ</strong></span> <span class='ocrx_word' id='word_1_100' title='bbox 1074 1422 1170 1474; x_wconf 74' lang='grc' dir='ltr'><strong>καὶ</strong></span> <span class='ocrx_word' id='word_1_101' title='bbox 1209 1422 1470 1492; x_wconf 85' lang='grc' dir='ltr'><strong>μακάριοι</strong></span> <span class='ocrx_word' id='word_1_102' title='bbox 1499 1423 1682 1477; x_wconf 82' lang='grc' dir='ltr'><strong>στύλοι</strong></span> 
     </span>
    </p>
   </div>
   <div class='ocr_carea' id='block_1_16' title="bbox 139 1507 1684 1590">
    <p class='ocr_par' dir='ltr' id='par_1_16' title="bbox 139 1507 1684 1590">
     <span class='ocr_line' id='line_1_16' title="bbox 139 1507 1684 1590; baseline 0.007 -28"><span class='ocrx_word' id='word_1_103' title='bbox 139 1507 210 1562; x_wconf 76' lang='grc' dir='ltr'><strong>τοῦ</strong></span> <span class='ocrx_word' id='word_1_104' title='bbox 232 1509 442 1580; x_wconf 85' lang='grc' dir='ltr'><strong>Κυρίου,</strong></span> <span class='ocrx_word' id='word_1_105' title='bbox 463 1510 905 1581; x_wconf 83' lang='grc' dir='ltr'><strong>κραταιωθέντες</strong></span> <span class='ocrx_word' id='word_1_106' title='bbox 937 1513 1032 1566; x_wconf 83' lang='grc' dir='ltr'><strong>ὑπ’</strong></span> <span class='ocrx_word' id='word_1_107' title='bbox 1056 1513 1244 1579; x_wconf 82' lang='grc' dir='ltr'><strong>αὐτοῦ,</strong></span> <span class='ocrx_word' id='word_1_108' title='bbox 1280 1517 1374 1570; x_wconf 76' lang='grc' dir='ltr'><strong>καὶ</strong></span> <span class='ocrx_word' id='word_1_109' title='bbox 1404 1518 1504 1589; x_wconf 80' lang='grc' dir='ltr'><strong>τῆς</strong></span> <span class='ocrx_word' id='word_1_110' title='bbox 1534 1519 1684 1590; x_wconf 84' lang='grc' dir='ltr'><strong>ἰσχυ-</strong></span> 
     </span>
    </p>
   </div>
   <div class='ocr_carea' id='block_1_17' title="bbox 141 1603 1682 1684">
    <p class='ocr_par' dir='ltr' id='par_1_17' title="bbox 141 1603 1682 1684">
     <span class='ocr_line' id='line_1_17' title="bbox 141 1603 1682 1684; baseline 0.009 -30"><span class='ocrx_word' id='word_1_111' title='bbox 141 1604 218 1672; x_wconf 68' lang='grc' dir='ltr'><strong>ρᾶς</strong></span> <span class='ocrx_word' id='word_1_112' title='bbox 243 1603 293 1655; x_wconf 83' lang='grc' dir='ltr'><strong>ὲν</strong></span> <span class='ocrx_word' id='word_1_113' title='bbox 318 1603 525 1666; x_wconf 78' lang='grc' dir='ltr'><strong>ἑαυτοῖς</strong></span> <span class='ocrx_word' id='word_1_114' title='bbox 560 1603 800 1671; x_wconf 84' lang='grc' dir='ltr'><strong>πίστεως</strong></span> <span class='ocrx_word' id='word_1_115' title='bbox 841 1606 996 1672; x_wconf 80' lang='grc' dir='ltr'><strong>ἀξίαν</strong></span> <span class='ocrx_word' id='word_1_116' title='bbox 1039 1608 1134 1663; x_wconf 72' lang='grc' dir='ltr'><strong>καὶ</strong></span> <span class='ocrx_word' id='word_1_117' title='bbox 1165 1610 1423 1680; x_wconf 87' lang='grc' dir='ltr'><strong>ἀνάλογον</strong></span> <span class='ocrx_word' id='word_1_118' title='bbox 1453 1610 1682 1684; x_wconf 87' lang='grc' dir='ltr'><strong>δύναμιν</strong></span> 
     </span>
    </p>
   </div>
   <div class='ocr_carea' id='block_1_18' title="bbox 138 1696 1681 1773">
    <p class='ocr_par' dir='ltr' id='par_1_18' title="bbox 138 1696 1681 1773">
     <span class='ocr_line' id='line_1_18' title="bbox 138 1696 1681 1773; baseline 0.008 -24"><span class='ocrx_word' id='word_1_119' title='bbox 138 1697 211 1750; x_wconf 71' lang='lat' dir='ltr'><strong>ut</strong></span> <span class='ocrx_word' id='word_1_120' title='bbox 235 1696 514 1768; x_wconf 77' lang='grc' dir='ltr'><strong>καρτερίαν</strong></span> <span class='ocrx_word' id='word_1_121' title='bbox 546 1697 825 1764; x_wconf 71' lang='grc' dir='ltr'><strong>λαϐόντες,</strong></span> <span class='ocrx_word' id='word_1_122' title='bbox 859 1699 1162 1772; x_wconf 72' lang='grc' dir='ltr'><strong>θαυμαστοὶ</strong></span> <span class='ocrx_word' id='word_1_123' title='bbox 1205 1705 1492 1773; x_wconf 88' lang='grc' dir='ltr'><strong>γεγόνασιν</strong></span> <span class='ocrx_word' id='word_1_124' title='bbox 1515 1701 1681 1761; x_wconf 77' lang='grc' dir='ltr'><strong>αὐτοῦ</strong></span> 
     </span>
    </p>
   </div>
   <div class='ocr_carea' id='block_1_19' title="bbox 137 1785 1677 1866">
    <p class='ocr_par' dir='ltr' id='par_1_19' title="bbox 137 1785 1677 1866">
     <span class='ocr_line' id='line_1_19' title="bbox 137 1785 1677 1866; baseline 0.008 -27"><span class='ocrx_word' id='word_1_125' title='bbox 137 1788 214 1858; x_wconf 76' lang='grc' dir='ltr'><strong>τῆς</strong></span> <span class='ocrx_word' id='word_1_126' title='bbox 262 1787 528 1858; x_wconf 80' lang='grc' dir='ltr'><strong>βασιλείας</strong></span> <span class='ocrx_word' id='word_1_127' title='bbox 576 1790 877 1864; x_wconf 79' lang='grc' dir='ltr'><strong>μάρτυρες.</strong></span> <span class='ocrx_word' id='word_1_128' title='bbox 926 1785 1028 1848; x_wconf 79' lang='grc' dir='ltr'><strong>’Ὧν</strong></span> <span class='ocrx_word' id='word_1_129' title='bbox 1085 1795 1302 1866; x_wconf 83' lang='grc' dir='ltr'><strong>πρῶτος</strong></span> <span class='ocrx_word' id='word_1_130' title='bbox 1370 1797 1677 1864; x_wconf 79' lang='grc' dir='ltr'><strong>Ἰουλιανὸς,</strong></span> 
     </span>
    </p>
   </div>
   <div class='ocr_carea' id='block_1_20' title="bbox 137 1879 1682 1962">
    <p class='ocr_par' dir='ltr' id='par_1_20' title="bbox 137 1879 1682 1962">
     <span class='ocr_line' id='line_1_20' title="bbox 137 1879 1682 1962; baseline 0.008 -28"><span class='ocrx_word' id='word_1_131' title='bbox 137 1879 378 1952; x_wconf 74' lang='grc' dir='ltr'><strong>ἄνθρωπος</strong></span> <span class='ocrx_word' id='word_1_132' title='bbox 408 1882 706 1956; x_wconf 78' lang='grc' dir='ltr'><strong>ποδαγρὸς,</strong></span> <span class='ocrx_word' id='word_1_133' title='bbox 734 1883 811 1955; x_wconf 81' lang='grc' dir='ltr'><strong>μὴ</strong></span> <span class='ocrx_word' id='word_1_134' title='bbox 841 1885 1050 1957; x_wconf 84' lang='grc' dir='ltr'><strong>στῆναι,</strong></span> <span class='ocrx_word' id='word_1_135' title='bbox 1088 1886 1163 1960; x_wconf 84' lang='grc' dir='ltr'><strong>μὴ</strong></span> <span class='ocrx_word' id='word_1_136' title='bbox 1196 1888 1416 1958; x_wconf 83' lang='grc' dir='ltr'><strong>βαδίσαι</strong></span> <span class='ocrx_word' id='word_1_137' title='bbox 1446 1889 1682 1962; x_wconf 81' lang='grc' dir='ltr'><strong>δυνάμε-</strong></span> 
     </span>
    </p>
   </div>
   <div class='ocr_carea' id='block_1_21' title="bbox 135 1975 1679 2056">
    <p class='ocr_par' dir='ltr' id='par_1_21' title="bbox 135 1975 1679 2056">
     <span class='ocr_line' id='line_1_21' title="bbox 135 1975 1679 2056; baseline 0.008 -29"><span class='ocrx_word' id='word_1_138' title='bbox 135 1988 220 2037; x_wconf 64' lang='grc' dir='ltr'><strong>ως,</strong></span> <span class='ocrx_word' id='word_1_139' title='bbox 249 1975 336 2028; x_wconf 78' lang='grc' dir='ltr'><strong>σὺν</strong></span> <span class='ocrx_word' id='word_1_140' title='bbox 365 1975 574 2048; x_wconf 81' lang='grc' dir='ltr'><strong>ἑτέροις</strong></span> <span class='ocrx_word' id='word_1_141' title='bbox 608 1976 705 2031; x_wconf 89' lang='grc' dir='ltr'><strong>δύο</strong></span> <span class='ocrx_word' id='word_1_142' title='bbox 728 1979 840 2042; x_wconf 75' lang='grc' dir='ltr'><strong>τοῖς</strong></span> <span class='ocrx_word' id='word_1_143' title='bbox 867 1978 1126 2050; x_wconf 81' lang='grc' dir='ltr'><strong>φέρουσιν</strong></span> <span class='ocrx_word' id='word_1_144' title='bbox 1159 1980 1342 2046; x_wconf 81' lang='grc' dir='ltr'><strong>αὑτὸν,</strong></span> <span class='ocrx_word' id='word_1_145' title='bbox 1375 1984 1679 2056; x_wconf 86' lang='grc' dir='ltr'><strong>προσήχθη.</strong></span> 
     </span>
    </p>
   </div>
   <div class='ocr_carea' id='block_1_22' title="bbox 137 2061 1685 2150">
    <p class='ocr_par' dir='ltr' id='par_1_22' title="bbox 137 2061 1685 2150">
     <span class='ocr_line' id='line_1_22' title="bbox 137 2061 1685 2150; baseline 0.005 -27"><span class='ocrx_word' id='word_1_146' title='bbox 137 2061 214 2123; x_wconf 78' lang='grc' dir='ltr'><strong>Ὧν</strong></span> <span class='ocrx_word' id='word_1_147' title='bbox 239 2073 263 2125; x_wconf 91' lang='lat'><strong>6</strong></span> <span class='ocrx_word' id='word_1_148' title='bbox 293 2071 390 2142; x_wconf 79' lang='grc' dir='ltr'><strong>μὲν</strong></span> <span class='ocrx_word' id='word_1_149' title='bbox 421 2073 636 2145; x_wconf 77' lang='grc' dir='ltr'><strong>ἔτερος,</strong></span> <span class='ocrx_word' id='word_1_150' title='bbox 668 2073 832 2139; x_wconf 80' lang='grc' dir='ltr'><strong>εὐθὺς</strong></span> <span class='ocrx_word' id='word_1_151' title='bbox 859 2075 1136 2147; x_wconf 74' lang='grc' dir='ltr'><strong>ἠρνήσατο</strong></span> <span class='ocrx_word' id='word_1_152' title='bbox 1158 2093 1172 2107; x_wconf 92' lang='grc'><strong>·</strong></span> <span class='ocrx_word' id='word_1_153' title='bbox 1199 2079 1228 2132; x_wconf 98' lang='lat'><strong>6</strong></span> <span class='ocrx_word' id='word_1_154' title='bbox 1255 2077 1300 2131; x_wconf 81' lang='grc' dir='ltr'><strong>δ’</strong></span> <span class='ocrx_word' id='word_1_155' title='bbox 1333 2077 1520 2150; x_wconf 77' lang='grc' dir='ltr'><strong>ἕτερος</strong></span> <span class='ocrx_word' id='word_1_156' title='bbox 1538 2079 1685 2150; x_wconf 82' lang='grc' dir='ltr'><strong>Κρο-</strong></span> 
     </span>
    </p>
   </div>
   <div class='ocr_carea' id='block_1_23' title="bbox 137 2162 1681 2242">
    <p class='ocr_par' dir='ltr' id='par_1_23' title="bbox 137 2162 1681 2242">
     <span class='ocr_line' id='line_1_23' title="bbox 137 2162 1681 2242; baseline 0.005 -27"><span class='ocrx_word' id='word_1_157' title='bbox 137 2162 235 2216; x_wconf 85' lang='grc' dir='ltr'><strong>νίων</strong></span> <span class='ocrx_word' id='word_1_158' title='bbox 281 2162 517 2235; x_wconf 79' lang='grc' dir='ltr'><strong>ὀνόματι,</strong></span> <span class='ocrx_word' id='word_1_159' title='bbox 554 2165 790 2238; x_wconf 69' lang='grc' dir='ltr'><strong>ἐπίκλην</strong></span> <span class='ocrx_word' id='word_1_160' title='bbox 817 2165 873 2220; x_wconf 80' lang='grc' dir='ltr'><strong>δὲ</strong></span> <span class='ocrx_word' id='word_1_161' title='bbox 895 2167 1119 2234; x_wconf 73' lang='grc' dir='ltr'><strong>Εὔνους,</strong></span> <span class='ocrx_word' id='word_1_162' title='bbox 1155 2168 1250 2225; x_wconf 75' lang='grc' dir='ltr'><strong>καὶ</strong></span> <span class='ocrx_word' id='word_1_163' title='bbox 1284 2169 1450 2234; x_wconf 77' lang='grc' dir='ltr'><strong>αὐτὸς</strong></span> <span class='ocrx_word' id='word_1_164' title='bbox 1484 2171 1512 2223; x_wconf 93' lang='lat'><strong>6</strong></span> <span class='ocrx_word' id='word_1_165' title='bbox 1543 2187 1681 2242; x_wconf 87' lang='grc' dir='ltr'><strong>πρε-</strong></span> 
     </span>
    </p>
   </div>
   <div class='ocr_carea' id='block_1_24' title="bbox 141 2253 1681 2334">
    <p class='ocr_par' dir='ltr' id='par_1_24' title="bbox 141 2253 1681 2334">
     <span class='ocr_line' id='line_1_24' title="bbox 141 2253 1681 2334; baseline 0.006 -28"><span class='ocrx_word' id='word_1_166' title='bbox 141 2253 302 2326; x_wconf 80' lang='grc' dir='ltr'><strong>σϐύτης</strong></span> <span class='ocrx_word' id='word_1_167' title='bbox 353 2255 664 2322; x_wconf 79' lang='grc' dir='ltr'><strong>Ἰουλιανὸς,</strong></span> <span class='ocrx_word' id='word_1_168' title='bbox 715 2257 1148 2330; x_wconf 82' lang='grc' dir='ltr'><strong>ὁμολογήσαντες</strong></span> <span class='ocrx_word' id='word_1_169' title='bbox 1198 2259 1290 2315; x_wconf 83' lang='grc' dir='ltr'><strong>τὸν</strong></span> <span class='ocrx_word' id='word_1_170' title='bbox 1315 2259 1543 2334; x_wconf 82' lang='grc' dir='ltr'><strong>Κύριον,</strong></span> <span class='ocrx_word' id='word_1_171' title='bbox 1593 2260 1681 2315; x_wconf 79' lang='grc' dir='ltr'><strong>διὰ</strong></span> 
     </span>
    </p>
   </div>
   <div class='ocr_carea' id='block_1_25' title="bbox 139 2343 1682 2423">
    <p class='ocr_par' dir='ltr' id='par_1_25' title="bbox 139 2343 1682 2423">
     <span class='ocr_line' id='line_1_25' title="bbox 139 2343 1682 2423; baseline 0.006 -27"><span class='ocrx_word' id='word_1_172' title='bbox 139 2344 280 2414; x_wconf 73' lang='grc' dir='ltr'><strong>πάσης</strong></span> <span class='ocrx_word' id='word_1_173' title='bbox 309 2343 406 2412; x_wconf 84' lang='grc' dir='ltr'><strong>τῆς</strong></span> <span class='ocrx_word' id='word_1_174' title='bbox 444 2343 657 2408; x_wconf 85' lang='grc' dir='ltr'><strong>πόλεως</strong></span> <span class='ocrx_word' id='word_1_175' title='bbox 707 2344 971 2418; x_wconf 82' lang='grc' dir='ltr'><strong>μεγίστης</strong></span> <span class='ocrx_word' id='word_1_176' title='bbox 999 2346 1188 2421; x_wconf 76' lang='grc' dir='ltr'><strong>οὗσης,</strong></span> <span class='ocrx_word' id='word_1_177' title='bbox 1218 2348 1294 2415; x_wconf 82' lang='grc' dir='ltr'><strong>ὡς</strong></span> <span class='ocrx_word' id='word_1_178' title='bbox 1329 2349 1464 2415; x_wconf 82' lang='grc' dir='ltr'><strong>ῐστε,</strong></span> <span class='ocrx_word' id='word_1_179' title='bbox 1496 2351 1682 2423; x_wconf 73' lang='grc' dir='ltr'><strong>καμήο</strong></span> 
     </span>
    </p>
   </div>
   <div class='ocr_carea' id='block_1_26' title="bbox 139 2432 1684 2512">
    <p class='ocr_par' dir='ltr' id='par_1_26' title="bbox 139 2432 1684 2512">
     <span class='ocr_line' id='line_1_26' title="bbox 139 2432 1684 2512; baseline 0.006 -24"><span class='ocrx_word' id='word_1_180' title='bbox 139 2432 221 2497; x_wconf 82' lang='grc' dir='ltr'><strong>λοις</strong></span> <span class='ocrx_word' id='word_1_181' title='bbox 247 2434 593 2506; x_wconf 74' lang='grc' dir='ltr'><strong>ἐποχούμενοι</strong></span> <span class='ocrx_word' id='word_1_182' title='bbox 624 2435 722 2490; x_wconf 67' lang='grc' dir='ltr'><strong>καὶ</strong></span> <span class='ocrx_word' id='word_1_183' title='bbox 751 2437 1015 2510; x_wconf 85' lang='grc' dir='ltr'><strong>μετέωροι</strong></span> <span class='ocrx_word' id='word_1_184' title='bbox 1053 2439 1495 2512; x_wconf 88' lang='grc' dir='ltr'><strong>μαστιγούμενοι,</strong></span> <span class='ocrx_word' id='word_1_185' title='bbox 1528 2442 1684 2508; x_wconf 81' lang='grc' dir='ltr'><strong>τέλος</strong></span> 
     </span>
    </p>
   </div>
   <div class='ocr_carea' id='block_1_27' title="bbox 139 2525 1682 2605">
    <p class='ocr_par' dir='ltr' id='par_1_27' title="bbox 139 2525 1682 2605">
     <span class='ocr_line' id='line_1_27' title="bbox 139 2525 1682 2605; baseline 0.007 -26"><span class='ocrx_word' id='word_1_186' title='bbox 139 2525 342 2598; x_wconf 78' lang='grc' dir='ltr'><strong>ἀσϐέστῳ</strong></span> <span class='ocrx_word' id='word_1_187' title='bbox 379 2529 514 2599; x_wconf 75' lang='grc' dir='ltr'><strong>πυρὶ</strong></span> <span class='ocrx_word' id='word_1_188' title='bbox 547 2527 688 2599; x_wconf 84' lang='grc'>(17),</span> <span class='ocrx_word' id='word_1_189' title='bbox 718 2530 1153 2601; x_wconf 83' lang='grc' dir='ltr'><strong>περικεχυμένου</strong></span> <span class='ocrx_word' id='word_1_190' title='bbox 1184 2530 1279 2586; x_wconf 81' lang='grc' dir='ltr'><strong>τοῦ</strong></span> <span class='ocrx_word' id='word_1_191' title='bbox 1321 2533 1496 2605; x_wconf 89' lang='grc' dir='ltr'><strong>δήμου</strong></span> <span class='ocrx_word' id='word_1_192' title='bbox 1545 2551 1682 2590; x_wconf 86' lang='grc' dir='ltr'><strong>παν-</strong></span> 
     </span>
    </p>
   </div>
   <div class='ocr_carea' id='block_1_28' title="bbox 138 2617 1681 2696">
    <p class='ocr_par' dir='ltr' id='par_1_28' title="bbox 138 2617 1681 2696">
     <span class='ocr_line' id='line_1_28' title="bbox 138 2617 1681 2696; baseline 0.006 -25"><span class='ocrx_word' id='word_1_193' title='bbox 138 2617 220 2683; x_wconf 67' lang='grc' dir='ltr'><strong>ςῆς,</strong></span> <span class='ocrx_word' id='word_1_194' title='bbox 244 2618 599 2690; x_wconf 80' lang='grc' dir='ltr'><strong>κατεκάησαν.</strong></span> <span class='ocrx_word' id='word_1_195' title='bbox 633 2619 979 2693; x_wconf 86' lang='grc' dir='ltr'><strong>Στρατιώτης</strong></span> <span class='ocrx_word' id='word_1_196' title='bbox 1010 2641 1070 2678; x_wconf 85' lang='grc' dir='ltr'><strong>τε</strong></span> <span class='ocrx_word' id='word_1_197' title='bbox 1099 2623 1283 2688; x_wconf 78' lang='grc' dir='ltr'><strong>αὐτοῖς</strong></span> <span class='ocrx_word' id='word_1_198' title='bbox 1310 2624 1681 2696; x_wconf 81' lang='grc' dir='ltr'><strong>ἀπαγομένοις</strong></span> 
     </span>
    </p>
   </div>
   <div class='ocr_carea' id='block_1_29' title="bbox 137 2710 1682 2789">
    <p class='ocr_par' dir='ltr' id='par_1_29' title="bbox 137 2710 1682 2789">
     <span class='ocr_line' id='line_1_29' title="bbox 137 2710 1682 2789; baseline 0.007 -29"><span class='ocrx_word' id='word_1_199' title='bbox 137 2711 390 2779; x_wconf 76' lang='grc' dir='ltr'><strong>παραστὰς,</strong></span> <span class='ocrx_word' id='word_1_200' title='bbox 414 2711 511 2764; x_wconf 63' lang='grc' dir='ltr'><strong>καὶ.</strong></span> <span class='ocrx_word' id='word_1_201' title='bbox 535 2712 652 2774; x_wconf 90' lang='grc' dir='ltr'><strong>τοῖς</strong></span> <span class='ocrx_word' id='word_1_202' title='bbox 677 2710 1058 2785; x_wconf 81' lang='grc' dir='ltr'><strong>ὲφυϐρίζουσιν</strong></span> <span class='ocrx_word' id='word_1_203' title='bbox 1084 2715 1449 2781; x_wconf 74' lang='grc' dir='ltr'><strong>ἐναντιωθεὶς,</strong></span> <span class='ocrx_word' id='word_1_204' title='bbox 1485 2717 1682 2789; x_wconf 77' lang='grc' dir='ltr'><strong>ἐκϐοη-</strong></span> 
     </span>
    </p>
   </div>
   <div class='ocr_carea' id='block_1_30' title="bbox 137 2798 1682 2880">
    <p class='ocr_par' dir='ltr' id='par_1_30' title="bbox 137 2798 1682 2880">
     <span class='ocr_line' id='line_1_30' title="bbox 137 2798 1682 2880; baseline 0.009 -29"><span class='ocrx_word' id='word_1_205' title='bbox 137 2798 303 2855; x_wconf 72' lang='grc' dir='ltr'><strong>σάντων</strong></span> <span class='ocrx_word' id='word_1_206' title='bbox 329 2803 572 2870; x_wconf 80' lang='grc' dir='ltr'><strong>ἐκείνων,</strong></span> <span class='ocrx_word' id='word_1_207' title='bbox 604 2807 938 2879; x_wconf 78' lang='grc' dir='ltr'><strong>προσαχθεὶς</strong></span> <span class='ocrx_word' id='word_1_208' title='bbox 970 2809 999 2861; x_wconf 95' lang='lat'><strong>6</strong></span> <span class='ocrx_word' id='word_1_209' title='bbox 1033 2806 1414 2879; x_wconf 80' lang='grc' dir='ltr'><strong>ἀνδρειότατος</strong></span> <span class='ocrx_word' id='word_1_210' title='bbox 1437 2808 1682 2880; x_wconf 80' lang='grc' dir='ltr'><strong>ὁπλομά-</strong></span> 
     </span>
    </p>
   </div>
   <div class='ocr_carea' id='block_1_31' title="bbox 135 2891 1681 2970">
    <p class='ocr_par' dir='ltr' id='par_1_31' title="bbox 135 2891 1681 2970">
     <span class='ocr_line' id='line_1_31' title="bbox 135 2891 1681 2970; baseline 0.006 -26"><span class='ocrx_word' id='word_1_211' title='bbox 135 2908 205 2960; x_wconf 83' lang='grc' dir='ltr'><strong>χος</strong></span> <span class='ocrx_word' id='word_1_212' title='bbox 242 2891 326 2946; x_wconf 71' lang='grc' dir='ltr'><strong>τοῦ</strong></span> <span class='ocrx_word' id='word_1_213' title='bbox 371 2893 508 2948; x_wconf 82' lang='grc' dir='ltr'><strong>Θεοῦ</strong></span> <span class='ocrx_word' id='word_1_214' title='bbox 559 2895 766 2968; x_wconf 78' lang='grc' dir='ltr'><strong>Βησᾶς,</strong></span> <span class='ocrx_word' id='word_1_215' title='bbox 815 2895 918 2952; x_wconf 84' lang='grc' dir='ltr'><strong>κᾶν</strong></span> <span class='ocrx_word' id='word_1_216' title='bbox 959 2897 1037 2969; x_wconf 89' lang='grc' dir='ltr'>τῷ</span> <span class='ocrx_word' id='word_1_217' title='bbox 1069 2897 1289 2969; x_wconf 83' lang='grc' dir='ltr'><strong>μεγάλῳ</strong></span> <span class='ocrx_word' id='word_1_218' title='bbox 1333 2898 1559 2970; x_wconf 86' lang='grc' dir='ltr'><strong>πολέμῳ</strong></span> <span class='ocrx_word' id='word_1_219' title='bbox 1601 2899 1681 2970; x_wconf 83' lang='grc' dir='ltr'><strong>τῷ</strong></span> 
     </span>
    </p>
   </div>
   <div class='ocr_carea' id='block_1_32' title="bbox 134 2981 1682 3057">
    <p class='ocr_par' dir='ltr' id='par_1_32' title="bbox 134 2981 1682 3057">
     <span class='ocr_line' id='line_1_32' title="bbox 134 2981 1682 3057; baseline 0.006 -27"><span class='ocrx_word' id='word_1_220' title='bbox 134 2981 234 3050; x_wconf 55' lang='lat' dir='ltr'><strong>apt</strong></span> <span class='ocrx_word' id='word_1_221' title='bbox 260 2982 350 3054; x_wconf 82' lang='grc' dir='ltr'><strong>τῆς</strong></span> <span class='ocrx_word' id='word_1_222' title='bbox 375 2982 662 3049; x_wconf 80' lang='grc' dir='ltr'><strong>εὐσεϐείας</strong></span> <span class='ocrx_word' id='word_1_223' title='bbox 687 2985 1036 3057; x_wconf 84' lang='grc' dir='ltr'><strong>ἀριστεύσας.</strong></span> <span class='ocrx_word' id='word_1_224' title='bbox 1061 2984 1354 3057; x_wconf 80' lang='grc' dir='ltr'><strong>ἀπετμήθη</strong></span> <span class='ocrx_word' id='word_1_225' title='bbox 1386 2985 1485 3057; x_wconf 82' lang='grc' dir='ltr'><strong>τὴν</strong></span> <span class='ocrx_word' id='word_1_226' title='bbox 1511 3002 1682 3056; x_wconf 80' lang='grc' dir='ltr'><strong>κεφα-</strong></span> 
     </span>
    </p>
   </div>
   <div class='ocr_carea' id='block_1_33' title="bbox 133 3069 1682 3150">
    <p class='ocr_par' dir='ltr' id='par_1_33' title="bbox 133 3069 1682 3150">
     <span class='ocr_line' id='line_1_33' title="bbox 133 3069 1682 3150; baseline 0.005 -28"><span class='ocrx_word' id='word_1_227' title='bbox 133 3069 232 3141; x_wconf 81' lang='grc' dir='ltr'><strong>λήν·</strong></span> <span class='ocrx_word' id='word_1_228' title='bbox 263 3074 348 3127; x_wconf 81' lang='grc' dir='ltr'><strong>καί</strong></span> <span class='ocrx_word' id='word_1_229' title='bbox 373 3093 455 3141; x_wconf 90' lang='grc' dir='ltr'><strong>τις</strong></span> <span class='ocrx_word' id='word_1_230' title='bbox 487 3076 680 3149; x_wconf 78' lang='grc' dir='ltr'><strong>ἕτερος</strong></span> <span class='ocrx_word' id='word_1_231' title='bbox 703 3077 764 3131; x_wconf 82' lang='grc' dir='ltr'><strong>τὺ</strong></span> <span class='ocrx_word' id='word_1_232' title='bbox 795 3078 891 3150; x_wconf 82' lang='grc' dir='ltr'><strong>μὲν</strong></span> <span class='ocrx_word' id='word_1_233' title='bbox 915 3079 1070 3146; x_wconf 87' lang='grc' dir='ltr'><strong>γένος</strong></span> <span class='ocrx_word' id='word_1_234' title='bbox 1085 3076 1272 3142; x_wconf 88' lang='grc' dir='ltr'><strong>Λίϐυς,</strong></span> <span class='ocrx_word' id='word_1_235' title='bbox 1305 3077 1406 3148; x_wconf 79' lang='grc' dir='ltr'><strong>τὴν</strong></span> <span class='ocrx_word' id='word_1_236' title='bbox 1429 3075 1489 3129; x_wconf 84' lang='grc' dir='ltr'><strong>δὲ</strong></span> <span class='ocrx_word' id='word_1_237' title='bbox 1511 3093 1682 3148; x_wconf 82' lang='grc' dir='ltr'><strong>προσ-</strong></span> 
     </span>
    </p>
   </div>
   <div class='ocr_carea' id='block_1_34' title="bbox 133 3162 1748 3253">
    <p class='ocr_par' dir='ltr' id='par_1_34' title="bbox 133 3162 1748 3253">
     <span class='ocr_line' id='line_1_34' title="bbox 133 3162 1748 3253; baseline 0.015 -39"><span class='ocrx_word' id='word_1_238' title='bbox 133 3162 318 3234; x_wconf 67' lang='grc' dir='ltr'><strong>ηγορίαν</strong></span> <span class='ocrx_word' id='word_1_239' title='bbox 350 3163 466 3236; x_wconf 77' lang='grc' dir='ltr'><strong>ἅμα</strong></span> <span class='ocrx_word' id='word_1_240' title='bbox 493 3166 590 3220; x_wconf 77' lang='grc' dir='ltr'><strong>καὶ</strong></span> <span class='ocrx_word' id='word_1_241' title='bbox 625 3167 726 3239; x_wconf 84' lang='grc' dir='ltr'><strong>τὴν</strong></span> <span class='ocrx_word' id='word_1_242' title='bbox 757 3168 1004 3237; x_wconf 84' lang='grc' dir='ltr'><strong>εὐλογίαν</strong></span> <span class='ocrx_word' id='word_1_243' title='bbox 1048 3165 1256 3238; x_wconf 81' lang='grc' dir='ltr'><strong>ἀληθὴς</strong></span> <span class='ocrx_word' id='word_1_244' title='bbox 1300 3166 1505 3237; x_wconf 80' lang='grc' dir='ltr'><strong>Μάκαρ</strong></span> <span class='ocrx_word' id='word_1_245' title='bbox 1537 3164 1672 3238; x_wconf 60' lang='lat' dir='ltr'><strong>(is):</strong></span> <span class='ocrx_word' id='word_1_246' title='bbox 1699 3189 1748 3253; x_wconf 73' lang='grc' dir='ltr'>ο</span> 
     </span>
    </p>
   </div>
   <div class='ocr_carea' id='block_1_35' title="bbox 133 3256 1677 3331">
    <p class='ocr_par' dir='ltr' id='par_1_35' title="bbox 133 3256 1677 3331">
     <span class='ocr_line' id='line_1_35' title="bbox 133 3256 1677 3331; baseline 0.007 -28"><span class='ocrx_word' id='word_1_247' title='bbox 133 3257 402 3328; x_wconf 80' lang='grc' dir='ltr'><strong>προτροπῆς</strong></span> <span class='ocrx_word' id='word_1_248' title='bbox 427 3257 579 3329; x_wconf 77' lang='grc' dir='ltr'><strong>αὐτῷ</strong></span> <span class='ocrx_word' id='word_1_249' title='bbox 609 3258 811 3330; x_wconf 82' lang='grc' dir='ltr'><strong>πολλῆς</strong></span> <span class='ocrx_word' id='word_1_250' title='bbox 855 3259 961 3313; x_wconf 81' lang='grc' dir='ltr'><strong>ὑπὸ</strong></span> <span class='ocrx_word' id='word_1_251' title='bbox 990 3258 1084 3312; x_wconf 81' lang='grc' dir='ltr'><strong>τοῦ</strong></span> <span class='ocrx_word' id='word_1_252' title='bbox 1119 3256 1378 3312; x_wconf 78' lang='grc' dir='ltr'><strong>δικαστοῦ</strong></span> <span class='ocrx_word' id='word_1_253' title='bbox 1406 3257 1546 3331; x_wconf 79' lang='grc' dir='ltr'><strong>πρὸς</strong></span> <span class='ocrx_word' id='word_1_254' title='bbox 1576 3257 1677 3330; x_wconf 80' lang='grc' dir='ltr'><strong>ἆρ-</strong></span> 
     </span>
    </p>
   </div>
   <div class='ocr_carea' id='block_1_36' title="bbox 131 3339 1673 3422">
    <p class='ocr_par' dir='ltr' id='par_1_36' title="bbox 131 3339 1673 3422">
     <span class='ocr_line' id='line_1_36' title="bbox 131 3339 1673 3422; baseline 0.005 -25"><span class='ocrx_word' id='word_1_255' title='bbox 131 3362 250 3414; x_wconf 81' lang='grc' dir='ltr'><strong>νησιν</strong></span> <span class='ocrx_word' id='word_1_256' title='bbox 273 3349 589 3420; x_wconf 81' lang='grc' dir='ltr'><strong>γενομένης,</strong></span> <span class='ocrx_word' id='word_1_257' title='bbox 617 3350 715 3420; x_wconf 80' lang='grc' dir='ltr'><strong>οὐχ</strong></span> <span class='ocrx_word' id='word_1_258' title='bbox 746 3339 1032 3422; x_wconf 72' lang='grc' dir='ltr'><strong>ὑπαχθεὶς,</strong></span> <span class='ocrx_word' id='word_1_259' title='bbox 1063 3350 1170 3417; x_wconf 82' lang='grc' dir='ltr'>ζῶν</span> <span class='ocrx_word' id='word_1_260' title='bbox 1205 3350 1673 3421; x_wconf 80' lang='grc' dir='ltr'><strong>καταπέφλεκται.</strong></span> 
     </span>
    </p>
   </div>
   <div class='ocr_carea' id='block_1_37' title="bbox 143 3434 1677 3512">
    <p class='ocr_par' dir='ltr' id='par_1_37' title="bbox 143 3434 1677 3512">
     <span class='ocr_line' id='line_1_37' title="bbox 143 3434 1677 3512; baseline 0.003 -24"><span class='ocrx_word' id='word_1_261' title='bbox 143 3434 400 3510; x_wconf 74' lang='grc' dir='ltr'><strong>Ἑπέμαχός</strong></span> <span class='ocrx_word' id='word_1_262' title='bbox 441 3455 506 3492; x_wconf 89' lang='grc' dir='ltr'><strong>τε</strong></span> <span class='ocrx_word' id='word_1_263' title='bbox 561 3441 681 3510; x_wconf 81' lang='grc' dir='ltr'><strong>μετ’</strong></span> <span class='ocrx_word' id='word_1_264' title='bbox 725 3439 922 3504; x_wconf 77' lang='grc' dir='ltr'><strong>αὐτοὺς</strong></span> <span class='ocrx_word' id='word_1_265' title='bbox 964 3439 1060 3494; x_wconf 74' lang='grc' dir='ltr'><strong>καὶ</strong></span> <span class='ocrx_word' id='word_1_266' title='bbox 1113 3438 1482 3512; x_wconf 81' lang='grc' dir='ltr'><strong>Ἀλέξανδρος,</strong></span> <span class='ocrx_word' id='word_1_267' title='bbox 1537 3437 1677 3511; x_wconf 87' lang='grc' dir='ltr'><strong>μετά</strong></span> 
     </span>
    </p>
   </div>
   <div class='ocr_carea' id='block_1_38' title="bbox 134 3525 1674 3603">
    <p class='ocr_par' dir='ltr' id='par_1_38' title="bbox 134 3525 1674 3603">
     <span class='ocr_line' id='line_1_38' title="bbox 134 3525 1674 3603; baseline 0.005 -27"><span class='ocrx_word' id='word_1_268' title='bbox 134 3525 263 3579; x_wconf 71' lang='grc' dir='ltr'><strong>τολὺν</strong></span> <span class='ocrx_word' id='word_1_269' title='bbox 284 3526 388 3598; x_wconf 85' lang='grc'><strong>(19)</strong></span> <span class='ocrx_word' id='word_1_270' title='bbox 433 3527 496 3584; x_wconf 82' lang='grc' dir='ltr'><strong>ὃν</strong></span> <span class='ocrx_word' id='word_1_271' title='bbox 529 3528 755 3600; x_wconf 67' lang='grc' dir='ltr'><strong>ἔμειναν</strong></span> <span class='ocrx_word' id='word_1_272' title='bbox 787 3529 1062 3601; x_wconf 84' lang='grc' dir='ltr'><strong>δεσμῶται</strong></span> <span class='ocrx_word' id='word_1_273' title='bbox 1095 3529 1309 3602; x_wconf 86' lang='grc' dir='ltr'><strong>χρόνον,</strong></span> <span class='ocrx_word' id='word_1_274' title='bbox 1340 3529 1539 3603; x_wconf 87' lang='grc' dir='ltr'><strong>μυρίας</strong></span> <span class='ocrx_word' id='word_1_275' title='bbox 1564 3529 1674 3583; x_wconf 89' lang='grc' dir='ltr'><strong>διε-</strong></span> 
     </span>
    </p>
   </div>
   <div class='ocr_carea' id='block_1_39' title="bbox 133 3617 1679 3694">
    <p class='ocr_par' dir='ltr' id='par_1_39' title="bbox 133 3617 1679 3694">
     <span class='ocr_line' id='line_1_39' title="bbox 133 3617 1679 3694; baseline 0.004 -24"><span class='ocrx_word' id='word_1_276' title='bbox 133 3617 370 3684; x_wconf 77' lang='grc' dir='ltr'><strong>νεγκόντες</strong></span> <span class='ocrx_word' id='word_1_277' title='bbox 418 3620 723 3692; x_wconf 79' lang='grc' dir='ltr'><strong>ἀλγηδόνας</strong></span> <span class='ocrx_word' id='word_1_278' title='bbox 743 3661 760 3686; x_wconf 92' lang='grc'>,</span> <span class='ocrx_word' id='word_1_279' title='bbox 816 3619 1112 3693; x_wconf 82' lang='grc' dir='ltr'><strong>ξυστῆρας,</strong></span> <span class='ocrx_word' id='word_1_280' title='bbox 1171 3621 1476 3692; x_wconf 81' lang='grc' dir='ltr'><strong>μάστιγας,</strong></span> <span class='ocrx_word' id='word_1_281' title='bbox 1539 3622 1679 3694; x_wconf 72' lang='grc' dir='ltr'><strong>πυρὶ</strong></span> 
     </span>
    </p>
   </div>
   <div class='ocr_carea' id='block_1_40' title="bbox 132 3705 1676 3785">
    <p class='ocr_par' dir='ltr' id='par_1_40' title="bbox 132 3705 1676 3785">
     <span class='ocr_line' id='line_1_40' title="bbox 132 3705 1676 3785; baseline 0.005 -25"><span class='ocrx_word' id='word_1_282' title='bbox 132 3705 337 3782; x_wconf 79' lang='grc' dir='ltr'><strong>ἀσϐέστῳ</strong></span> <span class='ocrx_word' id='word_1_283' title='bbox 378 3713 475 3767; x_wconf 73' lang='grc' dir='ltr'><strong>καὶ</strong></span> <span class='ocrx_word' id='word_1_284' title='bbox 503 3708 651 3768; x_wconf 76' lang='grc' dir='ltr'><strong>οὗτοι</strong></span> <span class='ocrx_word' id='word_1_285' title='bbox 699 3712 1044 3785; x_wconf 85' lang='grc' dir='ltr'><strong>διεχύθησαν.</strong></span> <span class='ocrx_word' id='word_1_286' title='bbox 1077 3713 1189 3768; x_wconf 69' lang='grc' dir='ltr'><strong>Καὶ</strong></span> <span class='ocrx_word' id='word_1_287' title='bbox 1228 3714 1327 3768; x_wconf 77' lang='grc' dir='ltr'><strong>σὺν</strong></span> <span class='ocrx_word' id='word_1_288' title='bbox 1361 3714 1548 3779; x_wconf 80' lang='grc' dir='ltr'><strong>αὐτοῖς</strong></span> <span class='ocrx_word' id='word_1_289' title='bbox 1577 3732 1676 3785; x_wconf 88' lang='grc' dir='ltr'><strong>γυ-</strong></span> 
     </span>
    </p>
   </div>
   <div class='ocr_carea' id='block_1_41' title="bbox 133 3802 1673 3880">
    <p class='ocr_par' dir='ltr' id='par_1_41' title="bbox 133 3802 1673 3880">
     <span class='ocr_line' id='line_1_41' title="bbox 133 3802 1673 3880; baseline 0.005 -26"><span class='ocrx_word' id='word_1_290' title='bbox 133 3802 279 3866; x_wconf 77' lang='grc' dir='ltr'><strong>ναῖκες</strong></span> <span class='ocrx_word' id='word_1_291' title='bbox 321 3803 624 3877; x_wconf 83' lang='grc' dir='ltr'><strong>τέσσαρες·</strong></span> <span class='ocrx_word' id='word_1_292' title='bbox 692 3805 1072 3876; x_wconf 85' lang='grc' dir='ltr'><strong>Ἀμμωνάριόν</strong></span> <span class='ocrx_word' id='word_1_293' title='bbox 1120 3823 1181 3860; x_wconf 85' lang='grc' dir='ltr'><strong>τε</strong></span> <span class='ocrx_word' id='word_1_294' title='bbox 1219 3806 1350 3876; x_wconf 83' lang='grc' dir='ltr'><strong>ἁγία</strong></span> <span class='ocrx_word' id='word_1_295' title='bbox 1382 3807 1673 3880; x_wconf 79' lang='grc' dir='ltr'><strong>παρθένος,</strong></span> 
     </span>
    </p>
   </div>
   <div class='ocr_carea' id='block_1_42' title="bbox 132 3892 1673 3968">
    <p class='ocr_par' dir='ltr' id='par_1_42' title="bbox 132 3892 1673 3968">
     <span class='ocr_line' id='line_1_42' title="bbox 132 3892 1673 3968; baseline 0.006 -24"><span class='ocrx_word' id='word_1_296' title='bbox 132 3892 241 3946; x_wconf 76' lang='grc' dir='ltr'>πάνυ</span> <span class='ocrx_word' id='word_1_297' title='bbox 278 3895 597 3964; x_wconf 75' lang='grc' dir='ltr'><strong>φιλονείκως</strong></span> <span class='ocrx_word' id='word_1_298' title='bbox 641 3895 812 3968; x_wconf 81' lang='grc' dir='ltr'><strong>αὐτὴν</strong></span> <span class='ocrx_word' id='word_1_299' title='bbox 865 3897 1210 3952; x_wconf 80' lang='grc' dir='ltr'><strong>ὲπιπλεῖστον</strong></span> <span class='ocrx_word' id='word_1_300' title='bbox 1258 3896 1352 3952; x_wconf 79' lang='grc' dir='ltr'><strong>τοῦ</strong></span> <span class='ocrx_word' id='word_1_301' title='bbox 1413 3898 1673 3953; x_wconf 81' lang='grc' dir='ltr'><strong>δικαστοῦ</strong></span> 
     </span>
    </p>
   </div>
   <div class='ocr_carea' id='block_1_43' title="bbox 131 3981 1676 4063">
    <p class='ocr_par' dir='ltr' id='par_1_43' title="bbox 131 3981 1676 4063">
     <span class='ocr_line' id='line_1_43' title="bbox 131 3981 1676 4063; baseline 0.004 -25"><span class='ocrx_word' id='word_1_302' title='bbox 131 3981 500 4054; x_wconf 70' lang='grc' dir='ltr'><strong>βασανίσαντος,</strong></span> <span class='ocrx_word' id='word_1_303' title='bbox 539 3988 638 4043; x_wconf 77' lang='grc' dir='ltr'><strong>ἅτε</strong></span> <span class='ocrx_word' id='word_1_304' title='bbox 685 3989 1222 4062; x_wconf 78' lang='grc' dir='ltr'><strong>προαποφηναμένην</strong></span> <span class='ocrx_word' id='word_1_305' title='bbox 1267 3990 1344 4054; x_wconf 86' lang='grc' dir='ltr'><strong>ὼς</strong></span> <span class='ocrx_word' id='word_1_306' title='bbox 1397 3991 1562 4063; x_wconf 88' lang='grc' dir='ltr'><strong>μηδὲν</strong></span> <span class='ocrx_word' id='word_1_307' title='bbox 1598 3983 1676 4044; x_wconf 81' lang='grc' dir='ltr'><strong>ὧν</strong></span> 
     </span>
    </p>
   </div>
   <div class='ocr_carea' id='block_1_44' title="bbox 129 4074 1676 4154">
    <p class='ocr_par' dir='ltr' id='par_1_44' title="bbox 129 4074 1676 4154">
     <span class='ocr_line' id='line_1_44' title="bbox 129 4074 1676 4154; baseline 0.008 -28"><span class='ocrx_word' id='word_1_308' title='bbox 129 4074 294 4142; x_wconf 74' lang='grc' dir='ltr'><strong>ἐκεῖνος</strong></span> <span class='ocrx_word' id='word_1_309' title='bbox 319 4079 555 4145; x_wconf 84' lang='grc' dir='ltr'><strong>κελεύοι,</strong></span> <span class='ocrx_word' id='word_1_310' title='bbox 582 4078 890 4149; x_wconf 81' lang='grc' dir='ltr'><strong>φθέγξαιτο,</strong></span> <span class='ocrx_word' id='word_1_311' title='bbox 926 4081 1274 4152; x_wconf 85' lang='grc' dir='ltr'><strong>ἀληθεύσασα</strong></span> <span class='ocrx_word' id='word_1_312' title='bbox 1307 4083 1406 4154; x_wconf 84' lang='grc' dir='ltr'><strong>τὴν</strong></span> <span class='ocrx_word' id='word_1_313' title='bbox 1439 4084 1676 4153; x_wconf 75' lang='grc' dir='ltr'><strong>ἐπαγγε-</strong></span> 
     </span>
    </p>
   </div>
   <div class='ocr_carea' id='block_1_45' title="bbox 129 4165 1672 4249">
    <p class='ocr_par' dir='ltr' id='par_1_45' title="bbox 129 4165 1672 4249">
     <span class='ocr_line' id='line_1_45' title="bbox 129 4165 1672 4249; baseline 0.008 -31"><span class='ocrx_word' id='word_1_314' title='bbox 129 4165 238 4233; x_wconf 77' lang='grc' dir='ltr'><strong>λίαν,</strong></span> <span class='ocrx_word' id='word_1_315' title='bbox 289 4171 550 4244; x_wconf 83' lang='grc' dir='ltr'><strong>ἀπήχθη·</strong></span> <span class='ocrx_word' id='word_1_316' title='bbox 598 4172 658 4226; x_wconf 81' lang='grc' dir='ltr'><strong>αἱ</strong></span> <span class='ocrx_word' id='word_1_317' title='bbox 705 4171 763 4227; x_wconf 81' lang='grc' dir='ltr'><strong>δὲ</strong></span> <span class='ocrx_word' id='word_1_318' title='bbox 808 4171 1012 4239; x_wconf 74' lang='grc' dir='ltr'><strong>λοιπαὶ,</strong></span> <span class='ocrx_word' id='word_1_319' title='bbox 1057 4175 1091 4245; x_wconf 82' lang='grc' dir='ltr'><strong>ἡ</strong></span> <span class='ocrx_word' id='word_1_320' title='bbox 1149 4175 1672 4249; x_wconf 83' lang='grc' dir='ltr'><strong>σεμνοπρεπεστάτη</strong></span> 
     </span>
    </p>
   </div>
   <div class='ocr_carea' id='block_1_46' title="bbox 129 4261 1675 4342">
    <p class='ocr_par' dir='ltr' id='par_1_46' title="bbox 129 4261 1675 4342">
     <span class='ocr_line' id='line_1_46' title="bbox 129 4261 1675 4342; baseline 0.008 -32"><span class='ocrx_word' id='word_1_321' title='bbox 129 4261 381 4329; x_wconf 75' lang='grc' dir='ltr'><strong>πρεσϐῦτις</strong></span> <span class='ocrx_word' id='word_1_322' title='bbox 407 4264 751 4337; x_wconf 83' lang='grc' dir='ltr'><strong>Μερκουρία,</strong></span> <span class='ocrx_word' id='word_1_323' title='bbox 778 4267 924 4339; x_wconf 76' lang='grc' dir='ltr'><strong>καὶὴ</strong></span> <span class='ocrx_word' id='word_1_324' title='bbox 950 4266 1220 4330; x_wconf 84' lang='grc' dir='ltr'><strong>πολύπαις</strong></span> <span class='ocrx_word' id='word_1_325' title='bbox 1249 4267 1370 4338; x_wconf 86' lang='grc' dir='ltr'><strong>μὲν,</strong></span> <span class='ocrx_word' id='word_1_326' title='bbox 1402 4268 1499 4340; x_wconf 81' lang='grc' dir='ltr'><strong>οὐχ</strong></span> <span class='ocrx_word' id='word_1_327' title='bbox 1532 4269 1675 4342; x_wconf 82' lang='grc' dir='ltr'><strong>ὑπὲρ</strong></span> 
     </span>
    </p>
   </div>
   <div class='ocr_carea' id='block_1_47' title="bbox 127 4348 1672 4429">
    <p class='ocr_par' dir='ltr' id='par_1_47' title="bbox 127 4348 1672 4429">
     <span class='ocr_line' id='line_1_47' title="bbox 127 4348 1672 4429; baseline 0.01 -29"><span class='ocrx_word' id='word_1_328' title='bbox 127 4348 196 4402; x_wconf 81' lang='grc' dir='ltr'><strong>τὸν</strong></span> <span class='ocrx_word' id='word_1_329' title='bbox 228 4352 414 4425; x_wconf 77' lang='grc' dir='ltr'><strong>Κύριον</strong></span> <span class='ocrx_word' id='word_1_330' title='bbox 446 4355 507 4409; x_wconf 80' lang='grc' dir='ltr'><strong>δὲ</strong></span> <span class='ocrx_word' id='word_1_331' title='bbox 551 4357 888 4429; x_wconf 80' lang='grc' dir='ltr'><strong>ἀγαπήσασα</strong></span> <span class='ocrx_word' id='word_1_332' title='bbox 933 4357 1135 4428; x_wconf 77' lang='grc' dir='ltr'><strong>ἑαυτῆς</strong></span> <span class='ocrx_word' id='word_1_333' title='bbox 1174 4357 1244 4412; x_wconf 82' lang='grc' dir='ltr'><strong>τὰ</strong></span> <span class='ocrx_word' id='word_1_334' title='bbox 1276 4357 1442 4414; x_wconf 82' lang='grc' dir='ltr'><strong>τέκνα</strong></span> <span class='ocrx_word' id='word_1_335' title='bbox 1484 4361 1672 4414; x_wconf 83' lang='grc' dir='ltr'><strong>Διονυ-</strong></span> 
     </span>
    </p>
   </div>
   <div class='ocr_carea' id='block_1_48' title="bbox 130 4439 1670 4522">
    <p class='ocr_par' dir='ltr' id='par_1_48' title="bbox 130 4439 1670 4522">
     <span class='ocr_line' id='line_1_48' title="bbox 130 4439 1670 4522; baseline 0.002 -19"><span class='ocrx_word' id='word_1_336' title='bbox 130 4439 199 4493; x_wconf 78' lang='grc' dir='ltr'><strong>σία</strong></span> <span class='ocrx_word' id='word_1_337' title='bbox 217 4445 338 4516; x_wconf 70' lang='grc'><strong>(20),</strong></span> <span class='ocrx_word' id='word_1_338' title='bbox 359 4448 456 4502; x_wconf 74' lang='grc' dir='ltr'><strong>καὶ</strong></span> <span class='ocrx_word' id='word_1_339' title='bbox 498 4449 882 4522; x_wconf 85' lang='grc' dir='ltr'><strong>Ἀμμωνάριον</strong></span> <span class='ocrx_word' id='word_1_340' title='bbox 911 4451 1094 4522; x_wconf 75' lang='grc' dir='ltr'><strong>ἑτέρα,</strong></span> <span class='ocrx_word' id='word_1_341' title='bbox 1119 4451 1562 4517; x_wconf 84' lang='grc' dir='ltr'><strong>καταιδεσθέντος</strong></span> <span class='ocrx_word' id='word_1_342' title='bbox 1589 4451 1670 4518; x_wconf 85' lang='grc' dir='ltr'><strong>είς</strong></span> 
     </span>
    </p>
   </div>
   <div class='ocr_carea' id='block_1_49' title="bbox 1785 589 3365 662">
    <p class='ocr_par' dir='ltr' id='par_1_49' title="bbox 1785 589 3365 662">
     <span class='ocr_line' id='line_1_49' title="bbox 1785 589 3365 662; baseline -0.001 -17"><span class='ocrx_word' id='word_1_343' title='bbox 1785 592 2066 658; x_wconf 89' lang='lat' dir='ltr'><strong>mebundi,</strong></span> <span class='ocrx_word' id='word_1_344' title='bbox 2111 592 2265 662; x_wconf 90' lang='lat' dir='ltr'><strong>quasi</strong></span> <span class='ocrx_word' id='word_1_345' title='bbox 2305 607 2409 647; x_wconf 91' lang='lat' dir='ltr'><strong>non</strong></span> <span class='ocrx_word' id='word_1_346' title='bbox 2455 591 2840 657; x_wconf 84' lang='lat' dir='ltr'><strong>sacriﬁcaturi,</strong></span> <span class='ocrx_word' id='word_1_347' title='bbox 2883 589 2978 645; x_wconf 88' lang='lat' dir='ltr'><strong>sed</strong></span> <span class='ocrx_word' id='word_1_348' title='bbox 3031 589 3131 659; x_wconf 86' lang='lat' dir='ltr'><strong>ipsi</strong></span> <span class='ocrx_word' id='word_1_349' title='bbox 3182 591 3365 659; x_wconf 90' lang='lat' dir='ltr'><strong>potius</strong></span> 
     </span>
    </p>
   </div>
   <div class='ocr_carea' id='block_1_50' title="bbox 1785 681 3366 739">
    <p class='ocr_par' dir='ltr' id='par_1_50' title="bbox 1785 681 3366 739">
     <span class='ocr_line' id='line_1_50' title="bbox 1785 681 3366 739; baseline 0.001 -3"><span class='ocrx_word' id='word_1_350' title='bbox 1785 683 2127 739; x_wconf 72' lang='lat' dir='ltr'><strong>victimarum</strong></span> <span class='ocrx_word' id='word_1_351' title='bbox 2158 685 2280 739; x_wconf 93' lang='lat' dir='ltr'><strong>loco</strong></span> <span class='ocrx_word' id='word_1_352' title='bbox 2308 681 2466 738; x_wconf 86' lang='lat' dir='ltr'><strong>idolis</strong></span> <span class='ocrx_word' id='word_1_353' title='bbox 2495 682 2809 737; x_wconf 78' lang='lat' dir='ltr'><strong>immolandi</strong></span> <span class='ocrx_word' id='word_1_354' title='bbox 2841 692 3043 737; x_wconf 91' lang='lat' dir='ltr'><strong>essent.</strong></span> <span class='ocrx_word' id='word_1_355' title='bbox 3072 683 3220 737; x_wconf 84' lang='lat' dir='ltr'><strong>Adeo</strong></span> <span class='ocrx_word' id='word_1_356' title='bbox 3247 693 3305 736; x_wconf 90' lang='lat' dir='ltr'><strong>ut</strong></span> <span class='ocrx_word' id='word_1_357' title='bbox 3334 699 3366 738; x_wconf 65' lang='grc' dir='ltr'>ι</span> 
     </span>
    </p>
   </div>
   <div class='ocr_carea' id='block_1_51' title="bbox 1785 775 3366 847">
    <p class='ocr_par' dir='ltr' id='par_1_51' title="bbox 1785 775 3366 847">
     <span class='ocr_line' id='line_1_51' title="bbox 1785 775 3366 847; baseline 0.001 -17"><span class='ocrx_word' id='word_1_358' title='bbox 1785 776 2180 832; x_wconf 89' lang='lat' dir='ltr'><strong>circumstante</strong></span> <span class='ocrx_word' id='word_1_359' title='bbox 2209 775 2552 830; x_wconf 73' lang='lat' dir='ltr'><strong>multitudine</strong></span> <span class='ocrx_word' id='word_1_360' title='bbox 2591 776 2976 831; x_wconf 89' lang='lat' dir='ltr'><strong>deriderentur</strong></span> <span class='ocrx_word' id='word_1_361' title='bbox 3005 794 3017 830; x_wconf 92' lang='lat'>:</span> <span class='ocrx_word' id='word_1_362' title='bbox 3049 777 3246 847; x_wconf 85' lang='lat' dir='ltr'><strong>quippe</strong></span> <span class='ocrx_word' id='word_1_363' title='bbox 3275 777 3366 847; x_wconf 90' lang='lat' dir='ltr'><strong>qui</strong></span> 
     </span>
    </p>
   </div>
   <div class='ocr_carea' id='block_1_52' title="bbox 1783 867 3362 937">
    <p class='ocr_par' dir='ltr' id='par_1_52' title="bbox 1783 867 3362 937">
     <span class='ocr_line' id='line_1_52' title="bbox 1783 867 3362 937; baseline 0.003 -16"><span class='ocrx_word' id='word_1_364' title='bbox 1783 867 1962 937; x_wconf 85' lang='lat' dir='ltr'><strong>palam</strong></span> <span class='ocrx_word' id='word_1_365' title='bbox 1995 869 2248 924; x_wconf 89' lang='lat' dir='ltr'><strong>omnibus</strong></span> <span class='ocrx_word' id='word_1_366' title='bbox 2270 868 2643 934; x_wconf 89' lang='lat' dir='ltr'><strong>ostenderent,</strong></span> <span class='ocrx_word' id='word_1_367' title='bbox 2669 885 2727 924; x_wconf 90' lang='lat' dir='ltr'><strong>se</strong></span> <span class='ocrx_word' id='word_1_368' title='bbox 2755 878 2864 925; x_wconf 83' lang='lat' dir='ltr'><strong>tum</strong></span> <span class='ocrx_word' id='word_1_369' title='bbox 2892 870 2958 925; x_wconf 90' lang='lat' dir='ltr'><strong>ad</strong></span> <span class='ocrx_word' id='word_1_370' title='bbox 2991 871 3362 936; x_wconf 90' lang='lat' dir='ltr'><strong>moriendum,</strong></span> 
     </span>
    </p>
   </div>
   <div class='ocr_carea' id='block_1_53' title="bbox 1788 959 3369 1031">
    <p class='ocr_par' dir='ltr' id='par_1_53' title="bbox 1788 959 3369 1031">
     <span class='ocr_line' id='line_1_53' title="bbox 1788 959 3369 1031; baseline 0.003 -17"><span class='ocrx_word' id='word_1_371' title='bbox 1788 969 1897 1014; x_wconf 91' lang='lat' dir='ltr'><strong>tum</strong></span> <span class='ocrx_word' id='word_1_372' title='bbox 1921 959 1986 1015; x_wconf 86' lang='lat' dir='ltr'><strong>ad</strong></span> <span class='ocrx_word' id='word_1_373' title='bbox 2021 960 2438 1016; x_wconf 82' lang='lat' dir='ltr'><strong>sacriﬁcandum</strong></span> <span class='ocrx_word' id='word_1_374' title='bbox 2480 963 2678 1031; x_wconf 88' lang='lat' dir='ltr'><strong>pusillo</strong></span> <span class='ocrx_word' id='word_1_375' title='bbox 2706 963 2890 1016; x_wconf 91' lang='lat' dir='ltr'><strong>animo</strong></span> <span class='ocrx_word' id='word_1_376' title='bbox 2920 978 3061 1018; x_wconf 90' lang='lat' dir='ltr'><strong>esse.</strong></span> <span class='ocrx_word' id='word_1_377' title='bbox 3094 963 3197 1016; x_wconf 80' lang='lat' dir='ltr'><strong>Alii</strong></span> <span class='ocrx_word' id='word_1_378' title='bbox 3237 978 3369 1019; x_wconf 86' lang='lat' dir='ltr'><strong>vero</strong></span> 
     </span>
    </p>
   </div>
   <div class='ocr_carea' id='block_1_54' title="bbox 1785 1051 3372 1121">
    <p class='ocr_par' dir='ltr' id='par_1_54' title="bbox 1785 1051 3372 1121">
     <span class='ocr_line' id='line_1_54' title="bbox 1785 1051 3372 1121; baseline 0.003 -17"><span class='ocrx_word' id='word_1_379' title='bbox 1785 1051 2086 1121; x_wconf 85' lang='lat' dir='ltr'><strong>promptius</strong></span> <span class='ocrx_word' id='word_1_380' title='bbox 2109 1051 2176 1104; x_wconf 87' lang='lat' dir='ltr'><strong>ad</strong></span> <span class='ocrx_word' id='word_1_381' title='bbox 2207 1066 2332 1107; x_wconf 89' lang='lat' dir='ltr'><strong>aras</strong></span> <span class='ocrx_word' id='word_1_382' title='bbox 2357 1051 3014 1117; x_wconf 87' lang='lat' dir='ltr'><strong>accurrehant,audacter</strong></span> <span class='ocrx_word' id='word_1_383' title='bbox 3037 1052 3372 1113; x_wconf 78' lang='lat' dir='ltr'><strong>aﬂirmantes</strong></span> 
     </span>
    </p>
   </div>
   <div class='ocr_carea' id='block_1_55' title="bbox 1785 1126 3372 1210">
    <p class='ocr_par' dir='ltr' id='par_1_55' title="bbox 1785 1126 3372 1210">
     <span class='ocr_line' id='line_1_55' title="bbox 1785 1126 3372 1210; baseline 0.001 -16"><span class='ocrx_word' id='word_1_384' title='bbox 1785 1155 2062 1210; x_wconf 88' lang='lat' dir='ltr'><strong>nunquam</strong></span> <span class='ocrx_word' id='word_1_385' title='bbox 2098 1155 2157 1196; x_wconf 85' lang='lat' dir='ltr'><strong>se</strong></span> <span class='ocrx_word' id='word_1_386' title='bbox 2210 1149 2375 1195; x_wconf 87' lang='lat' dir='ltr'><strong>antea</strong></span> <span class='ocrx_word' id='word_1_387' title='bbox 2426 1126 2765 1195; x_wconf 83' lang='lat' dir='ltr'><strong>Christianos</strong></span> <span class='ocrx_word' id='word_1_388' title='bbox 2809 1139 2997 1195; x_wconf 88' lang='lat' dir='ltr'><strong>fuisse.</strong></span> <span class='ocrx_word' id='word_1_389' title='bbox 3042 1141 3118 1195; x_wconf 91' lang='lat' dir='ltr'><strong>De</strong></span> <span class='ocrx_word' id='word_1_390' title='bbox 3171 1141 3372 1210; x_wconf 91' lang='lat' dir='ltr'><strong>quibus</strong></span> 
     </span>
    </p>
   </div>
   <div class='ocr_carea' id='block_1_56' title="bbox 1784 1230 3368 1302">
    <p class='ocr_par' dir='ltr' id='par_1_56' title="bbox 1784 1230 3368 1302">
     <span class='ocr_line' id='line_1_56' title="bbox 1784 1230 3368 1302; baseline -0.001 -16"><span class='ocrx_word' id='word_1_391' title='bbox 1784 1232 2069 1288; x_wconf 82' lang='lat' dir='ltr'><strong>verissime</strong></span> <span class='ocrx_word' id='word_1_392' title='bbox 2092 1231 2342 1302; x_wconf 72' lang='lat' dir='ltr'><strong>przcdixit</strong></span> <span class='ocrx_word' id='word_1_393' title='bbox 2369 1231 2498 1286; x_wconf 88' lang='lat' dir='ltr'><strong>olim</strong></span> <span class='ocrx_word' id='word_1_394' title='bbox 2525 1232 2811 1295; x_wconf 87' lang='lat' dir='ltr'><strong>Dominus,</strong></span> <span class='ocrx_word' id='word_1_395' title='bbox 2832 1230 3093 1299; x_wconf 83' lang='lat' dir='ltr'><strong>ejusmodi</strong></span> <span class='ocrx_word' id='word_1_396' title='bbox 3117 1231 3368 1286; x_wconf 86' lang='lat' dir='ltr'><strong>homines</strong></span> 
     </span>
    </p>
   </div>
   <div class='ocr_carea' id='block_1_57' title="bbox 1784 1323 3368 1394">
    <p class='ocr_par' dir='ltr' id='par_1_57' title="bbox 1784 1323 3368 1394">
     <span class='ocr_line' id='line_1_57' title="bbox 1784 1323 3368 1394; baseline -0.001 -17"><span class='ocrx_word' id='word_1_397' title='bbox 1784 1337 1928 1394; x_wconf 48' lang='lat' dir='ltr'><strong>argre</strong></span> <span class='ocrx_word' id='word_1_398' title='bbox 1977 1323 2206 1378; x_wconf 81' lang='lat' dir='ltr'><strong>salutem</strong></span> <span class='ocrx_word' id='word_1_399' title='bbox 2243 1334 2656 1379; x_wconf 87' lang='lat' dir='ltr'><strong>consecuturos.</strong></span> <span class='ocrx_word' id='word_1_400' title='bbox 2706 1324 2897 1379; x_wconf 63' lang='lat' dir='ltr'><strong>Casteri</strong></span> <span class='ocrx_word' id='word_1_401' title='bbox 2944 1333 3122 1377; x_wconf 86' lang='lat' dir='ltr'><strong>autem</strong></span> <span class='ocrx_word' id='word_1_402' title='bbox 3171 1324 3368 1392; x_wconf 84' lang='lat' dir='ltr'><strong>partim</strong></span> 
     </span>
    </p>
   </div>
   <div class='ocr_carea' id='block_1_58' title="bbox 1785 1415 3365 1486">
    <p class='ocr_par' dir='ltr' id='par_1_58' title="bbox 1785 1415 3365 1486">
     <span class='ocr_line' id='line_1_58' title="bbox 1785 1415 3365 1486; baseline -0.003 -15"><span class='ocrx_word' id='word_1_403' title='bbox 1785 1415 2082 1471; x_wconf 90' lang='lat' dir='ltr'><strong>alterutros</strong></span> <span class='ocrx_word' id='word_1_404' title='bbox 2113 1429 2303 1469; x_wconf 91' lang='lat' dir='ltr'><strong>eorum</strong></span> <span class='ocrx_word' id='word_1_405' title='bbox 2335 1429 2473 1484; x_wconf 90' lang='lat' dir='ltr'><strong>quos</strong></span> <span class='ocrx_word' id='word_1_406' title='bbox 2500 1415 2737 1470; x_wconf 78' lang='lat' dir='ltr'><strong>diximus</strong></span> <span class='ocrx_word' id='word_1_407' title='bbox 2759 1416 3147 1486; x_wconf 87' lang='lat' dir='ltr'><strong>sequebantur,</strong></span> <span class='ocrx_word' id='word_1_408' title='bbox 3170 1415 3365 1485; x_wconf 87' lang='lat' dir='ltr'><strong>partim</strong></span> 
     </span>
    </p>
   </div>
   <div class='ocr_carea' id='block_1_59' title="bbox 1785 1507 3366 1580">
    <p class='ocr_par' dir='ltr' id='par_1_59' title="bbox 1785 1507 3366 1580">
     <span class='ocr_line' id='line_1_59' title="bbox 1785 1507 3366 1580; baseline 0 -16"><span class='ocrx_word' id='word_1_409' title='bbox 1785 1523 1846 1564; x_wconf 90' lang='lat' dir='ltr'><strong>se</strong></span> <span class='ocrx_word' id='word_1_410' title='bbox 1872 1508 1926 1562; x_wconf 90' lang='lat' dir='ltr'><strong>iu</strong></span> <span class='ocrx_word' id='word_1_411' title='bbox 1957 1508 2141 1579; x_wconf 91' lang='lat' dir='ltr'><strong>fugam</strong></span> <span class='ocrx_word' id='word_1_412' title='bbox 2171 1507 2387 1573; x_wconf 87' lang='lat' dir='ltr'><strong>dabant,</strong></span> <span class='ocrx_word' id='word_1_413' title='bbox 2413 1509 2611 1576; x_wconf 87' lang='lat' dir='ltr'><strong>partim</strong></span> <span class='ocrx_word' id='word_1_414' title='bbox 2632 1511 3262 1580; x_wconf 83' lang='lat' dir='ltr'><strong>compreltendebantur.</strong></span> <span class='ocrx_word' id='word_1_415' title='bbox 3288 1510 3366 1564; x_wconf 66' lang='grc' dir='ltr'><strong>ΕΣ</strong></span> 
     </span>
    </p>
   </div>
   <div class='ocr_carea' id='block_1_60' title="bbox 1785 1600 3365 1671">
    <p class='ocr_par' dir='ltr' id='par_1_60' title="bbox 1785 1600 3365 1671">
     <span class='ocr_line' id='line_1_60' title="bbox 1785 1600 3365 1671; baseline 0.001 -17"><span class='ocrx_word' id='word_1_416' title='bbox 1785 1602 1984 1671; x_wconf 87' lang='lat' dir='ltr'><strong>quibus</strong></span> <span class='ocrx_word' id='word_1_417' title='bbox 2018 1600 2258 1656; x_wconf 90' lang='lat' dir='ltr'><strong>nonnulli</strong></span> <span class='ocrx_word' id='word_1_418' title='bbox 2283 1615 2405 1655; x_wconf 92' lang='lat' dir='ltr'><strong>cum</strong></span> <span class='ocrx_word' id='word_1_419' title='bbox 2431 1617 2604 1671; x_wconf 87' lang='lat' dir='ltr'><strong>usque</strong></span> <span class='ocrx_word' id='word_1_420' title='bbox 2635 1604 2701 1656; x_wconf 90' lang='lat' dir='ltr'><strong>ad</strong></span> <span class='ocrx_word' id='word_1_421' title='bbox 2730 1603 2942 1656; x_wconf 79' lang='lat' dir='ltr'><strong>vincula</strong></span> <span class='ocrx_word' id='word_1_422' title='bbox 2975 1613 3029 1658; x_wconf 92' lang='lat' dir='ltr'><strong>et</strong></span> <span class='ocrx_word' id='word_1_423' title='bbox 3057 1604 3365 1659; x_wconf 78' lang='lat' dir='ltr'><strong>custodiam</strong></span> 
     </span>
    </p>
   </div>
   <div class='ocr_carea' id='block_1_61' title="bbox 1785 1693 3366 1765">
    <p class='ocr_par' dir='ltr' id='par_1_61' title="bbox 1785 1693 3366 1765">
     <span class='ocr_line' id='line_1_61' title="bbox 1785 1693 3366 1765; baseline -0.001 -16"><span class='ocrx_word' id='word_1_424' title='bbox 1785 1694 2054 1765; x_wconf 77' lang='lat' dir='ltr'><strong>progressi</strong></span> <span class='ocrx_word' id='word_1_425' title='bbox 2115 1701 2324 1759; x_wconf 88' lang='lat' dir='ltr'><strong>essent,</strong></span> <span class='ocrx_word' id='word_1_426' title='bbox 2358 1693 2580 1762; x_wconf 89' lang='lat' dir='ltr'><strong>quidam</strong></span> <span class='ocrx_word' id='word_1_427' title='bbox 2611 1694 2775 1748; x_wconf 89' lang='lat' dir='ltr'><strong>etiam</strong></span> <span class='ocrx_word' id='word_1_428' title='bbox 2827 1694 3104 1764; x_wconf 90' lang='lat' dir='ltr'><strong>plusculos</strong></span> <span class='ocrx_word' id='word_1_429' title='bbox 3138 1695 3255 1750; x_wconf 87' lang='lat' dir='ltr'><strong>dies</strong></span> <span class='ocrx_word' id='word_1_430' title='bbox 3311 1695 3366 1749; x_wconf 90' lang='lat' dir='ltr'><strong>in</strong></span> 
     </span>
    </p>
   </div>
   <div class='ocr_carea' id='block_1_62' title="bbox 1785 1784 3367 1856">
    <p class='ocr_par' dir='ltr' id='par_1_62' title="bbox 1785 1784 3367 1856">
     <span class='ocr_line' id='line_1_62' title="bbox 1785 1784 3367 1856; baseline -0.001 -15"><span class='ocrx_word' id='word_1_431' title='bbox 1785 1799 2010 1842; x_wconf 89' lang='lat' dir='ltr'><strong>carcere</strong></span> <span class='ocrx_word' id='word_1_432' title='bbox 2053 1785 2467 1855; x_wconf 88' lang='lat' dir='ltr'><strong>perstitissent,</strong></span> <span class='ocrx_word' id='word_1_433' title='bbox 2502 1785 2656 1856; x_wconf 71' lang='lat' dir='ltr'><strong>prius</strong></span> <span class='ocrx_word' id='word_1_434' title='bbox 2703 1795 2882 1839; x_wconf 87' lang='lat' dir='ltr'><strong>tamen</strong></span> <span class='ocrx_word' id='word_1_435' title='bbox 2919 1800 3083 1855; x_wconf 90' lang='lat' dir='ltr'><strong>quam</strong></span> <span class='ocrx_word' id='word_1_436' title='bbox 3130 1785 3188 1839; x_wconf 92' lang='lat' dir='ltr'><strong>in</strong></span> <span class='ocrx_word' id='word_1_437' title='bbox 3218 1784 3367 1853; x_wconf 86' lang='lat' dir='ltr'><strong>judi-</strong></span> 
     </span>
    </p>
   </div>
   <div class='ocr_carea' id='block_1_63' title="bbox 1784 1875 3366 1945">
    <p class='ocr_par' dir='ltr' id='par_1_63' title="bbox 1784 1875 3366 1945">
     <span class='ocr_line' id='line_1_63' title="bbox 1784 1875 3366 1945; baseline 0 -11"><span class='ocrx_word' id='word_1_438' title='bbox 1784 1879 1925 1934; x_wconf 89' lang='lat' dir='ltr'><strong>cium</strong></span> <span class='ocrx_word' id='word_1_439' title='bbox 1949 1877 2366 1945; x_wconf 86' lang='lat' dir='ltr'><strong>inducerentur,</strong></span> <span class='ocrx_word' id='word_1_440' title='bbox 2402 1877 2562 1934; x_wconf 92' lang='lat' dir='ltr'><strong>ﬁdem</strong></span> <span class='ocrx_word' id='word_1_441' title='bbox 2596 1877 2908 1944; x_wconf 83' lang='lat' dir='ltr'><strong>eiuraruut.</strong></span> <span class='ocrx_word' id='word_1_442' title='bbox 2956 1875 3210 1932; x_wconf 85' lang='lat' dir='ltr'><strong>Nonnulli</strong></span> <span class='ocrx_word' id='word_1_443' title='bbox 3239 1893 3366 1934; x_wconf 91' lang='lat' dir='ltr'><strong>vero</strong></span> 
     </span>
    </p>
   </div>
   <div class='ocr_carea' id='block_1_64' title="bbox 1783 1968 3366 2040">
    <p class='ocr_par' dir='ltr' id='par_1_64' title="bbox 1783 1968 3366 2040">
     <span class='ocr_line' id='line_1_64' title="bbox 1783 1968 3366 2040; baseline 0.001 -15"><span class='ocrx_word' id='word_1_444' title='bbox 1783 1984 1905 2025; x_wconf 90' lang='lat' dir='ltr'><strong>cum</strong></span> <span class='ocrx_word' id='word_1_445' title='bbox 1947 1969 2266 2040; x_wconf 88' lang='lat' dir='ltr'><strong>aliquandiu</strong></span> <span class='ocrx_word' id='word_1_446' title='bbox 2296 1979 2566 2026; x_wconf 88' lang='lat' dir='ltr'><strong>tormenta</strong></span> <span class='ocrx_word' id='word_1_447' title='bbox 2599 1968 2814 2026; x_wconf 80' lang='lat' dir='ltr'><strong>fortiter</strong></span> <span class='ocrx_word' id='word_1_448' title='bbox 2847 1970 3259 2034; x_wconf 87' lang='lat' dir='ltr'><strong>sustinuissent,</strong></span> <span class='ocrx_word' id='word_1_449' title='bbox 3297 1971 3366 2026; x_wconf 87' lang='lat' dir='ltr'><strong>ad</strong></span> 
     </span>
    </p>
   </div>
   <div class='ocr_carea' id='block_1_65' title="bbox 1783 2062 3366 2133">
    <p class='ocr_par' dir='ltr' id='par_1_65' title="bbox 1783 2062 3366 2133">
     <span class='ocr_line' id='line_1_65' title="bbox 1783 2062 3366 2133; baseline -0.002 -14"><span class='ocrx_word' id='word_1_450' title='bbox 1783 2062 1990 2132; x_wconf 88' lang='lat' dir='ltr'><strong>reliqua</strong></span> <span class='ocrx_word' id='word_1_451' title='bbox 2013 2077 2136 2132; x_wconf 70' lang='lat' dir='ltr'><strong>quae</strong></span> <span class='ocrx_word' id='word_1_452' title='bbox 2158 2063 2576 2118; x_wconf 88' lang='lat' dir='ltr'><strong>intentabantur</strong></span> <span class='ocrx_word' id='word_1_453' title='bbox 2601 2063 2868 2133; x_wconf 88' lang='lat' dir='ltr'><strong>supplicia</strong></span> <span class='ocrx_word' id='word_1_454' title='bbox 2889 2064 3102 2117; x_wconf 86' lang='lat' dir='ltr'><strong>animos</strong></span> <span class='ocrx_word' id='word_1_455' title='bbox 3132 2063 3366 2131; x_wconf 78' lang='lat' dir='ltr'><strong>despon-</strong></span> 
     </span>
    </p>
   </div>
   <div class='ocr_carea' id='block_1_66' title="bbox 1783 2153 3390 2210">
    <p class='ocr_par' dir='ltr' id='par_1_66' title="bbox 1783 2153 3390 2210">
     <span class='ocr_line' id='line_1_66' title="bbox 1783 2153 3390 2210; baseline -0.001 -2"><span class='ocrx_word' id='word_1_456' title='bbox 1783 2154 2002 2208; x_wconf 84' lang='lat' dir='ltr'><strong>dcrunt.</strong></span> <span class='ocrx_word' id='word_1_457' title='bbox 2031 2153 2233 2210; x_wconf 81' lang='lat' dir='ltr'><strong>Verum</strong></span> <span class='ocrx_word' id='word_1_458' title='bbox 2260 2155 2402 2209; x_wconf 89' lang='lat' dir='ltr'><strong>beati</strong></span> <span class='ocrx_word' id='word_1_459' title='bbox 2437 2154 2510 2208; x_wconf 92' lang='lat' dir='ltr'><strong>illi</strong></span> <span class='ocrx_word' id='word_1_460' title='bbox 2536 2170 2600 2208; x_wconf 90' lang='lat' dir='ltr'><strong>ac</strong></span> <span class='ocrx_word' id='word_1_461' title='bbox 2625 2156 2850 2210; x_wconf 85' lang='lat' dir='ltr'><strong>stabiles</strong></span> <span class='ocrx_word' id='word_1_462' title='bbox 2876 2155 3145 2210; x_wconf 66' lang='lat' dir='ltr'><strong>columnae</strong></span> <span class='ocrx_word' id='word_1_463' title='bbox 3180 2154 3390 2209; x_wconf 66' lang='lat' dir='ltr'><strong>Domi-</strong></span> 
     </span>
    </p>
   </div>
   <div class='ocr_carea' id='block_1_67' title="bbox 1783 2236 3408 2319">
    <p class='ocr_par' dir='ltr' id='par_1_67' title="bbox 1783 2236 3408 2319">
     <span class='ocr_line' id='line_1_67' title="bbox 1783 2236 3408 2319; baseline 0 -18"><span class='ocrx_word' id='word_1_464' title='bbox 1783 2246 1858 2312; x_wconf 91' lang='lat' dir='ltr'><strong>ni,</strong></span> <span class='ocrx_word' id='word_1_465' title='bbox 1883 2247 1952 2302; x_wconf 90' lang='lat' dir='ltr'><strong>ab</strong></span> <span class='ocrx_word' id='word_1_466' title='bbox 1974 2247 2091 2318; x_wconf 91' lang='lat' dir='ltr'><strong>ipso</strong></span> <span class='ocrx_word' id='word_1_467' title='bbox 2115 2247 2448 2311; x_wconf 87' lang='lat' dir='ltr'><strong>conﬁrmati,</strong></span> <span class='ocrx_word' id='word_1_468' title='bbox 2481 2257 2535 2302; x_wconf 89' lang='lat' dir='ltr'><strong>et</strong></span> <span class='ocrx_word' id='word_1_469' title='bbox 2563 2247 2686 2302; x_wconf 86' lang='lat' dir='ltr'><strong>fidei</strong></span> <span class='ocrx_word' id='word_1_470' title='bbox 2713 2263 2825 2304; x_wconf 74' lang='lat' dir='ltr'><strong>suae</strong></span> <span class='ocrx_word' id='word_1_471' title='bbox 2849 2248 3032 2303; x_wconf 89' lang='lat' dir='ltr'><strong>robori</strong></span> <span class='ocrx_word' id='word_1_472' title='bbox 3063 2262 3370 2319; x_wconf 82' lang='lat' dir='ltr'><strong>congruen-</strong></span> <span class='ocrx_word' id='word_1_473' title='bbox 3399 2236 3408 2244; x_wconf 84' lang='grc'><em>’</em></span> 
     </span>
    </p>
   </div>
   <div class='ocr_carea' id='block_1_68' title="bbox 1784 2338 3368 2410">
    <p class='ocr_par' dir='ltr' id='par_1_68' title="bbox 1784 2338 3368 2410">
     <span class='ocr_line' id='line_1_68' title="bbox 1784 2338 3368 2410; baseline -0.002 -15"><span class='ocrx_word' id='word_1_474' title='bbox 1784 2347 1868 2395; x_wconf 87' lang='lat' dir='ltr'><strong>tes</strong></span> <span class='ocrx_word' id='word_1_475' title='bbox 1914 2346 1971 2394; x_wconf 90' lang='lat' dir='ltr'><strong>et</strong></span> <span class='ocrx_word' id='word_1_476' title='bbox 2000 2352 2067 2394; x_wconf 76' lang='lat' dir='ltr'><strong>ex</strong></span> <span class='ocrx_word' id='word_1_477' title='bbox 2103 2353 2260 2410; x_wconf 66' lang='lat' dir='ltr'><strong>aequo</strong></span> <span class='ocrx_word' id='word_1_478' title='bbox 2303 2340 2719 2407; x_wconf 88' lang='lat' dir='ltr'><strong>respondentem</strong></span> <span class='ocrx_word' id='word_1_479' title='bbox 2755 2338 2864 2393; x_wconf 86' lang='lat' dir='ltr'><strong>vim</strong></span> <span class='ocrx_word' id='word_1_480' title='bbox 2914 2349 3080 2409; x_wconf 90' lang='lat' dir='ltr'><strong>atque</strong></span> <span class='ocrx_word' id='word_1_481' title='bbox 3116 2351 3368 2394; x_wconf 83' lang='lat' dir='ltr'><strong>constan-</strong></span> 
     </span>
    </p>
   </div>
   <div class='ocr_carea' id='block_1_69' title="bbox 1787 2428 3366 2502">
    <p class='ocr_par' dir='ltr' id='par_1_69' title="bbox 1787 2428 3366 2502">
     <span class='ocr_line' id='line_1_69' title="bbox 1787 2428 3366 2502; baseline 0.001 -18"><span class='ocrx_word' id='word_1_482' title='bbox 1787 2428 1912 2484; x_wconf 86' lang='lat' dir='ltr'><strong>tiam</strong></span> <span class='ocrx_word' id='word_1_483' title='bbox 1969 2430 2138 2494; x_wconf 89' lang='lat' dir='ltr'><strong>ttacti,</strong></span> <span class='ocrx_word' id='word_1_484' title='bbox 2193 2429 2548 2485; x_wconf 87' lang='lat' dir='ltr'><strong>admirabiles</strong></span> <span class='ocrx_word' id='word_1_485' title='bbox 2593 2431 2742 2502; x_wconf 84' lang='lat' dir='ltr'><strong>regni</strong></span> <span class='ocrx_word' id='word_1_486' title='bbox 2781 2430 2924 2486; x_wconf 87' lang='lat' dir='ltr'><strong>illius</strong></span> <span class='ocrx_word' id='word_1_487' title='bbox 2975 2441 3140 2486; x_wconf 86' lang='lat' dir='ltr'><strong>testes</strong></span> <span class='ocrx_word' id='word_1_488' title='bbox 3187 2429 3366 2486; x_wconf 85' lang='lat' dir='ltr'><strong>cﬁ&#39;ecti</strong></span> 
     </span>
    </p>
   </div>
   <div class='ocr_carea' id='block_1_70' title="bbox 1783 2521 3366 2595">
    <p class='ocr_par' dir='ltr' id='par_1_70' title="bbox 1783 2521 3366 2595">
     <span class='ocr_line' id='line_1_70' title="bbox 1783 2521 3366 2595; baseline 0.001 -17"><span class='ocrx_word' id='word_1_489' title='bbox 1783 2533 1930 2578; x_wconf 87' lang='lat' dir='ltr'><strong>sunt.</strong></span> <span class='ocrx_word' id='word_1_490' title='bbox 1956 2521 2202 2590; x_wconf 84' lang='lat' dir='ltr'><strong>Quorum</strong></span> <span class='ocrx_word' id='word_1_491' title='bbox 2232 2521 2506 2591; x_wconf 81' lang='lat' dir='ltr'><strong>Julianus,</strong></span> <span class='ocrx_word' id='word_1_492' title='bbox 2533 2525 2618 2578; x_wconf 92' lang='lat' dir='ltr'><strong>vir</strong></span> <span class='ocrx_word' id='word_1_493' title='bbox 2644 2524 2903 2595; x_wconf 65' lang='lat' dir='ltr'><strong>podagrae</strong></span> <span class='ocrx_word' id='word_1_494' title='bbox 2925 2524 3204 2581; x_wconf 86' lang='lat' dir='ltr'><strong>doloribus</strong></span> <span class='ocrx_word' id='word_1_495' title='bbox 3229 2539 3366 2580; x_wconf 86' lang='lat' dir='ltr'><strong>con-</strong></span> 
     </span>
    </p>
   </div>
   <div class='ocr_carea' id='block_1_71' title="bbox 1784 2613 3367 2686">
    <p class='ocr_par' dir='ltr' id='par_1_71' title="bbox 1784 2613 3367 2686">
     <span class='ocr_line' id='line_1_71' title="bbox 1784 2613 3367 2686; baseline 0 -16"><span class='ocrx_word' id='word_1_496' title='bbox 1784 2613 2030 2680; x_wconf 73' lang='lat' dir='ltr'><strong>Strictus,</strong></span> <span class='ocrx_word' id='word_1_497' title='bbox 2076 2614 2169 2684; x_wconf 92' lang='lat' dir='ltr'><strong>qui</strong></span> <span class='ocrx_word' id='word_1_498' title='bbox 2215 2630 2316 2671; x_wconf 91' lang='lat' dir='ltr'><strong>nec</strong></span> <span class='ocrx_word' id='word_1_499' title='bbox 2347 2627 2495 2672; x_wconf 88' lang='lat' dir='ltr'><strong>stare</strong></span> <span class='ocrx_word' id='word_1_500' title='bbox 2543 2626 2758 2686; x_wconf 91' lang='lat' dir='ltr'><strong>poterat</strong></span> <span class='ocrx_word' id='word_1_501' title='bbox 2805 2631 2906 2674; x_wconf 93' lang='lat' dir='ltr'><strong>nec</strong></span> <span class='ocrx_word' id='word_1_502' title='bbox 2951 2615 3224 2682; x_wconf 89' lang='lat' dir='ltr'><strong>incedere,</strong></span> <span class='ocrx_word' id='word_1_503' title='bbox 3258 2631 3367 2670; x_wconf 85' lang='lat' dir='ltr'><strong>una</strong></span> 
     </span>
    </p>
   </div>
   <div class='ocr_carea' id='block_1_72' title="bbox 1782 2707 3364 2781">
    <p class='ocr_par' dir='ltr' id='par_1_72' title="bbox 1782 2707 3364 2781">
     <span class='ocr_line' id='line_1_72' title="bbox 1782 2707 3364 2781; baseline 0.002 -20"><span class='ocrx_word' id='word_1_504' title='bbox 1782 2721 1907 2762; x_wconf 91' lang='lat' dir='ltr'><strong>cum</strong></span> <span class='ocrx_word' id='word_1_505' title='bbox 1930 2707 2141 2762; x_wconf 90' lang='lat' dir='ltr'><strong>duobus</strong></span> <span class='ocrx_word' id='word_1_506' title='bbox 2161 2707 2284 2763; x_wconf 89' lang='lat' dir='ltr'><strong>aliis</strong></span> <span class='ocrx_word' id='word_1_507' title='bbox 2314 2710 2409 2778; x_wconf 89' lang='lat' dir='ltr'><strong>qui</strong></span> <span class='ocrx_word' id='word_1_508' title='bbox 2434 2709 2614 2778; x_wconf 86' lang='lat' dir='ltr'><strong>ipsum</strong></span> <span class='ocrx_word' id='word_1_509' title='bbox 2639 2709 2954 2781; x_wconf 86' lang='lat' dir='ltr'><strong>portabant,</strong></span> <span class='ocrx_word' id='word_1_510' title='bbox 2973 2709 3237 2764; x_wconf 90' lang='lat' dir='ltr'><strong>adductus</strong></span> <span class='ocrx_word' id='word_1_511' title='bbox 3259 2718 3364 2765; x_wconf 91' lang='lat' dir='ltr'><strong>cst.</strong></span> 
     </span>
    </p>
   </div>
   <div class='ocr_carea' id='block_1_73' title="bbox 1782 2796 3366 2872">
    <p class='ocr_par' dir='ltr' id='par_1_73' title="bbox 1782 2796 3366 2872">
     <span class='ocr_line' id='line_1_73' title="bbox 1782 2796 3366 2872; baseline 0 -17"><span class='ocrx_word' id='word_1_512' title='bbox 1782 2796 1984 2855; x_wconf 78' lang='lat' dir='ltr'><strong>Horum</strong></span> <span class='ocrx_word' id='word_1_513' title='bbox 2016 2799 2156 2854; x_wconf 88' lang='lat' dir='ltr'><strong>alter</strong></span> <span class='ocrx_word' id='word_1_514' title='bbox 2186 2801 2369 2855; x_wconf 88' lang='lat' dir='ltr'><strong>statim</strong></span> <span class='ocrx_word' id='word_1_515' title='bbox 2400 2801 2640 2872; x_wconf 85' lang='lat' dir='ltr'><strong>negavit.</strong></span> <span class='ocrx_word' id='word_1_516' title='bbox 2670 2800 2825 2856; x_wconf 83' lang='lat' dir='ltr'><strong>Alter</strong></span> <span class='ocrx_word' id='word_1_517' title='bbox 2859 2801 3078 2856; x_wconf 88' lang='lat' dir='ltr'><strong>nomine</strong></span> <span class='ocrx_word' id='word_1_518' title='bbox 3103 2800 3366 2868; x_wconf 66' lang='lat' dir='ltr'><strong>tirouiou,</strong></span> 
     </span>
    </p>
   </div>
   <div class='ocr_carea' id='block_1_74' title="bbox 1781 2891 3371 2964">
    <p class='ocr_par' dir='ltr' id='par_1_74' title="bbox 1781 2891 3371 2964">
     <span class='ocr_line' id='line_1_74' title="bbox 1781 2891 3371 2964; baseline 0.003 -19"><span class='ocrx_word' id='word_1_519' title='bbox 1781 2891 1873 2962; x_wconf 90' lang='lat' dir='ltr'><strong>qui</strong></span> <span class='ocrx_word' id='word_1_520' title='bbox 1896 2892 2080 2948; x_wconf 86' lang='lat' dir='ltr'><strong>Eunus</strong></span> <span class='ocrx_word' id='word_1_521' title='bbox 2097 2893 2605 2964; x_wconf 78' lang='lat' dir='ltr'><strong>cognominabatur,</strong></span> <span class='ocrx_word' id='word_1_522' title='bbox 2631 2908 2731 2949; x_wconf 91' lang='lat' dir='ltr'><strong>nec</strong></span> <span class='ocrx_word' id='word_1_523' title='bbox 2753 2909 2858 2948; x_wconf 93' lang='lat' dir='ltr'><strong>non</strong></span> <span class='ocrx_word' id='word_1_524' title='bbox 2883 2904 2936 2949; x_wconf 93' lang='lat' dir='ltr'><strong>et</strong></span> <span class='ocrx_word' id='word_1_525' title='bbox 2955 2908 3121 2950; x_wconf 82' lang='lat' dir='ltr'><strong>senex</strong></span> <span class='ocrx_word' id='word_1_526' title='bbox 3147 2895 3261 2964; x_wconf 92' lang='lat' dir='ltr'><strong>ipse</strong></span> <span class='ocrx_word' id='word_1_527' title='bbox 3277 2892 3371 2949; x_wconf 85' lang='lat' dir='ltr'><strong>Ju-</strong></span> 
     </span>
    </p>
   </div>
   <div class='ocr_carea' id='block_1_75' title="bbox 1782 2982 3362 3055">
    <p class='ocr_par' dir='ltr' id='par_1_75' title="bbox 1782 2982 3362 3055">
     <span class='ocr_line' id='line_1_75' title="bbox 1782 2982 3362 3055; baseline 0.003 -20"><span class='ocrx_word' id='word_1_528' title='bbox 1782 2982 1984 3050; x_wconf 91' lang='lat' dir='ltr'><strong>lianus,</strong></span> <span class='ocrx_word' id='word_1_529' title='bbox 2005 2997 2127 3037; x_wconf 91' lang='lat' dir='ltr'><strong>cum</strong></span> <span class='ocrx_word' id='word_1_530' title='bbox 2150 2982 2425 3038; x_wconf 88' lang='lat' dir='ltr'><strong>Christum</strong></span> <span class='ocrx_word' id='word_1_531' title='bbox 2451 2984 2682 3040; x_wconf 77' lang='lat' dir='ltr'><strong>confessi</strong></span> <span class='ocrx_word' id='word_1_532' title='bbox 2707 2993 2910 3052; x_wconf 88' lang='lat' dir='ltr'><strong>essent,</strong></span> <span class='ocrx_word' id='word_1_533' title='bbox 2932 3000 3028 3055; x_wconf 90' lang='lat' dir='ltr'><strong>per</strong></span> <span class='ocrx_word' id='word_1_534' title='bbox 3050 2986 3362 3040; x_wconf 80' lang='lat' dir='ltr'><strong>universam</strong></span> 
     </span>
    </p>
   </div>
   <div class='ocr_carea' id='block_1_76' title="bbox 1781 3073 3360 3146">
    <p class='ocr_par' dir='ltr' id='par_1_76' title="bbox 1781 3073 3360 3146">
     <span class='ocr_line' id='line_1_76' title="bbox 1781 3073 3360 3146; baseline 0.001 -18"><span class='ocrx_word' id='word_1_535' title='bbox 1781 3073 1949 3146; x_wconf 64' lang='grc'><strong>239</strong></span> <span class='ocrx_word' id='word_1_536' title='bbox 1985 3075 2193 3136; x_wconf 85' lang='lat' dir='ltr'><strong>urbem,</strong></span> <span class='ocrx_word' id='word_1_537' title='bbox 2221 3089 2345 3144; x_wconf 64' lang='lat' dir='ltr'><strong>quite</strong></span> <span class='ocrx_word' id='word_1_538' title='bbox 2377 3074 2618 3144; x_wconf 89' lang='lat' dir='ltr'><strong>quidem,</strong></span> <span class='ocrx_word' id='word_1_539' title='bbox 2651 3082 2711 3128; x_wconf 91' lang='lat' dir='ltr'><strong>ut</strong></span> <span class='ocrx_word' id='word_1_540' title='bbox 2737 3073 2928 3139; x_wconf 89' lang='lat' dir='ltr'><strong>nostis,</strong></span> <span class='ocrx_word' id='word_1_541' title='bbox 2959 3077 3196 3129; x_wconf 82' lang='lat' dir='ltr'><strong>maxima</strong></span> <span class='ocrx_word' id='word_1_542' title='bbox 3249 3086 3360 3143; x_wconf 90' lang='lat' dir='ltr'><strong>est,</strong></span> 
     </span>
    </p>
   </div>
   <div class='ocr_carea' id='block_1_77' title="bbox 1781 3165 3362 3236">
    <p class='ocr_par' dir='ltr' id='par_1_77' title="bbox 1781 3165 3362 3236">
     <span class='ocr_line' id='line_1_77' title="bbox 1781 3165 3362 3236; baseline 0 -15"><span class='ocrx_word' id='word_1_543' title='bbox 1781 3165 2006 3221; x_wconf 85' lang='lat' dir='ltr'><strong>camelis</strong></span> <span class='ocrx_word' id='word_1_544' title='bbox 2028 3165 2347 3234; x_wconf 84' lang='lat' dir='ltr'><strong>insidentes,</strong></span> <span class='ocrx_word' id='word_1_545' title='bbox 2386 3165 2571 3236; x_wconf 85' lang='lat' dir='ltr'><strong>ﬂagris</strong></span> <span class='ocrx_word' id='word_1_546' title='bbox 2609 3165 2872 3221; x_wconf 86' lang='lat' dir='ltr'><strong>sublimes</strong></span> <span class='ocrx_word' id='word_1_547' title='bbox 2903 3165 3203 3234; x_wconf 78' lang='lat' dir='ltr'><strong>verberati,</strong></span> <span class='ocrx_word' id='word_1_548' title='bbox 3238 3174 3362 3221; x_wconf 90' lang='lat' dir='ltr'><strong>tan-</strong></span> 
     </span>
    </p>
   </div>
   <div class='ocr_carea' id='block_1_78' title="bbox 1779 3255 3359 3328">
    <p class='ocr_par' dir='ltr' id='par_1_78' title="bbox 1779 3255 3359 3328">
     <span class='ocr_line' id='line_1_78' title="bbox 1779 3255 3359 3328; baseline -0.001 -14"><span class='ocrx_word' id='word_1_549' title='bbox 1779 3255 1902 3314; x_wconf 92' lang='lat' dir='ltr'><strong>dem</strong></span> <span class='ocrx_word' id='word_1_550' title='bbox 1938 3256 2324 3312; x_wconf 87' lang='lat' dir='ltr'><strong>ardentissimo</strong></span> <span class='ocrx_word' id='word_1_551' title='bbox 2378 3256 2526 3326; x_wconf 86' lang='lat' dir='ltr'><strong>igne,</strong></span> <span class='ocrx_word' id='word_1_552' title='bbox 2568 3256 2902 3312; x_wconf 87' lang='lat' dir='ltr'><strong>circumfusa</strong></span> <span class='ocrx_word' id='word_1_553' title='bbox 2957 3258 3124 3312; x_wconf 88' lang='lat' dir='ltr'><strong>totius</strong></span> <span class='ocrx_word' id='word_1_554' title='bbox 3175 3259 3359 3328; x_wconf 78' lang='grc' dir='ltr'><strong>ρονιιιί</strong></span> 
     </span>
    </p>
   </div>
   <div class='ocr_carea' id='block_1_79' title="bbox 1779 3346 3361 3420">
    <p class='ocr_par' dir='ltr' id='par_1_79' title="bbox 1779 3346 3361 3420">
     <span class='ocr_line' id='line_1_79' title="bbox 1779 3346 3361 3420; baseline 0.001 -16"><span class='ocrx_word' id='word_1_555' title='bbox 1779 3347 2164 3418; x_wconf 88' lang='lat' dir='ltr'><strong>multitudine,</strong></span> <span class='ocrx_word' id='word_1_556' title='bbox 2209 3348 2516 3419; x_wconf 89' lang='lat' dir='ltr'><strong>consumpti</strong></span> <span class='ocrx_word' id='word_1_557' title='bbox 2560 3357 2708 3403; x_wconf 90' lang='lat' dir='ltr'><strong>sunt.</strong></span> <span class='ocrx_word' id='word_1_558' title='bbox 2753 3346 2907 3403; x_wconf 81' lang='lat' dir='ltr'><strong>Miles</strong></span> <span class='ocrx_word' id='word_1_559' title='bbox 2943 3363 3074 3404; x_wconf 83' lang='lat' dir='ltr'><strong>vero</strong></span> <span class='ocrx_word' id='word_1_560' title='bbox 3104 3350 3195 3420; x_wconf 88' lang='lat' dir='ltr'><strong>qui</strong></span> <span class='ocrx_word' id='word_1_561' title='bbox 3229 3350 3361 3417; x_wconf 82' lang='lat' dir='ltr'><strong>ipsis</strong></span> 
     </span>
    </p>
   </div>
   <div class='ocr_carea' id='block_1_80' title="bbox 1777 3438 3359 3510">
    <p class='ocr_par' dir='ltr' id='par_1_80' title="bbox 1777 3438 3359 3510">
     <span class='ocr_line' id='line_1_80' title="bbox 1777 3438 3359 3510; baseline 0.002 -17"><span class='ocrx_word' id='word_1_562' title='bbox 1777 3438 1905 3493; x_wconf 89' lang='lat' dir='ltr'><strong>dum</strong></span> <span class='ocrx_word' id='word_1_563' title='bbox 1931 3441 1998 3496; x_wconf 88' lang='lat' dir='ltr'><strong>ad</strong></span> <span class='ocrx_word' id='word_1_564' title='bbox 2057 3439 2379 3510; x_wconf 82' lang='lat' dir='ltr'><strong>supplicium</strong></span> <span class='ocrx_word' id='word_1_565' title='bbox 2417 3441 2749 3495; x_wconf 85' lang='lat' dir='ltr'><strong>ducerentur</strong></span> <span class='ocrx_word' id='word_1_566' title='bbox 2797 3441 3032 3504; x_wconf 83' lang='lat' dir='ltr'><strong>astabat,</strong></span> <span class='ocrx_word' id='word_1_567' title='bbox 3088 3449 3359 3496; x_wconf 89' lang='lat' dir='ltr'><strong>etcontu-</strong></span> 
     </span>
    </p>
   </div>
   <div class='ocr_carea' id='block_1_81' title="bbox 1778 3523 3361 3604">
    <p class='ocr_par' dir='ltr' id='par_1_81' title="bbox 1778 3523 3361 3604">
     <span class='ocr_line' id='line_1_81' title="bbox 1778 3523 3361 3604; baseline -0.003 -12"><span class='ocrx_word' id='word_1_568' title='bbox 1778 3532 1995 3592; x_wconf 86' lang='lat' dir='ltr'><strong>meliam</strong></span> <span class='ocrx_word' id='word_1_569' title='bbox 2028 3523 2328 3589; x_wconf 79' lang='lat' dir='ltr'><strong>inferentes</strong></span> <span class='ocrx_word' id='word_1_570' title='bbox 2375 3531 2714 3604; x_wconf 89' lang='lat' dir='ltr'><strong>propulerat,</strong></span> <span class='ocrx_word' id='word_1_571' title='bbox 2743 3531 2909 3586; x_wconf 85' lang='lat' dir='ltr'><strong>Besas</strong></span> <span class='ocrx_word' id='word_1_572' title='bbox 2947 3532 3187 3596; x_wconf 88' lang='lat' dir='ltr'><strong>nomine,</strong></span> <span class='ocrx_word' id='word_1_573' title='bbox 3231 3547 3361 3588; x_wconf 87' lang='lat' dir='ltr'><strong>con-</strong></span> 
     </span>
    </p>
   </div>
   <div class='ocr_carea' id='block_1_82' title="bbox 1777 3624 3359 3696">
    <p class='ocr_par' dir='ltr' id='par_1_82' title="bbox 1777 3624 3359 3696">
     <span class='ocr_line' id='line_1_82' title="bbox 1777 3624 3359 3696; baseline 0.002 -15"><span class='ocrx_word' id='word_1_574' title='bbox 1777 3624 2048 3682; x_wconf 84' lang='lat' dir='ltr'><strong>clamante</strong></span> <span class='ocrx_word' id='word_1_575' title='bbox 2077 3625 2341 3681; x_wconf 88' lang='lat' dir='ltr'><strong>adversus</strong></span> <span class='ocrx_word' id='word_1_576' title='bbox 2372 3641 2493 3682; x_wconf 87' lang='lat' dir='ltr'><strong>eum</strong></span> <span class='ocrx_word' id='word_1_577' title='bbox 2519 3625 2716 3696; x_wconf 90' lang='lat' dir='ltr'><strong>populo</strong></span> <span class='ocrx_word' id='word_1_578' title='bbox 2747 3625 2800 3679; x_wconf 87' lang='lat' dir='ltr'><strong>in</strong></span> <span class='ocrx_word' id='word_1_579' title='bbox 2835 3625 2923 3694; x_wconf 84' lang='lat' dir='ltr'><strong>jus</strong></span> <span class='ocrx_word' id='word_1_580' title='bbox 2953 3625 3219 3681; x_wconf 88' lang='lat' dir='ltr'><strong>adductus</strong></span> <span class='ocrx_word' id='word_1_581' title='bbox 3252 3636 3359 3684; x_wconf 89' lang='lat' dir='ltr'><strong>est.</strong></span> 
     </span>
    </p>
   </div>
   <div class='ocr_carea' id='block_1_83' title="bbox 1782 3717 3363 3792">
    <p class='ocr_par' dir='ltr' id='par_1_83' title="bbox 1782 3717 3363 3792">
     <span class='ocr_line' id='line_1_83' title="bbox 1782 3717 3363 3792; baseline -0.001 -16"><span class='ocrx_word' id='word_1_582' title='bbox 1782 3718 1884 3776; x_wconf 89' lang='lat' dir='ltr'><strong>Ubi</strong></span> <span class='ocrx_word' id='word_1_583' title='bbox 1935 3717 2268 3775; x_wconf 85' lang='lat' dir='ltr'><strong>fortissimus</strong></span> <span class='ocrx_word' id='word_1_584' title='bbox 2298 3720 2390 3775; x_wconf 93' lang='lat' dir='ltr'><strong>Dei</strong></span> <span class='ocrx_word' id='word_1_585' title='bbox 2442 3729 2728 3792; x_wconf 79' lang='lat' dir='ltr'><strong>pugnator,</strong></span> <span class='ocrx_word' id='word_1_586' title='bbox 2761 3733 2885 3773; x_wconf 91' lang='lat' dir='ltr'><strong>cum</strong></span> <span class='ocrx_word' id='word_1_587' title='bbox 2944 3718 2996 3773; x_wconf 94' lang='lat' dir='ltr'><strong>in</strong></span> <span class='ocrx_word' id='word_1_588' title='bbox 3032 3735 3231 3792; x_wconf 84' lang='lat' dir='ltr'><strong>magno</strong></span> <span class='ocrx_word' id='word_1_589' title='bbox 3267 3720 3363 3774; x_wconf 91' lang='lat' dir='ltr'><strong>illo</strong></span> 
     </span>
    </p>
   </div>
   <div class='ocr_carea' id='block_1_84' title="bbox 1778 3809 3360 3882">
    <p class='ocr_par' dir='ltr' id='par_1_84' title="bbox 1778 3809 3360 3882">
     <span class='ocr_line' id='line_1_84' title="bbox 1778 3809 3360 3882; baseline 0.001 -17"><span class='ocrx_word' id='word_1_590' title='bbox 1778 3826 1878 3882; x_wconf 92' lang='lat' dir='ltr'><strong>pro</strong></span> <span class='ocrx_word' id='word_1_591' title='bbox 1904 3809 2106 3881; x_wconf 86' lang='lat' dir='ltr'><strong>pietate</strong></span> <span class='ocrx_word' id='word_1_592' title='bbox 2136 3811 2442 3868; x_wconf 89' lang='lat' dir='ltr'><strong>certarniue</strong></span> <span class='ocrx_word' id='word_1_593' title='bbox 2503 3822 2728 3868; x_wconf 91' lang='lat' dir='ltr'><strong>strenue</strong></span> <span class='ocrx_word' id='word_1_594' title='bbox 2776 3826 2837 3866; x_wconf 89' lang='lat' dir='ltr'><strong>se</strong></span> <span class='ocrx_word' id='word_1_595' title='bbox 2869 3811 3146 3882; x_wconf 88' lang='lat' dir='ltr'><strong>gessisset,</strong></span> <span class='ocrx_word' id='word_1_596' title='bbox 3178 3812 3360 3868; x_wconf 79' lang='lat' dir='ltr'><strong>securi</strong></span> 
     </span>
    </p>
   </div>
   <div class='ocr_carea' id='block_1_85' title="bbox 1779 3900 3364 3975">
    <p class='ocr_par' dir='ltr' id='par_1_85' title="bbox 1779 3900 3364 3975">
     <span class='ocr_line' id='line_1_85' title="bbox 1779 3900 3364 3975; baseline 0.002 -21"><span class='ocrx_word' id='word_1_597' title='bbox 1779 3914 2068 3971; x_wconf 88' lang='lat' dir='ltr'><strong>percussus</strong></span> <span class='ocrx_word' id='word_1_598' title='bbox 2113 3910 2216 3960; x_wconf 85' lang='lat' dir='ltr'><strong>est.</strong></span> <span class='ocrx_word' id='word_1_599' title='bbox 2265 3902 2422 3957; x_wconf 81' lang='lat' dir='ltr'><strong>Alius</strong></span> <span class='ocrx_word' id='word_1_600' title='bbox 2474 3901 2601 3958; x_wconf 89' lang='lat' dir='ltr'><strong>item</strong></span> <span class='ocrx_word' id='word_1_601' title='bbox 2667 3900 2930 3958; x_wconf 85' lang='lat' dir='ltr'><strong>oriundus</strong></span> <span class='ocrx_word' id='word_1_602' title='bbox 2977 3916 3042 3957; x_wconf 81' lang='lat' dir='ltr'><strong>ex</strong></span> <span class='ocrx_word' id='word_1_603' title='bbox 3079 3902 3268 3975; x_wconf 85' lang='lat' dir='ltr'><strong>Libya,</strong></span> <span class='ocrx_word' id='word_1_604' title='bbox 3306 3911 3364 3958; x_wconf 90' lang='lat' dir='ltr'><strong>et</strong></span> 
     </span>
    </p>
   </div>
   <div class='ocr_carea' id='block_1_86' title="bbox 1777 3990 3358 4053">
    <p class='ocr_par' dir='ltr' id='par_1_86' title="bbox 1777 3990 3358 4053">
     <span class='ocr_line' id='line_1_86' title="bbox 1777 3990 3358 4053; baseline 0.001 -7"><span class='ocrx_word' id='word_1_605' title='bbox 1777 3990 2043 4046; x_wconf 78' lang='lat' dir='ltr'><strong>vocabulo</strong></span> <span class='ocrx_word' id='word_1_606' title='bbox 2067 4000 2122 4048; x_wconf 88' lang='lat' dir='ltr'><strong>et</strong></span> <span class='ocrx_word' id='word_1_607' title='bbox 2147 3991 2328 4047; x_wconf 87' lang='lat' dir='ltr'><strong>divina</strong></span> <span class='ocrx_word' id='word_1_608' title='bbox 2357 3991 2740 4047; x_wconf 86' lang='lat' dir='ltr'><strong>benedictione</strong></span> <span class='ocrx_word' id='word_1_609' title='bbox 2784 4006 2913 4048; x_wconf 89' lang='lat' dir='ltr'><strong>vere</strong></span> <span class='ocrx_word' id='word_1_610' title='bbox 2941 3992 3147 4053; x_wconf 82' lang='lat' dir='ltr'><strong>Macar.</strong></span> <span class='ocrx_word' id='word_1_611' title='bbox 3185 4008 3304 4048; x_wconf 86' lang='lat' dir='ltr'><strong>cum</strong></span> <span class='ocrx_word' id='word_1_612' title='bbox 3327 4009 3358 4048; x_wconf 85' lang='lat' dir='ltr'><strong>a</strong></span> 
     </span>
    </p>
   </div>
   <div class='ocr_carea' id='block_1_87' title="bbox 1770 4082 3362 4152">
    <p class='ocr_par' dir='ltr' id='par_1_87' title="bbox 1770 4082 3362 4152">
     <span class='ocr_line' id='line_1_87' title="bbox 1770 4082 3362 4152; baseline 0.004 -16"><span class='ocrx_word' id='word_1_613' title='bbox 1770 4082 1953 4152; x_wconf 84' lang='lat' dir='ltr'><strong>judice</strong></span> <span class='ocrx_word' id='word_1_614' title='bbox 1980 4084 2236 4140; x_wconf 90' lang='lat' dir='ltr'><strong>omnibus</strong></span> <span class='ocrx_word' id='word_1_615' title='bbox 2287 4083 2465 4140; x_wconf 92' lang='lat' dir='ltr'><strong>modis</strong></span> <span class='ocrx_word' id='word_1_616' title='bbox 2490 4083 2816 4140; x_wconf 88' lang='lat' dir='ltr'><strong>sollicitatus</strong></span> <span class='ocrx_word' id='word_1_617' title='bbox 2846 4094 2924 4139; x_wconf 54' lang='lat' dir='ltr'><strong>ut‘</strong></span> <span class='ocrx_word' id='word_1_618' title='bbox 2958 4083 3234 4141; x_wconf 84' lang='lat' dir='ltr'><strong>Christum</strong></span> <span class='ocrx_word' id='word_1_619' title='bbox 3265 4101 3362 4144; x_wconf 83' lang='lat' dir='ltr'><strong>ne-</strong></span> 
     </span>
    </p>
   </div>
   <div class='ocr_carea' id='block_1_88' title="bbox 1777 4176 3356 4250">
    <p class='ocr_par' dir='ltr' id='par_1_88' title="bbox 1777 4176 3356 4250">
     <span class='ocr_line' id='line_1_88' title="bbox 1777 4176 3356 4250; baseline 0.003 -20"><span class='ocrx_word' id='word_1_620' title='bbox 1777 4185 1950 4250; x_wconf 90' lang='lat' dir='ltr'><strong>garet,</strong></span> <span class='ocrx_word' id='word_1_621' title='bbox 1981 4176 2125 4232; x_wconf 80' lang='lat' dir='ltr'><strong>flecti</strong></span> <span class='ocrx_word' id='word_1_622' title='bbox 2155 4191 2430 4246; x_wconf 89' lang='lat' dir='ltr'><strong>nunquam</strong></span> <span class='ocrx_word' id='word_1_623' title='bbox 2471 4176 2759 4246; x_wconf 90' lang='lat' dir='ltr'><strong>potuisset,</strong></span> <span class='ocrx_word' id='word_1_624' title='bbox 2809 4177 2963 4231; x_wconf 85' lang='lat' dir='ltr'><strong>vivus</strong></span> <span class='ocrx_word' id='word_1_625' title='bbox 2994 4179 3356 4240; x_wconf 88' lang='lat' dir='ltr'><strong>comburitur.</strong></span> 
     </span>
    </p>
   </div>
   <div class='ocr_carea' id='block_1_89' title="bbox 1777 4267 3359 4340">
    <p class='ocr_par' dir='ltr' id='par_1_89' title="bbox 1777 4267 3359 4340">
     <span class='ocr_line' id='line_1_89' title="bbox 1777 4267 3359 4340; baseline -0.001 -16"><span class='ocrx_word' id='word_1_626' title='bbox 1777 4267 1906 4324; x_wconf 87' lang='lat' dir='ltr'><strong>Post</strong></span> <span class='ocrx_word' id='word_1_627' title='bbox 1934 4269 2032 4324; x_wconf 90' lang='lat' dir='ltr'><strong>bos</strong></span> <span class='ocrx_word' id='word_1_628' title='bbox 2056 4268 2382 4340; x_wconf 88' lang='lat' dir='ltr'><strong>Epimachus</strong></span> <span class='ocrx_word' id='word_1_629' title='bbox 2407 4267 2810 4335; x_wconf 78' lang='lat' dir='ltr'><strong>etAlexander,</strong></span> <span class='ocrx_word' id='word_1_630' title='bbox 2839 4285 2962 4324; x_wconf 90' lang='lat' dir='ltr'><strong>cum</strong></span> <span class='ocrx_word' id='word_1_631' title='bbox 2997 4279 3117 4339; x_wconf 92' lang='lat' dir='ltr'><strong>post</strong></span> <span class='ocrx_word' id='word_1_632' title='bbox 3143 4270 3359 4326; x_wconf 87' lang='lat' dir='ltr'><strong>diutur-</strong></span> 
     </span>
    </p>
   </div>
   <div class='ocr_carea' id='block_1_90' title="bbox 1777 4359 3356 4430">
    <p class='ocr_par' dir='ltr' id='par_1_90' title="bbox 1777 4359 3356 4430">
     <span class='ocr_line' id='line_1_90' title="bbox 1777 4359 3356 4430; baseline 0.001 -15"><span class='ocrx_word' id='word_1_633' title='bbox 1777 4376 1907 4415; x_wconf 88' lang='lat' dir='ltr'><strong>uttm</strong></span> <span class='ocrx_word' id='word_1_634' title='bbox 1967 4360 2204 4416; x_wconf 90' lang='lat' dir='ltr'><strong>carceris</strong></span> <span class='ocrx_word' id='word_1_635' title='bbox 2261 4359 2546 4414; x_wconf 85' lang='lat' dir='ltr'><strong>horrorem</strong></span> <span class='ocrx_word' id='word_1_636' title='bbox 2597 4361 2650 4414; x_wconf 93' lang='lat' dir='ltr'><strong>in</strong></span> <span class='ocrx_word' id='word_1_637' title='bbox 2699 4375 2807 4430; x_wconf 90' lang='lat' dir='ltr'><strong>quo</strong></span> <span class='ocrx_word' id='word_1_638' title='bbox 2839 4360 3000 4415; x_wconf 91' lang='lat' dir='ltr'><strong>vincti</strong></span> <span class='ocrx_word' id='word_1_639' title='bbox 3037 4374 3356 4428; x_wconf 84' lang='lat' dir='ltr'><strong>permanse-</strong></span> 
     </span>
    </p>
   </div>
   <div class='ocr_carea' id='block_1_91' title="bbox 1777 4448 3358 4523">
    <p class='ocr_par' dir='ltr' id='par_1_91' title="bbox 1777 4448 3358 4523">
     <span class='ocr_line' id='line_1_91' title="bbox 1777 4448 3358 4523; baseline 0.001 -17"><span class='ocrx_word' id='word_1_640' title='bbox 1777 4459 1924 4516; x_wconf 89' lang='lat' dir='ltr'><strong>rant,</strong></span> <span class='ocrx_word' id='word_1_641' title='bbox 1976 4449 2185 4506; x_wconf 79' lang='lat' dir='ltr'><strong>ferreos</strong></span> <span class='ocrx_word' id='word_1_642' title='bbox 2234 4465 2466 4521; x_wconf 90' lang='lat' dir='ltr'><strong>ungues,</strong></span> <span class='ocrx_word' id='word_1_643' title='bbox 2498 4448 2664 4520; x_wconf 82' lang='lat' dir='ltr'><strong>ﬂagra</strong></span> <span class='ocrx_word' id='word_1_644' title='bbox 2708 4465 2771 4506; x_wconf 92' lang='lat' dir='ltr'><strong>ac</strong></span> <span class='ocrx_word' id='word_1_645' title='bbox 2807 4450 2953 4506; x_wconf 89' lang='lat' dir='ltr'><strong>mille</strong></span> <span class='ocrx_word' id='word_1_646' title='bbox 2985 4451 3230 4507; x_wconf 89' lang='lat' dir='ltr'><strong>dolorum</strong></span> <span class='ocrx_word' id='word_1_647' title='bbox 3258 4467 3358 4523; x_wconf 87' lang='lat' dir='ltr'><strong>ge-</strong></span> 
     </span>
    </p>
   </div>
   <div class='ocr_carea' id='block_1_92' title="bbox 128 4531 1673 4615">
    <p class='ocr_par' dir='ltr' id='par_1_92' title="bbox 128 4531 1670 4615">
     <span class='ocr_line' id='line_1_92' title="bbox 128 4531 1670 4615; baseline 0.005 -25"><span class='ocrx_word' id='word_1_648' title='bbox 128 4531 342 4607; x_wconf 80' lang='grc' dir='ltr'><strong>ἀνήνυτον</strong></span> <span class='ocrx_word' id='word_1_649' title='bbox 374 4541 456 4595; x_wconf 80' lang='grc' dir='ltr'><strong>ἔτι</strong></span> <span class='ocrx_word' id='word_1_650' title='bbox 483 4541 799 4613; x_wconf 77' lang='grc' dir='ltr'><strong>βασανίζειν</strong></span> <span class='ocrx_word' id='word_1_651' title='bbox 828 4543 921 4597; x_wconf 75' lang='grc' dir='ltr'><strong>καὶ</strong></span> <span class='ocrx_word' id='word_1_652' title='bbox 954 4543 1060 4597; x_wconf 81' lang='grc' dir='ltr'>ὑπὸ</span> <span class='ocrx_word' id='word_1_653' title='bbox 1084 4543 1358 4613; x_wconf 84' lang='grc' dir='ltr'><strong>γυναικῶν</strong></span> <span class='ocrx_word' id='word_1_654' title='bbox 1382 4545 1670 4615; x_wconf 78' lang='grc' dir='ltr'><strong>ἡττᾶσθαι,</strong></span> 
     </span>
    </p>
   </div>
   <div class='ocr_carea' id='block_1_93' title="bbox 1780 4531 3357 4615">
    <p class='ocr_par' dir='ltr' id='par_1_93' title="bbox 1780 4541 3357 4614">
     <span class='ocr_line' id='line_1_93' title="bbox 1780 4541 3357 4614; baseline 0.001 -17"><span class='ocrx_word' id='word_1_655' title='bbox 1780 4557 1910 4598; x_wconf 90' lang='lat' dir='ltr'><strong>nera</strong></span> <span class='ocrx_word' id='word_1_656' title='bbox 1961 4541 2332 4614; x_wconf 89' lang='lat' dir='ltr'><strong>pertulissent,</strong></span> <span class='ocrx_word' id='word_1_657' title='bbox 2367 4541 2504 4596; x_wconf 65' lang='lat' dir='ltr'><strong>vivae</strong></span> <span class='ocrx_word' id='word_1_658' title='bbox 2541 4542 2708 4598; x_wconf 90' lang='lat' dir='ltr'><strong>calcis</strong></span> <span class='ocrx_word' id='word_1_659' title='bbox 2767 4543 3020 4599; x_wconf 87' lang='lat' dir='ltr'><strong>incendio</strong></span> <span class='ocrx_word' id='word_1_660' title='bbox 3057 4545 3220 4598; x_wconf 87' lang='lat' dir='ltr'><strong>etiam</strong></span> <span class='ocrx_word' id='word_1_661' title='bbox 3254 4545 3357 4612; x_wconf 88' lang='lat' dir='ltr'><strong>ipsi</strong></span> 
     </span>
    </p>
   </div>
   <div class='ocr_carea' id='block_1_94' title="bbox 126 4625 1666 4708">
    <p class='ocr_par' dir='ltr' id='par_1_94' title="bbox 126 4625 1666 4708">
     <span class='ocr_line' id='line_1_94' title="bbox 126 4625 1666 4708; baseline 0.007 -29"><span class='ocrx_word' id='word_1_662' title='bbox 126 4625 196 4679; x_wconf 75' lang='grc' dir='ltr'><strong>τοῦ</strong></span> <span class='ocrx_word' id='word_1_663' title='bbox 218 4631 488 4704; x_wconf 66' lang='grc' dir='ltr'><strong>ἡγεμόνος,</strong></span> <span class='ocrx_word' id='word_1_664' title='bbox 526 4634 735 4706; x_wconf 82' lang='grc' dir='ltr'><strong>σιδήρῳ</strong></span> <span class='ocrx_word' id='word_1_665' title='bbox 761 4634 998 4700; x_wconf 78' lang='grc' dir='ltr'><strong>τεθνᾶσι,</strong></span> <span class='ocrx_word' id='word_1_666' title='bbox 1029 4635 1224 4708; x_wconf 83' lang='grc' dir='ltr'><strong>μηκέτι</strong></span> <span class='ocrx_word' id='word_1_667' title='bbox 1263 4635 1510 4706; x_wconf 82' lang='grc' dir='ltr'><strong>βασάνων</strong></span> <span class='ocrx_word' id='word_1_668' title='bbox 1545 4639 1666 4690; x_wconf 79' lang='grc' dir='ltr'><strong>πεῖ-</strong></span> 
     </span>
    </p>
   </div>
   <div class='ocr_carea' id='block_1_95' title="bbox 176 4830 1667 4912">
    <p class='ocr_par' dir='ltr' id='par_1_95' title="bbox 176 4830 1667 4912">
     <span class='ocr_line' id='line_1_95' title="bbox 176 4830 1667 4912; baseline 0.008 -27"><span class='ocrx_word' id='word_1_669' title='bbox 176 4830 268 4903; x_wconf 84' lang='grc' dir='ltr'><strong>(ίϐ)</strong></span> <span class='ocrx_word' id='word_1_670' title='bbox 303 4833 779 4906; x_wconf 79' lang='grc' dir='ltr'><strong>Ἰσχυριζόμενοι.</strong></span> <span class='ocrx_word' id='word_1_671' title='bbox 813 4834 1050 4890; x_wconf 84' lang='lat' dir='ltr'><strong>Positum</strong></span> <span class='ocrx_word' id='word_1_672' title='bbox 1081 4845 1163 4898; x_wconf 84' lang='lat' dir='ltr'><strong>est</strong></span> <span class='ocrx_word' id='word_1_673' title='bbox 1199 4852 1298 4908; x_wconf 91' lang='lat' dir='ltr'><strong>pro</strong></span> <span class='ocrx_word' id='word_1_674' title='bbox 1325 4837 1667 4912; x_wconf 80' lang='grc' dir='ltr'><strong>διισχυριζό-</strong></span> 
     </span>
    </p>
   </div>
   <div class='ocr_carea' id='block_1_96' title="bbox 126 4913 262 4965">
    <p class='ocr_par' dir='ltr' id='par_1_96' title="bbox 126 4913 262 4965">
     <span class='ocr_line' id='line_1_96' title="bbox 126 4913 262 4965; baseline 0.015 -12"><span class='ocrx_word' id='word_1_675' title='bbox 126 4913 262 4965; x_wconf 80' lang='grc' dir='ltr'><strong>μενοι.</strong></span> 
     </span>
    </p>
   </div>
   <div class='ocr_carea' id='block_1_97' title="bbox 149 4972 1668 5051">
    <p class='ocr_par' dir='ltr' id='par_1_97' title="bbox 149 4972 1668 5051">
     <span class='ocr_line' id='line_1_97' title="bbox 149 4972 1668 5051; baseline 0.002 -17"><span class='ocrx_word' id='word_1_676' title='bbox 149 4972 270 5051; x_wconf 58' lang='grc'><strong>,(1⁷)</strong></span> <span class='ocrx_word' id='word_1_677' title='bbox 307 4973 607 5051; x_wconf 69' lang='grc' dir='ltr'><strong>Ἁᾳϐέστῳ</strong></span> <span class='ocrx_word' id='word_1_678' title='bbox 633 4978 799 5046; x_wconf 81' lang='grc' dir='ltr'><strong>πυρί.</strong></span> <span class='ocrx_word' id='word_1_679' title='bbox 835 4982 1017 5038; x_wconf 83' lang='lat' dir='ltr'><strong>Potest</strong></span> <span class='ocrx_word' id='word_1_680' title='bbox 1047 4981 1211 5037; x_wconf 89' lang='lat' dir='ltr'><strong>etiam</strong></span> <span class='ocrx_word' id='word_1_681' title='bbox 1237 4981 1372 5035; x_wconf 79' lang='lat' dir='ltr'><strong>verti</strong></span> <span class='ocrx_word' id='word_1_682' title='bbox 1403 4981 1533 5036; x_wconf 73' lang='lat' dir='ltr'><strong>viva:</strong></span> <span class='ocrx_word' id='word_1_683' title='bbox 1555 4983 1668 5037; x_wconf 83' lang='lat' dir='ltr'><strong>cal-</strong></span> 
     </span>
    </p>
   </div>
   <div class='ocr_carea' id='block_1_98' title="bbox 122 5050 1664 5122">
    <p class='ocr_par' dir='ltr' id='par_1_98' title="bbox 122 5050 1664 5122">
     <span class='ocr_line' id='line_1_98' title="bbox 122 5050 1664 5122; baseline 0.01 -29"><span class='ocrx_word' id='word_1_684' title='bbox 122 5050 438 5122; x_wconf 52' lang='lat' dir='ltr'><strong>ftstncendio.</strong></span> <span class='ocrx_word' id='word_1_685' title='bbox 485 5051 580 5122; x_wconf 49' lang='lat' dir='ltr'><strong>ﬁic</strong></span> <span class='ocrx_word' id='word_1_686' title='bbox 619 5051 762 5122; x_wconf 64' lang='lat' dir='ltr'><strong>inira</strong></span> <span class='ocrx_word' id='word_1_687' title='bbox 795 5052 861 5106; x_wconf 84' lang='lat' dir='ltr'><strong>de</strong></span> <span class='ocrx_word' id='word_1_688' title='bbox 913 5053 1210 5122; x_wconf 83' lang='lat' dir='ltr'><strong>Epimacho</strong></span> <span class='ocrx_word' id='word_1_689' title='bbox 1252 5062 1304 5106; x_wconf 93' lang='lat' dir='ltr'><strong>et</strong></span> <span class='ocrx_word' id='word_1_690' title='bbox 1352 5053 1664 5108; x_wconf 76' lang='lat' dir='ltr'><strong>Alexandro</strong></span> 
     </span>
    </p>
   </div>
   <div class='ocr_carea' id='block_1_99' title="bbox 123 5109 1663 5194">
    <p class='ocr_par' dir='ltr' id='par_1_99' title="bbox 123 5109 1663 5194">
     <span class='ocr_line' id='line_1_99' title="bbox 123 5109 1663 5194; baseline 0.014 -36"><span class='ocrx_word' id='word_1_691' title='bbox 123 5109 242 5194; x_wconf 49' lang='lat' dir='ltr'><strong>:lix&#39;it,</strong></span> <span class='ocrx_word' id='word_1_692' title='bbox 263 5116 387 5194; x_wconf 56' lang='lat' dir='ltr'><strong>mp}.</strong></span> <span class='ocrx_word' id='word_1_693' title='bbox 410 5116 674 5194; x_wconf 54' lang='grc' dir='ltr'><strong>ἀσϐέστίὲ</strong></span> <span class='ocrx_word' id='word_1_694' title='bbox 688 5109 1032 5194; x_wconf 76' lang='grc' dir='ltr'><strong>διεχύθησαν.</strong></span> <span class='ocrx_word' id='word_1_695' title='bbox 1062 5123 1165 5194; x_wconf 81' lang='lat' dir='ltr'><strong>Pro</strong></span> <span class='ocrx_word' id='word_1_696' title='bbox 1189 5139 1298 5194; x_wconf 62' lang='lat' dir='ltr'><strong>quo</strong></span> <span class='ocrx_word' id='word_1_697' title='bbox 1325 5121 1663 5194; x_wconf 80' lang='lat' dir='ltr'><strong>Niccpltortts</strong></span> 
     </span>
    </p>
   </div>
   <div class='ocr_carea' id='block_1_100' title="bbox 123 5176 1661 5264">
    <p class='ocr_par' dir='ltr' id='par_1_100' title="bbox 123 5176 1661 5264">
     <span class='ocr_line' id='line_1_100' title="bbox 123 5176 1661 5264; baseline 0.015 -29"><span class='ocrx_word' id='word_1_698' title='bbox 123 5176 486 5264; x_wconf 46' lang='grc' dir='ltr'><strong>ρεὺειτιέάνῳ.</strong></span> <span class='ocrx_word' id='word_1_699' title='bbox 524 5189 582 5243; x_wconf 90' lang='lat' dir='ltr'><strong>lu</strong></span> <span class='ocrx_word' id='word_1_700' title='bbox 616 5176 825 5245; x_wconf 61' lang='grc' dir='ltr'><strong>Πεηιίῗο</strong></span> <span class='ocrx_word' id='word_1_701' title='bbox 855 5176 918 5247; x_wconf 60' lang='lat' dir='ltr'><strong>ait</strong></span> <span class='ocrx_word' id='word_1_702' title='bbox 952 5176 1092 5247; x_wconf 73' lang='lat' dir='ltr'><strong>diem</strong></span> <span class='ocrx_word' id='word_1_703' title='bbox 1128 5176 1515 5264; x_wconf 53' lang='lat' dir='ltr'><strong>50&#39;0tjtobri&#39;s,</strong></span> <span class='ocrx_word' id='word_1_704' title='bbox 1568 5176 1661 5249; x_wconf 57' lang='lat' dir='ltr'><strong>tibi</strong></span> 
     </span>
    </p>
   </div>
   <div class='ocr_carea' id='block_1_101' title="bbox 123 5257 1662 5332">
    <p class='ocr_par' dir='ltr' id='par_1_101' title="bbox 123 5257 1662 5332">
     <span class='ocr_line' id='line_1_101' title="bbox 123 5257 1662 5332; baseline 0.012 -31"><span class='ocrx_word' id='word_1_705' title='bbox 123 5257 369 5332; x_wconf 55' lang='lat' dir='ltr'><strong>mentioﬁt</strong></span> <span class='ocrx_word' id='word_1_706' title='bbox 424 5257 622 5332; x_wconf 70' lang='lat' dir='ltr'><strong>[torum</strong></span> <span class='ocrx_word' id='word_1_707' title='bbox 673 5271 972 5332; x_wconf 73' lang='lat' dir='ltr'><strong>martyrum</strong></span> <span class='ocrx_word' id='word_1_708' title='bbox 1003 5264 1224 5325; x_wconf 78' lang='lat' dir='ltr'><strong>.luliaui,</strong></span> <span class='ocrx_word' id='word_1_709' title='bbox 1273 5263 1561 5318; x_wconf 86' lang='lat' dir='ltr'><strong>Crouiouis</strong></span> <span class='ocrx_word' id='word_1_710' title='bbox 1607 5274 1662 5319; x_wconf 90' lang='lat' dir='ltr'><strong>et</strong></span> 
     </span>
    </p>
   </div>
   <div class='ocr_carea' id='block_1_102' title="bbox 121 5311 1660 5438">
    <p class='ocr_par' dir='ltr' id='par_1_102' title="bbox 121 5311 1660 5438">
     <span class='ocr_line' id='line_1_102' title="bbox 121 5311 1660 5438; baseline 0.008 -62"><span class='ocrx_word' id='word_1_711' title='bbox 121 5311 322 5438; x_wconf 42' lang='lat' dir='ltr'><strong>afugit,</strong></span> <span class='ocrx_word' id='word_1_712' title='bbox 354 5311 558 5396; x_wconf 80' lang='lat' dir='ltr'><strong>legitur</strong></span> <span class='ocrx_word' id='word_1_713' title='bbox 585 5311 868 5385; x_wconf 49' lang='lat' dir='ltr'><strong>uagas.</strong></span> <span class='ocrx_word' id='word_1_714' title='bbox 890 5311 1660 5406; x_wconf 36' lang='lat' dir='ltr'><strong>25.13;&quot;..3;agema;</strong></span> 
     </span>
    </p>
   </div>
   <div class='ocr_carea' id='block_1_103' title="bbox 165 5408 283 5457">
    <p class='ocr_par' dir='ltr' id='par_1_103' title="bbox 165 5408 283 5457">
     <span class='ocr_line' id='line_1_103' title="bbox 165 5408 283 5457; baseline 0 -35"><span class='ocrx_word' id='word_1_715' title='bbox 165 5408 283 5457; x_wconf 41' lang='lat' dir='ltr'><strong>qm;</strong></span> 
     </span>
    </p>
   </div>
   <div class='ocr_carea' id='block_1_104' title="bbox 156 5461 1658 5544">
    <p class='ocr_par' dir='ltr' id='par_1_104' title="bbox 156 5461 1658 5544">
     <span class='ocr_line' id='line_1_104' title="bbox 156 5461 1658 5544; baseline 0.005 -23"><span class='ocrx_word' id='word_1_716' title='bbox 156 5461 264 5538; x_wconf 79' lang='lat' dir='ltr'><strong>_(l8)</strong></span> <span class='ocrx_word' id='word_1_717' title='bbox 287 5469 396 5544; x_wconf 68' lang='lat' dir='ltr'><strong>Kal</strong></span> <span class='ocrx_word' id='word_1_718' title='bbox 435 5467 556 5544; x_wconf 74' lang='grc' dir='ltr'><strong>τὴν</strong></span> <span class='ocrx_word' id='word_1_719' title='bbox 593 5471 883 5544; x_wconf 75' lang='grc' dir='ltr'><strong>εὐλογίαν</strong></span> <span class='ocrx_word' id='word_1_720' title='bbox 927 5475 1162 5544; x_wconf 73' lang='grc' dir='ltr'><strong>ἀληθὴς</strong></span> <span class='ocrx_word' id='word_1_721' title='bbox 1199 5473 1429 5541; x_wconf 77' lang='grc' dir='ltr'><strong>Μάκαρ.</strong></span> <span class='ocrx_word' id='word_1_722' title='bbox 1455 5474 1658 5529; x_wconf 86' lang='lat' dir='ltr'><strong>Alludit</strong></span> 
     </span>
    </p>
   </div>
   <div class='ocr_carea' id='block_1_105' title="bbox 119 5525 1656 5614">
    <p class='ocr_par' dir='ltr' id='par_1_105' title="bbox 119 5525 1656 5614">
     <span class='ocr_line' id='line_1_105' title="bbox 119 5525 1656 5614; baseline 0.006 -25"><span class='ocrx_word' id='word_1_723' title='bbox 119 5525 365 5614; x_wconf 50' lang='lat' dir='ltr'><strong>Dionysius</strong></span> <span class='ocrx_word' id='word_1_724' title='bbox 393 5543 462 5593; x_wconf 88' lang='lat' dir='ltr'><strong>ad</strong></span> <span class='ocrx_word' id='word_1_725' title='bbox 496 5525 672 5596; x_wconf 60' lang='lat' dir='ltr'><strong>verba</strong></span> <span class='ocrx_word' id='word_1_726' title='bbox 705 5525 792 5596; x_wconf 78' lang='lat' dir='ltr'><strong>ilia</strong></span> <span class='ocrx_word' id='word_1_727' title='bbox 810 5525 1656 5614; x_wconf 24' lang='grc' dir='ltr'><strong>ίὸιπίἐιϊίτῖἘῧξιῆίέέῖεὸξὲὲᾶὲὲ</strong></span> 
     </span>
    </p>
   </div>
   <div class='ocr_carea' id='block_1_106' title="bbox 115 5613 1649 5685">
    <p class='ocr_par' dir='ltr' id='par_1_106' title="bbox 115 5613 1649 5685">
     <span class='ocr_line' id='line_1_106' title="bbox 115 5613 1649 5685; baseline 0.009 -27"><span class='ocrx_word' id='word_1_728' title='bbox 115 5613 226 5685; x_wconf 54' lang='grc' dir='ltr'><strong>ςξιιε,</strong></span> <span class='ocrx_word' id='word_1_729' title='bbox 251 5622 360 5660; x_wconf 81' lang='lat' dir='ltr'><strong>cum</strong></span> <span class='ocrx_word' id='word_1_730' title='bbox 391 5615 662 5685; x_wconf 59' lang='lat' dir='ltr'><strong>persecuti</strong></span> <span class='ocrx_word' id='word_1_731' title='bbox 687 5629 775 5685; x_wconf 66' lang='lat' dir='ltr'><strong>eos</strong></span> <span class='ocrx_word' id='word_1_732' title='bbox 806 5614 1002 5682; x_wconf 76' lang='lat' dir='ltr'><strong>fuerint</strong></span> <span class='ocrx_word' id='word_1_733' title='bbox 1043 5613 1463 5681; x_wconf 29' lang='lat' dir='ltr'><strong>homines,’etc.,</strong></span> <span class='ocrx_word' id='word_1_734' title='bbox 1503 5619 1649 5685; x_wconf 91' lang='lat' dir='ltr'><strong>quod</strong></span> 
     </span>
    </p>
   </div>
   <div class='ocr_carea' id='block_1_107' title="bbox 115 5675 1648 5756">
    <p class='ocr_par' dir='ltr' id='par_1_107' title="bbox 115 5675 1648 5756">
     <span class='ocr_line' id='line_1_107' title="bbox 115 5675 1648 5756; baseline 0.011 -31"><span class='ocrx_word' id='word_1_735' title='bbox 115 5675 554 5756; x_wconf 38' lang='lat' dir='ltr'><strong>tamen.tton&#39;vidit</strong></span> <span class='ocrx_word' id='word_1_736' title='bbox 577 5675 1124 5756; x_wconf 72' lang='lat' dir='ltr'><strong>Citristophorsonus.</strong></span> <span class='ocrx_word' id='word_1_737' title='bbox 1155 5685 1256 5752; x_wconf 88' lang='lat' dir='ltr'><strong>Qui</strong></span> <span class='ocrx_word' id='word_1_738' title='bbox 1287 5675 1460 5756; x_wconf 79' lang='lat' dir='ltr'><strong>etiam</strong></span> <span class='ocrx_word' id='word_1_739' title='bbox 1489 5675 1540 5756; x_wconf 66' lang='lat' dir='ltr'><strong>in</strong></span> <span class='ocrx_word' id='word_1_740' title='bbox 1582 5701 1648 5742; x_wconf 91' lang='lat' dir='ltr'><strong>eo</strong></span> 
     </span>
    </p>
   </div>
   <div class='ocr_carea' id='block_1_108' title="bbox 116 5737 1646 5825">
    <p class='ocr_par' dir='ltr' id='par_1_108' title="bbox 116 5737 1646 5825">
     <span class='ocr_line' id='line_1_108' title="bbox 116 5737 1646 5825; baseline 0.007 -25"><span class='ocrx_word' id='word_1_741' title='bbox 116 5737 586 5825; x_wconf 36' lang='lat' dir='ltr'><strong>tantatanta...“</strong></span> <span class='ocrx_word' id='word_1_742' title='bbox 615 5754 761 5820; x_wconf 89' lang='lat' dir='ltr'><strong>quod</strong></span> <span class='ocrx_word' id='word_1_743' title='bbox 793 5737 1256 5809; x_wconf 51' lang='lat' dir='ltr'><strong>semiustum</strong></span> <span class='ocrx_word' id='word_1_744' title='bbox 1290 5737 1646 5810; x_wconf 53' lang='lat' dir='ltr'><strong>uentura</strong></span> 
     </span>
    </p>
   </div>
   <div class='ocr_carea' id='block_1_109' title="bbox 113 5811 1647 5899">
    <p class='ocr_par' dir='ltr' id='par_1_109' title="bbox 113 5811 1647 5899">
     <span class='ocr_line' id='line_1_109' title="bbox 113 5811 1647 5899; baseline 0.007 -28"><span class='ocrx_word' id='word_1_745' title='bbox 113 5816 190 5871; x_wconf 83' lang='lat' dir='ltr'><strong>Pro</strong></span> <span class='ocrx_word' id='word_1_746' title='bbox 206 5811 407 5898; x_wconf 76' lang='lat' dir='ltr'><strong>Libyco.</strong></span> <span class='ocrx_word' id='word_1_747' title='bbox 436 5811 736 5890; x_wconf 72' lang='lat' dir='ltr'><strong>Eleganter</strong></span> <span class='ocrx_word' id='word_1_748' title='bbox 761 5834 940 5880; x_wconf 89' lang='lat' dir='ltr'><strong>autem</strong></span> <span class='ocrx_word' id='word_1_749' title='bbox 975 5825 1199 5882; x_wconf 80' lang='lat' dir='ltr'><strong>Rufinus</strong></span> <span class='ocrx_word' id='word_1_750' title='bbox 1227 5825 1370 5883; x_wconf 86' lang='lat' dir='ltr'><strong>hunc</strong></span> <span class='ocrx_word' id='word_1_751' title='bbox 1404 5825 1647 5899; x_wconf 79' lang='lat' dir='ltr'><strong>Dionysii</strong></span> 
     </span>
    </p>
   </div>
   <div class='ocr_carea' id='block_1_110' title="bbox 1778 4635 3358 4708">
    <p class='ocr_par' dir='ltr' id='par_1_110' title="bbox 1778 4635 3358 4708">
     <span class='ocr_line' id='line_1_110' title="bbox 1778 4635 3358 4708; baseline 0 -15"><span class='ocrx_word' id='word_1_752' title='bbox 1778 4635 2146 4707; x_wconf 87' lang='lat' dir='ltr'><strong>colliquefacti</strong></span> <span class='ocrx_word' id='word_1_753' title='bbox 2199 4636 2501 4705; x_wconf 87' lang='lat' dir='ltr'><strong>perierunt.</strong></span> <span class='ocrx_word' id='word_1_754' title='bbox 2531 4635 2792 4692; x_wconf 82' lang='lat' dir='ltr'><strong>Eumdem</strong></span> <span class='ocrx_word' id='word_1_755' title='bbox 2828 4651 2949 4692; x_wconf 91' lang='lat' dir='ltr'><strong>cum</strong></span> <span class='ocrx_word' id='word_1_756' title='bbox 2989 4637 3122 4708; x_wconf 90' lang='lat' dir='ltr'><strong>ipsis</strong></span> <span class='ocrx_word' id='word_1_757' title='bbox 3149 4637 3358 4693; x_wconf 79' lang='lat' dir='ltr'><strong>exitum</strong></span> 
     </span>
    </p>
   </div>
   <div class='ocr_carea' id='block_1_111' title="bbox 1777 4843 3358 4916">
    <p class='ocr_par' dir='ltr' id='par_1_111' title="bbox 1777 4843 3358 4916">
     <span class='ocr_line' id='line_1_111' title="bbox 1777 4843 3358 4916; baseline 0.001 -17"><span class='ocrx_word' id='word_1_758' title='bbox 1777 4845 1958 4901; x_wconf 85' lang='lat' dir='ltr'><strong>locum</strong></span> <span class='ocrx_word' id='word_1_759' title='bbox 1982 4845 2058 4900; x_wconf 86' lang='lat' dir='ltr'><strong>ita</strong></span> <span class='ocrx_word' id='word_1_760' title='bbox 2083 4846 2252 4916; x_wconf 79' lang='lat' dir='ltr'><strong>vertit</strong></span> <span class='ocrx_word' id='word_1_761' title='bbox 2285 4863 2299 4898; x_wconf 93' lang='lat'><strong>:</strong></span> <span class='ocrx_word' id='word_1_762' title='bbox 2327 4844 2480 4900; x_wconf 78' lang='lat' dir='ltr'><strong>Alius</strong></span> <span class='ocrx_word' id='word_1_763' title='bbox 2509 4846 2727 4916; x_wconf 85' lang='lat' dir='ltr'><strong>quidam</strong></span> <span class='ocrx_word' id='word_1_764' title='bbox 2757 4844 2836 4899; x_wconf 71' lang='lat' dir='ltr'><strong>vir</strong></span> <span class='ocrx_word' id='word_1_765' title='bbox 2855 4843 3082 4898; x_wconf 72' lang='lat' dir='ltr'><strong>nominis</strong></span> <span class='ocrx_word' id='word_1_766' title='bbox 3107 4846 3192 4898; x_wconf 76' lang='lat' dir='ltr'><strong>sui</strong></span> <span class='ocrx_word' id='word_1_767' title='bbox 3231 4844 3358 4901; x_wconf 71' lang='lat' dir='ltr'><strong>lla-</strong></span> 
     </span>
    </p>
   </div>
   <div class='ocr_carea' id='block_1_112' title="bbox 1773 4915 3358 4986">
    <p class='ocr_par' dir='ltr' id='par_1_112' title="bbox 1773 4915 3358 4986">
     <span class='ocr_line' id='line_1_112' title="bbox 1773 4915 3358 4986; baseline 0 -16"><span class='ocrx_word' id='word_1_768' title='bbox 1773 4919 1973 4978; x_wconf 81' lang='lat' dir='ltr'><strong>carins,</strong></span> <span class='ocrx_word' id='word_1_769' title='bbox 2014 4928 2165 4984; x_wconf 79' lang='lat' dir='ltr'><strong>gente</strong></span> <span class='ocrx_word' id='word_1_770' title='bbox 2197 4915 2443 4984; x_wconf 72' lang='lat' dir='ltr'><strong>Libycus.</strong></span> <span class='ocrx_word' id='word_1_771' title='bbox 2499 4915 2591 4971; x_wconf 88' lang='lat' dir='ltr'><strong>Sic</strong></span> <span class='ocrx_word' id='word_1_772' title='bbox 2626 4916 2770 4969; x_wconf 88' lang='lat' dir='ltr'><strong>enim</strong></span> <span class='ocrx_word' id='word_1_773' title='bbox 2817 4916 2994 4986; x_wconf 82' lang='lat' dir='ltr'><strong>Latini</strong></span> <span class='ocrx_word' id='word_1_774' title='bbox 3039 4916 3358 4986; x_wconf 85' lang='lat' dir='ltr'><strong>loquuntur,</strong></span> 
     </span>
    </p>
   </div>
   <div class='ocr_carea' id='block_1_113' title="bbox 1773 4985 3356 5057">
    <p class='ocr_par' dir='ltr' id='par_1_113' title="bbox 1773 4985 3356 5057">
     <span class='ocr_line' id='line_1_113' title="bbox 1773 4985 3356 5057; baseline 0.003 -19"><span class='ocrx_word' id='word_1_775' title='bbox 1773 4998 1829 5057; x_wconf 74' lang='lat' dir='ltr'><strong>ut</strong></span> <span class='ocrx_word' id='word_1_776' title='bbox 1860 4987 2165 5043; x_wconf 84' lang='lat' dir='ltr'><strong>Trebellius</strong></span> <span class='ocrx_word' id='word_1_777' title='bbox 2200 4987 2373 5042; x_wconf 87' lang='lat' dir='ltr'><strong>Pollio</strong></span> <span class='ocrx_word' id='word_1_778' title='bbox 2420 4987 2475 5041; x_wconf 89' lang='lat' dir='ltr'><strong>in</strong></span> <span class='ocrx_word' id='word_1_779' title='bbox 2518 4986 2770 5051; x_wconf 83' lang='lat' dir='ltr'><strong>Anreolo,</strong></span> <span class='ocrx_word' id='word_1_780' title='bbox 2807 4996 2862 5040; x_wconf 92' lang='lat' dir='ltr'><strong>et</strong></span> <span class='ocrx_word' id='word_1_781' title='bbox 2909 4985 3258 5057; x_wconf 84' lang='lat' dir='ltr'><strong>Lampridius</strong></span> <span class='ocrx_word' id='word_1_782' title='bbox 3302 4988 3356 5042; x_wconf 91' lang='lat' dir='ltr'><strong>in</strong></span> 
     </span>
    </p>
   </div>
   <div class='ocr_carea' id='block_1_114' title="bbox 1743 5055 2079 5112">
    <p class='ocr_par' dir='ltr' id='par_1_114' title="bbox 1743 5055 2079 5112">
     <span class='ocr_line' id='line_1_114' title="bbox 1743 5055 2079 5112; baseline 0.006 -2"><span class='ocrx_word' id='word_1_783' title='bbox 1743 5081 1748 5086; x_wconf 62' lang='grc' dir='ltr'><strong><em>ν</em></strong></span> <span class='ocrx_word' id='word_1_784' title='bbox 1771 5055 2079 5112; x_wconf 80' lang='lat' dir='ltr'><strong>Commodo.</strong></span> 
     </span>
    </p>
   </div>
   <div class='ocr_carea' id='block_1_115' title="bbox 1843 5125 3354 5195">
    <p class='ocr_par' dir='ltr' id='par_1_115' title="bbox 1843 5125 3354 5195">
     <span class='ocr_line' id='line_1_115' title="bbox 1843 5125 3354 5195; baseline -0.001 -15"><span class='ocrx_word' id='word_1_785' title='bbox 1843 5127 1956 5195; x_wconf 83' lang='lat' dir='ltr'><strong>(l9)</strong></span> <span class='ocrx_word' id='word_1_786' title='bbox 1988 5126 2150 5181; x_wconf 84' lang='grc' dir='ltr'><strong>Μετὰ</strong></span> <span class='ocrx_word' id='word_1_787' title='bbox 2187 5128 2408 5182; x_wconf 75' lang='grc' dir='ltr'><strong>πολύν.</strong></span> <span class='ocrx_word' id='word_1_788' title='bbox 2438 5126 2529 5181; x_wconf 84' lang='lat' dir='ltr'><strong>Sic</strong></span> <span class='ocrx_word' id='word_1_789' title='bbox 2557 5127 2608 5180; x_wconf 93' lang='lat' dir='ltr'><strong>in</strong></span> <span class='ocrx_word' id='word_1_790' title='bbox 2643 5126 2802 5183; x_wconf 85' lang='lat' dir='ltr'><strong>codd.</strong></span> <span class='ocrx_word' id='word_1_791' title='bbox 2844 5125 3101 5182; x_wconf 69' lang='lat' dir='ltr'><strong>Medicam</strong></span> <span class='ocrx_word' id='word_1_792' title='bbox 3122 5141 3185 5181; x_wconf 91' lang='lat' dir='ltr'><strong>ac</strong></span> <span class='ocrx_word' id='word_1_793' title='bbox 3213 5126 3354 5186; x_wconf 80' lang='lat' dir='ltr'><strong>Maz.</strong></span> 
     </span>
    </p>
   </div>
   <div class='ocr_carea' id='block_1_116' title="bbox 1767 5196 3360 5268">
    <p class='ocr_par' dir='ltr' id='par_1_116' title="bbox 1767 5196 3360 5268">
     <span class='ocr_line' id='line_1_116' title="bbox 1767 5196 3360 5268; baseline -0.003 -15"><span class='ocrx_word' id='word_1_794' title='bbox 1767 5196 1904 5253; x_wconf 87' lang='lat' dir='ltr'><strong>Fuk.</strong></span> <span class='ocrx_word' id='word_1_795' title='bbox 1937 5208 1992 5251; x_wconf 91' lang='lat' dir='ltr'><strong>et</strong></span> <span class='ocrx_word' id='word_1_796' title='bbox 2028 5199 2196 5268; x_wconf 79' lang='lat' dir='ltr'><strong>Savil.</strong></span> <span class='ocrx_word' id='word_1_797' title='bbox 2245 5209 2302 5252; x_wconf 91' lang='lat' dir='ltr'><strong>et</strong></span> <span class='ocrx_word' id='word_1_798' title='bbox 2346 5199 2486 5267; x_wconf 88' lang='lat' dir='ltr'><strong>apud</strong></span> <span class='ocrx_word' id='word_1_799' title='bbox 2517 5197 2808 5266; x_wconf 78' lang='lat' dir='ltr'><strong>Georgium</strong></span> <span class='ocrx_word' id='word_1_800' title='bbox 2858 5197 3168 5268; x_wconf 88' lang='lat' dir='ltr'><strong>Syncellum</strong></span> <span class='ocrx_word' id='word_1_801' title='bbox 3221 5197 3360 5268; x_wconf 38' lang='lat' dir='ltr'><strong>legi:</strong></span> 
     </span>
    </p>
   </div>
   <div class='ocr_carea' id='block_1_117' title="bbox 1771 5267 3358 5337">
    <p class='ocr_par' dir='ltr' id='par_1_117' title="bbox 1771 5267 3358 5337">
     <span class='ocr_line' id='line_1_117' title="bbox 1771 5267 3358 5337; baseline -0.001 -16"><span class='ocrx_word' id='word_1_802' title='bbox 1771 5277 1892 5333; x_wconf 91' lang='lat' dir='ltr'><strong>tur;</strong></span> <span class='ocrx_word' id='word_1_803' title='bbox 1941 5284 2064 5337; x_wconf 66' lang='lat' dir='ltr'><strong>quae</strong></span> <span class='ocrx_word' id='word_1_804' title='bbox 2108 5267 2274 5322; x_wconf 80' lang='lat' dir='ltr'><strong>let-tio</strong></span> <span class='ocrx_word' id='word_1_805' title='bbox 2343 5271 2514 5332; x_wconf 73' lang='lat' dir='ltr'><strong>magis</strong></span> <span class='ocrx_word' id='word_1_806' title='bbox 2560 5267 2733 5337; x_wconf 89' lang='lat' dir='ltr'><strong>placet</strong></span> <span class='ocrx_word' id='word_1_807' title='bbox 2777 5267 2938 5337; x_wconf 86' lang='lat' dir='ltr'><strong>quam</strong></span> <span class='ocrx_word' id='word_1_808' title='bbox 2980 5268 3178 5331; x_wconf 75' lang='lat' dir='ltr'><strong>vulgati</strong></span> <span class='ocrx_word' id='word_1_809' title='bbox 3234 5267 3358 5336; x_wconf 81' lang='grc' dir='ltr'><strong>μετ’</strong></span> 
     </span>
    </p>
   </div>
   <div class='ocr_carea' id='block_1_118' title="bbox 1765 5337 3356 5401">
    <p class='ocr_par' dir='ltr' id='par_1_118' title="bbox 1765 5337 3356 5401">
     <span class='ocr_line' id='line_1_118' title="bbox 1765 5337 3356 5401; baseline 0 -11"><span class='ocrx_word' id='word_1_810' title='bbox 1765 5337 1848 5401; x_wconf 78' lang='grc' dir='ltr'><strong>ού,</strong></span> <span class='ocrx_word' id='word_1_811' title='bbox 1901 5348 1957 5391; x_wconf 91' lang='lat' dir='ltr'><strong>et</strong></span> <span class='ocrx_word' id='word_1_812' title='bbox 2009 5339 2186 5392; x_wconf 82' lang='lat' dir='ltr'><strong>Ruﬁni</strong></span> <span class='ocrx_word' id='word_1_813' title='bbox 2245 5342 2572 5392; x_wconf 86' lang='lat' dir='ltr'><strong>auctoritate</strong></span> <span class='ocrx_word' id='word_1_814' title='bbox 2627 5340 3002 5391; x_wconf 88' lang='lat' dir='ltr'><strong>conﬁrmatur.</strong></span> <span class='ocrx_word' id='word_1_815' title='bbox 3058 5339 3112 5391; x_wconf 92' lang='lat' dir='ltr'><strong>In</strong></span> <span class='ocrx_word' id='word_1_816' title='bbox 3165 5338 3356 5390; x_wconf 85' lang='lat' dir='ltr'><strong>codice</strong></span> 
     </span>
    </p>
   </div>
   <div class='ocr_carea' id='block_1_119' title="bbox 1766 5407 3354 5479">
    <p class='ocr_par' dir='ltr' id='par_1_119' title="bbox 1766 5407 3354 5479">
     <span class='ocr_line' id='line_1_119' title="bbox 1766 5407 3354 5479; baseline 0.002 -19"><span class='ocrx_word' id='word_1_817' title='bbox 1766 5407 1938 5478; x_wconf 80' lang='lat' dir='ltr'><strong>Regio</strong></span> <span class='ocrx_word' id='word_1_818' title='bbox 1962 5408 2158 5479; x_wconf 86' lang='lat' dir='ltr'><strong>legitur</strong></span> <span class='ocrx_word' id='word_1_819' title='bbox 2183 5409 2346 5463; x_wconf 83' lang='lat' dir='ltr'><strong>etiam</strong></span> <span class='ocrx_word' id='word_1_820' title='bbox 2378 5407 2436 5462; x_wconf 80' lang='grc' dir='ltr'><strong>ὃν</strong></span> <span class='ocrx_word' id='word_1_821' title='bbox 2464 5408 2771 5477; x_wconf 83' lang='grc' dir='ltr'><strong>ἐνέμειναν,</strong></span> <span class='ocrx_word' id='word_1_822' title='bbox 2798 5417 2906 5463; x_wconf 88' lang='lat' dir='ltr'><strong>etc.</strong></span> <span class='ocrx_word' id='word_1_823' title='bbox 2935 5412 3068 5474; x_wconf 66' lang='lat' dir='ltr'><strong>Quae</strong></span> <span class='ocrx_word' id='word_1_824' title='bbox 3113 5407 3274 5479; x_wconf 86' lang='lat' dir='ltr'><strong>lectio</strong></span> <span class='ocrx_word' id='word_1_825' title='bbox 3306 5407 3354 5464; x_wconf 88' lang='lat' dir='ltr'><strong>si</strong></span> 
     </span>
    </p>
   </div>
   <div class='ocr_carea' id='block_1_120' title="bbox 1762 5477 3352 5603">
    <p class='ocr_par' dir='ltr' id='par_1_120' title="bbox 1762 5477 3352 5603">
     <span class='ocr_line' id='line_1_120' title="bbox 1762 5477 3352 5603; baseline 0.001 -72"><span class='ocrx_word' id='word_1_826' title='bbox 1762 5477 2034 5603; x_wconf 65' lang='lat' dir='ltr'><strong>veraeslt,</strong></span> <span class='ocrx_word' id='word_1_827' title='bbox 2081 5481 2306 5534; x_wconf 88' lang='lat' dir='ltr'><strong>omnino</strong></span> <span class='ocrx_word' id='word_1_828' title='bbox 2350 5482 2544 5535; x_wconf 86' lang='lat' dir='ltr'><strong>abesse</strong></span> <span class='ocrx_word' id='word_1_829' title='bbox 2589 5489 2809 5550; x_wconf 88' lang='lat' dir='ltr'><strong>oportet</strong></span> <span class='ocrx_word' id='word_1_830' title='bbox 2848 5479 3156 5549; x_wconf 80' lang='lat' dir='ltr'><strong>negativam</strong></span> <span class='ocrx_word' id='word_1_831' title='bbox 3203 5477 3352 5532; x_wconf 86' lang='lat' dir='ltr'><strong>illam</strong></span> 
     </span>
     <span class='ocr_line' id='line_1_121' title="bbox 1763 5557 2106 5603; baseline 0 0"><span class='ocrx_word' id='word_1_832' title='bbox 1763 5557 1970 5603; x_wconf 83' lang='lat' dir='ltr'><strong>Darttcu</strong></span> <span class='ocrx_word' id='word_1_833' title='bbox 1998 5565 2106 5603; x_wconf 88' lang='lat' dir='ltr'><strong>am.</strong></span> 
     </span>
    </p>
   </div>
   <div class='ocr_carea' id='block_1_121' title="bbox 1798 5550 2106 5603">
    <p class='ocr_par' dir='ltr' id='par_1_121' title="bbox 1798 5550 2106 5603">
     <span class='ocr_line' id='line_1_122' title="bbox 1798 5550 2106 5603; baseline 0.006 -2"><span class='ocrx_word' id='word_1_834' title='bbox 1798 5550 2106 5603; x_wconf 86' lang='lat' dir='ltr'><strong>articulam.</strong></span> 
     </span>
    </p>
   </div>
   <div class='ocr_carea' id='block_1_122' title="bbox 1763 5564 3354 5692">
    <p class='ocr_par' dir='ltr' id='par_1_122' title="bbox 1763 5564 3354 5692">
     <span class='ocr_line' id='line_1_123' title="bbox 1763 5564 2106 5618; baseline 0.006 -17"><span class='ocrx_word' id='word_1_835' title='bbox 1763 5564 2106 5618; x_wconf 71' lang='lat' dir='ltr'><strong>particulam.</strong></span> 
     </span>
     <span class='ocr_line' id='line_1_124' title="bbox 1829 5609 3354 5692; baseline 0.001 -20"><span class='ocrx_word' id='word_1_836' title='bbox 1829 5609 1948 5692; x_wconf 70' lang='lat'><strong>(20)</strong></span> <span class='ocrx_word' id='word_1_837' title='bbox 1977 5619 2282 5692; x_wconf 75' lang='grc' dir='ltr'><strong>Διονυσία.</strong></span> <span class='ocrx_word' id='word_1_838' title='bbox 2308 5618 2441 5692; x_wconf 77' lang='lat' dir='ltr'><strong>Post</strong></span> <span class='ocrx_word' id='word_1_839' title='bbox 2470 5619 2587 5692; x_wconf 60' lang='lat' dir='ltr'><strong>haec</strong></span> <span class='ocrx_word' id='word_1_840' title='bbox 2617 5621 2783 5675; x_wconf 86' lang='lat' dir='ltr'><strong>verba</strong></span> <span class='ocrx_word' id='word_1_841' title='bbox 2822 5619 3006 5675; x_wconf 90' lang='lat' dir='ltr'><strong>addidi</strong></span> <span class='ocrx_word' id='word_1_842' title='bbox 3036 5635 3111 5692; x_wconf 80' lang='lat' dir='ltr'><strong>ex</strong></span> <span class='ocrx_word' id='word_1_843' title='bbox 3147 5618 3354 5692; x_wconf 79' lang='lat' dir='ltr'><strong>Rufino</strong></span> 
     </span>
    </p>
   </div>
   <div class='ocr_carea' id='block_1_123' title="bbox 1757 5688 3436 5763">
    <p class='ocr_par' dir='ltr' id='par_1_123' title="bbox 1757 5688 3436 5763">
     <span class='ocr_line' id='line_1_125' title="bbox 1757 5688 3436 5763; baseline 0.001 -19"><span class='ocrx_word' id='word_1_844' title='bbox 1757 5688 2255 5763; x_wconf 74' lang='grc' dir='ltr'><strong>καῖἈμμωνὰριον</strong></span> <span class='ocrx_word' id='word_1_845' title='bbox 2281 5689 2465 5763; x_wconf 75' lang='grc' dir='ltr'><strong>ἑτέρα.</strong></span> <span class='ocrx_word' id='word_1_846' title='bbox 2493 5690 2739 5757; x_wconf 85' lang='lat' dir='ltr'><strong>Quatuor</strong></span> <span class='ocrx_word' id='word_1_847' title='bbox 2764 5692 2909 5748; x_wconf 86' lang='lat' dir='ltr'><strong>enim</strong></span> <span class='ocrx_word' id='word_1_848' title='bbox 2940 5691 3197 5748; x_wconf 82' lang='lat' dir='ltr'><strong>mulieres</strong></span> <span class='ocrx_word' id='word_1_849' title='bbox 3227 5688 3355 5745; x_wconf 71' lang='lat' dir='ltr'><strong>illa!</strong></span> <span class='ocrx_word' id='word_1_850' title='bbox 3425 5723 3436 5727; x_wconf 93' lang='lat'>—</span> 
     </span>
    </p>
   </div>
   <div class='ocr_carea' id='block_1_124' title="bbox 1758 5760 2627 5834">
    <p class='ocr_par' dir='ltr' id='par_1_124' title="bbox 1758 5760 2627 5834">
     <span class='ocr_line' id='line_1_126' title="bbox 1758 5760 2627 5834; baseline 0.006 -21"><span class='ocrx_word' id='word_1_851' title='bbox 1758 5760 1944 5819; x_wconf 81' lang='lat' dir='ltr'><strong>fuisse</strong></span> <span class='ocrx_word' id='word_1_852' title='bbox 1960 5760 2119 5834; x_wconf 80' lang='lat' dir='ltr'><strong>supra</strong></span> <span class='ocrx_word' id='word_1_853' title='bbox 2140 5760 2288 5818; x_wconf 82' lang='lat' dir='ltr'><strong>dixit</strong></span> <span class='ocrx_word' id='word_1_854' title='bbox 2317 5760 2627 5832; x_wconf 76' lang='lat' dir='ltr'><strong>Dionysius.</strong></span> 
     </span>
    </p>
   </div>
  </div>
