3876 6488
563 391 655 445 Gil

1301 386 1567 442 EL'SEBII
1609 383 2089 440 CESARIENSIS
2129 383 2279 440 OPP.
2323 383 2500 442 PARS
2539 383 2576 440 Ι.
2615 416 2682 428 --
2719 381 3108 442 msrumca.
3687 388 3769 446 6i!

557 502 769 558 sortitae
792 509 918 555 sunt
953 511 1182 570 quatuor
1229 501 1505 556 mulieres.
1569 502 1977 556 Ammonarium
2010 503 2101 568 qui

2237 521 2336 573 ραν
2363 503 2643 557 λαϐοῦσαι.
2695 503 2808 567 Τὰς
2857 504 2966 574 γὰρ
3011 506 3151 575 ὑπὲρ
3197 505 3405 568 πασῶν,
3464 506 3493 559 ὁ
3537 502 3769 580 πρόμαχος

557 595 676 648 dem
725 592 877 662 virgo
932 593 1302 656 sanctissima,
1360 609 1482 647 cum
1530 609 1557 645 a
1614 593 1796 660 judice
1827 593 2134 648 diutissime

558 694 699 738 torta
727 683 939 748 fuisset,
968 684 1174 751 ingenti
1209 699 1330 737 cum
1357 684 1655 753 pertinacia
1682 694 1968 754 propterea
1991 685 2132 754 quod

557 777 732 846 palam
761 777 1110 846 praedixerat,
1141 774 1273 829 nihil
1296 791 1485 830 eorum
1547 791 1668 846 qua:
1699 775 1865 845 jndex
1890 775 2133 843 jusscrat

555 870 888 939 prolaturam
929 883 989 922 se
1028 882 1171 930 esse,
1229 867 1674 935 pollicitationem
1723 883 1872 921 suam
1901 883 2130 922 exsecuo

556 961 685 1016 tioni
734 961 1019 1024 mandans,
1085 958 1152 1012 ad
1188 959 1516 1027 supplicium
1565 959 1794 1013 abducta
1829 969 1932 1015 est.
1968 958 2129 1013 Resi-

553 1058 673 1110 duaa
702 1069 853 1119 vero,
909 1053 1176 1109 Mercuria
1227 1053 1434 1108 scilicet
1494 1067 1630 1106 anus
1671 1052 1937 1123 imprimis
1962 1067 2129 1107 vene-

552 1150 740 1212 randa,
783 1157 838 1200 et
872 1147 1150 1219 Dionysia,
1187 1147 1544 1218 plurimorum
1579 1145 1795 1216 quidem
1830 1145 2126 1201 liberorum

551 1251 744 1306 mater,
776 1240 869 1294 sed
895 1255 1015 1309 qua:
1038 1239 1262 1310 pignora
1292 1253 1388 1291 sua
1425 1238 1618 1292 minori
1647 1252 1810 1307 quam
1836 1237 2125 1292 Dominum

549 1332 817 1387 charitate
855 1329 1137 1398 complexa
1189 1337 1275 1383 est
1308 1347 1322 1382 :
1359 1337 1414 1382 et
1456 1327 1561 1381 alia
1615 1341 1805 1380 rursus
1834 1326 2127 1381 Ammona-

549 1427 684 1478 rium
715 1439 876 1478 :cum
906 1421 1222 1491 praefectum
1263 1419 1375 1488 jam
1404 1420 1630 1489 puderet
1653 1435 1746 1474 eas
1782 1418 2011 1485 ulterius
2037 1420 2122 1473 in-

544 1531 759 1571 eassum
817 1523 1098 1582 torquere,
1150 1522 1208 1566 et
1263 1525 1291 1563 a
1347 1508 1564 1564 feminis
1617 1510 1883 1579 superari,
1942 1511 2124 1581 gladio

543 1622 696 1661 cavsae
731 1617 878 1668 sunt,
928 1603 1090 1657 nullis
1116 1603 1265 1670 prius
1315 1602 1602 1655 tormentis
1632 1603 1884 1657 subditaz.
1909 1601 2120 1656 Etenim

541 1713 728 1750 earum
759 1697 1011 1765 princeps
1037 1703 1092 1748 et
1153 1693 1510 1760 antesignana
1554 1692 1986 1759 Ammonarium,
2023 1709 2122 1763 pro

540 1786 794 1838 omnibus
827 1793 1091 1838 tormenta
1135 1782 1453 1852 pertulerat.
1499 1781 1677 1837 lleron
1713 1786 1876 1838 etiam
1907 1796 1960 1838 et
1992 1787 2122 1839 Ater

2249 594 2626 664 Ἀμμωνάριον
2668 595 2976 648 άνεδέδεκτο
3033 595 3317 665 βασάνους.
3369 597 3574 668 Ἥρων.
3609 598 3656 651 δὲ
3697 599 3770 654 καὶ

2247 685 2410 757 ’Δτὴρ
2434 686 2545 756 (21)
2587 689 2678 740 καὶ
2724 687 2994 758 Ἰσίδωρος
3027 687 3338 757 Αἰγύπτιοι,
3373 689 3468 742 καὶ
3497 690 3590 742 σὺν
3626 692 3770 756 αὐτοῖς

2235 778 2519 851 παιδάριον
2561 780 2636 844 ώς
2679 781 3202 851 πεντεκαιδεκαέτης
3237 784 3267 834 ὅ
3301 783 3606 856 Διόσκορος,
3639 804 3770 859 παρε-

2231 869 2461 939 δύθησαν
2481 888 2496 900 ·
2533 872 2627 924 καὶ
2654 871 2871 942 πρῶτον
2899 872 2959 924 τὸ
2991 873 3274 943 μειράκιον
3298 874 3480 942 λόγοις
3516 893 3572 929 τε
3599 878 3769 949 ὰπατᾷν

2231 963 2307 1026 ώς
2356 963 2772 1034 εύπαράγωγον,
2819 965 2913 1016 καὶ
2961 963 3212 1033 βασάνοις
3255 969 3678 1036 καταναγκάζειν
3710 973 3768 1037 ὡς

2231 1053 2505 1107 εύένδοτον
2532 1055 2895 1126 πειρωμένου,
2923 1054 3044 1108 οὔτε
3069 1057 3298 1128 ἐπείσθη
3319 1057 3445 1111 οὔτε
3468 1055 3602 1124 εἶξεν
3621 1062 3769 1116 Mula-

2229 1163 2410 1216 κορος.
2449 1147 2586 1210 Τοὺς
2611 1146 2667 1199 δὲ
2683 1147 2906 1212 λοιποὺς
2928 1150 3243 1221 ἀγριώτατα
3263 1151 3593 1221 καταξήνας,
3610 1154 3766 1226 ἐγκαρ-

2227 1242 2584 1313 τερήσαντας,
2631 1243 2764 1314 πυρὶ
2811 1243 2905 1296 καὶ
2954 1243 3176 1307 τούτους
3209 1245 3580 1316 παραδέδωκε,
3620 1247 3696 1308 τὸν
3723 1250 3766 1302 δὲ

2227 1335 2517 1405 Διδσκορον
2557 1334 3071 1407 ὲλλαμπρυνάμενόν
3099 1355 3166 1407 γτε
3206 1338 3464 1409 δημοσία,
3500 1340 3590 1392 καὶ
3629 1341 3768 1409 coeti)-

2227 1441 2362 1476 τατα
2393 1423 2528 1495 πρδς
2561 1423 2660 1486 τὰς
2689 1424 2827 1488 ἰδίας
2871 1425 3089 1490 πεύσεις
3128 1427 3567 1499 ἀποκρινάμενον
3597 1429 3768 1500 θαυμά-

2227 1532 2360 1579 σας,
2393 1516 2662 1587 παρῆκεν,
2693 1517 2984 1589 ὑπέρθεσιν
3014 1521 3190 1590 φήσας
3229 1522 3308 1584 εἰς
3340 1521 3618 1591 μετάνοιαν
3651 1523 3767 1592 αὑτῷ

2223 1607 2308 1660 διὰ
2333 1609 2432 1679 τὴν
2459 1608 2675 1680 ἡλικῖαν
2715 1611 3054 1682 ἑπιμετρεῖν.
3095 1613 3204 1666 Καὶ
3227 1611 3322 1664 νῦν
3351 1614 3380 1666 δ
3407 1612 3768 1684 θεοπρεπέστα-

2221 1718 2314 1763 τος
2357 1701 2452 1753 σὺν
2496 1702 2628 1771 ἡμῖν
2673 1702 2788 1754 ἐστι
2836 1703 3157 1774 Διόσκορος,
3197 1704 3278 1767 εἰς
3331 1705 3656 1776 μακρότερον
3694 1706 3767 1759 τὸν

2222 1793 2408 1862 ἀγῶνα
2437 1795 2531 1847 καὶ
2557 1795 2939 1866 διαρκέστερον
2968 1797 3157 1866 μείνας
3183 1795 3276 1850 τὸν
3305 1791 3488 1851 ἆθλον.
3524 1791 3766 1868 Νεμεσξων

539 1885 594 1929 et
625 1875 883 1944 Isidorus,
924 1873 1190 1944 Egy'ptii,
1249 1887 1480 1941 cumque
1517 1873 1619 1928 illis
1650 1873 1939 1929 Dioscorus
1963 1891 2102 1944 puer

2226 1891 2281 1944 δέ
2318 1908 2402 1953 τις
2439 1892 2690 1954 κάκεῖνος
2727 1891 3043 1960 Αἰγύπτιος,
3094 1892 3509 1963 ὲσυκοφαντήθη
3561 1893 3666 1962 μὲν,
3706 1891 3766 1956 ὥς

541 1983 712 2022 annos
734 1967 950 2021 circiter
971 1966 1284 2036 quindecim
1340 1976 1518 2032 natus,
1561 1967 1726 2034 judici
1768 1967 1931 2022 oblati
1971 1978 2115 2025 sunt.

541 2059 749 2112 Etcum
778 2059 941 2127 jndex
971 2059 1204 2127 primum
1234 2067 1362 2114 ante
1409 2059 1542 2112 alios
1559 2059 1948 2115 adolescentem
1973 2056 2121 2113 Dios-

540 2162 751 2214 corum,
792 2145 985 2216 partim
1043 2147 1388 2202 sermonibus
1419 2155 1478 2201 ut
1520 2147 1809 2202 ﬂexibilem
1841 2149 2112 2218 decipere,

541 2241 737 2308 partim
780 2238 1070 2294 tormentis
1133 2248 1194 2293 ut
1246 2238 1463 2294 mollem
1518 2255 1580 2295 ac
1617 2250 1864 2294 tenerum
1919 2257 2115 2312 cogere

537 2330 880 2393 tentavisset,
911 2329 1000 2384 ille
1053 2345 1152 2384 nec
1185 2331 1632 2399 persuasionibus
1663 2331 1827 2386 cessit
1873 2347 1971 2386 nec
2006 2343 2116 2386 tor-

537 2422 753 2477 mentis.
809 2421 1021 2490 Reliqui
1053 2422 1432 2476 crudelissime
1485 2424 1777 2486 verberati,
1821 2439 1946 2479 cum
1982 2439 2110 2478 cru-

532 2514 706 2569 ciatus
747 2513 962 2568 fortiter
1006 2515 1414 2579 sustinuissent,
1481 2515 1588 2584 igni
1645 2515 1808 2568 etiam
1859 2513 1958 2582 ipsi
1985 2523 2113 2568 sunt

533 2607 743 2660 traditi.
808 2607 1124 2662 Dioscorum
1174 2621 1302 2660 vero
1336 2607 1426 2674 qui
1457 2606 1510 2658 in
1549 2607 1787 2661 omnium
1815 2616 2108 2676 ceaspectu

531 2699 884 2764 inclaruerat,
919 2698 1086 2767 etqui
1122 2697 1189 2752 ad
1213 2699 1393 2753 omnia
1449 2698 1786 2770 interrogata
1816 2697 2110 2768 sapientis-

529 2795 666 2850 sime
723 2794 1096 2861 responderat,
1139 2793 1444 2846 admiratus
1487 2790 1652 2860 judex
1711 2791 1940 2857 dimisit,
1985 2806 2110 2860 Spa-

529 2893 664 2941 tium
690 2903 751 2943 se
776 2887 848 2940 illi
876 2887 940 2940 ad
972 2884 1346 2955 pmnitentiam
1400 2883 1699 2938 concedere
1729 2882 2003 2938 aﬂirmaus
2037 2883 2107 2938 ob

525 2983 702 3034 relatis
762 2979 1160 3033 infirmitatem.
1197 2975 1264 3029 Et
1316 2990 1458 3029 nunc
1515 2975 1797 3030 nobiscum
1833 2975 2107 3043 'versatur

529 3071 746 3136 divinus
795 3055 1110 3136 Dioscorus,
1153 3069 1206 3123 in
1267 3067 1440 3135 majus
1484 3082 1546 3121 ac
1576 3066 1883 3122 diuturnius
1941 3065 2107 3138 25,0

521 3177 800 3220 certamen
861 3173 1194 3220 reservatus.
1249 3159 1355 3216 Sed
1400 3170 1453 3216 et
1503 3159 1795 3217 Nemesion
1855 3161 2098 3230 quidam,

519 3259 685 3313 etiam
717 3259 832 3328 ipse
874 3255 1183 3328 Egyptius,
1230 3257 1466 3328 primum
1501 3255 1714 3324 quidem
1769 3253 1904 3308 falso
1940 3268 2103 3308 accu-

519 3357 673 3403 satus
708 3347 890 3402 fuerat
920 3358 1195 3418 tamquam
1251 3349 1434 3404 socius
1489 3355 1544 3402 et
1575 3345 1984 3401 contubernalis
2024 3344 2103 3398 la-

522 3450 761 3496 tronum.
813 3439 1011 3493 Postea
1049 3455 1179 3495 vero
1207 3455 1330 3495 cum
1359 3439 1500 3508 apud
1551 3439 1926 3494 centurionem
1961 3438 2101 3492 hanc

520 3531 846 3587 calumniam
871 3547 900 3585 a
929 3547 989 3588 se
1022 3531 1215 3602 utique
1235 3532 1627 3587 alienissimam
1661 3530 1980 3602 depulisset,
2007 3529 2101 3584 de-

521 3624 664 3680 latus
692 3625 838 3693 quod
874 3624 1222 3679 Christianus
1247 3631 1414 3688 esset,
1452 3621 1518 3676 ad
1543 3623 1854 3693 praefectum
1885 3624 2102 3676 vinctus

519 3704 828 3769 adducitur.
887 3714 958 3768 At
1009 3713 1099 3769 ille
1151 3714 1529 3784 iniquissimus
1587 3712 2091 3783 judex,postquam

518 3822 642 3863 cum
667 3806 828 3876 duplo
853 3807 1196 3877 gravioribus
1222 3823 1386 3876 quam
1443 3807 1683 3876 reliquos
1714 3805 1953 3861 latrones
1979 3815 2093 3859 tor-

521 3902 721 3956 mentis
751 3916 816 3956 ac
848 3900 1173 3958 verberibus
1199 3900 1491 3967 aﬂ'ecisset,
1531 3901 1674 3956 inter
1715 3898 1953 3954 latrones
1977 3895 2096 3965 jus-

517 3992 595 4047 sit
648 3993 887 4048 incendi.
947 3993 1011 4047 Et
1073 3994 1151 4049 sic
1199 3986 1301 4048 'vir
1347 3992 1690 4049 beatissimus
1741 3989 2094 4045 similitudine

2224 1977 2288 2048 δὴ
2337 1976 2582 2042 σύνοικος
2628 1977 2860 2052 λῃστῶν,
2889 1979 3295 2051 ἀποδυσάμενος
3323 1981 3381 2034 δὲ
3411 1982 3624 2053 ταύτην·
3644 1982 3765 2053 παρὰ

2223 2067 2302 2137 τῷ
2333 2057 2714 2138 έκατοντὰρχῳ
2742 2069 2842 2140 τὴν
2875 2067 3310 2141 ἁλλοτριωτάτην
3339 2072 3462 2124 κατ’
3491 2071 3642 2125 αὐτοῦ
3673 2071 3764 2125 δια·

2224 2159 2409 2230 δολὴν,
2461 2161 2870 2232 καταμηνυθεὶς
2900 2161 2976 2225 ώς
3006 2162 3350 2233 Χριστιανὸς,
3386 2159 3490 2235 ἧκε
3521 2162 3764 2234 δεσμώτης

2223 2252 2314 2304 ἐπὶ
2343 2251 2432 2306 τὸν
2466 2252 2787 2324 ἡγούμενον.
2825 2254 2882 2308 '0
2922 2254 2980 2307 δὲ
3027 2254 3361 2318 ἀδικώτατος
3389 2255 3602 2320 διπλαῖς
3630 2255 3762 2309 αὐτὸν

2220 2343 2252 2413 ἦ
2283 2345 2409 2406 τοὺς
2435 2343 2638 2417 imm-ii;
2664 2347 2782 2408 ταῖς
2813 2362 2872 2398 τε
2905 2345 3158 2415 βασάνοις
3188 2346 3281 2399 καὶ⁵
3312 2349 3434 2410 ταῖς
3470 2345 3672 2417 μάστιξι
3691 2345 3766 2400 λυ-

2224 2435 2554 2506 μηνάμενος,
2575 2435 2776 2505 μεταξὺ
2795 2436 2904 2489 τῶν
2926 2436 3138 2508 λῃστῶν
3167 2439 3488 2509 κατέφλεξε,
3503 2440 3764 2511 τιμηθέντα

2217 2527 2310 2580 τὸν
2333 2527 2598 2598 μακάριον
2629 2527 2706 2598 τῷ
2731 2527 2824 2580 τοῦ
2855 2528 3092 2600 Χριστοῦ
3123 2530 3546 2601 παραδείγματι.
3581 2531 3762 2602 Ἀθρόον

2217 2618 2272 2672 δέ
2289 2637 2342 2672 τι
2366 2618 2649 2690 σύνταγμα
2670 2619 2804 2688 (21⁵)
2825 2621 3232 2691 στρατιωτικὸν,
3252 2623 3486 2692 Ἀμμων
3504 2623 3592 2676 καὶ
3607 2624 3762 2692 Ζήνων

2217 2711 2309 2763 καὶ
2340 2709 2672 2781 Πτολεμαῖος
2731 2711 2827 2764 καὶ
2868 2711 3132 2782 Ἰγγένης,
3167 2713 3261 2764 καὶ
3305 2713 3405 2766 σὺν
3433 2713 3612 2776 αὐτοῖς
3650 2727 3761 2783 πρε-

2218 2795 2418 2867 σϐύτης
2447 2797 2723 2866 Θεόφιλος,
2773 2799 3118 2870 εἱστήκεισαν
3161 2801 3268 2870 πρὸ
3294 2800 3389 2854 τοῦ
3412 2800 3756 2873 δικαστηρίου·

2214 2887 2534 2958 κρινομένου
2562 2889 2625 2959 δή
2660 2906 2803 2952 τινος
2828 2890 2904 2953 ὡς
2931 2890 3256 2961 Χριστιανοῦ
3284 2893 3378 2947 καὶ
3409 2893 3546 2964 πρὸς
3567 2893 3760 2962 ἄρνησιν

2212 2977 2311 3048 ἤδη
2346 2978 2618 3048 ῥέποντος,
2650 2979 2899 3050 ὲπρεοντο
2927 2975 3069 3034 οὗτοι
3105 2983 3535 3053 παρεστηκότες,
3559 2983 3644 3036 καὶ
3664 2982 3759 3045 τοῖς

2210 3084 2269 3120 τε
2303 3067 2614 3140 προσώποις
2667 3069 2928 3136 ἐνένευον,
2981 3073 3076 3126 καὶ
3115 3073 3216 3136 τὰς
3265 3077 3455 3145 χεῖρας
3502 3075 3755 3135 ἀνέτεινον,

2211 3161 2306 3213 καὶ
2341 3163 2864 3232 συνεσχηματίζοντο
2892 3166 3006 3227 τοῖς
3037 3163 3304 3234 σώμασιν.
3349 3165 3756 3238 Ἐπιστροφῆςδὲ

2208 3253 2424 3306 πάντων
2471 3253 2605 3324 πρὸς
2647 3254 2843 3318 αὐτοὺς
2893 3256 3212 3326 γενομένης,
3249 3258 3378 3328 πρίν
3417 3274 3567 3320 τινας
3605 3256 3755 3310 αὐτῶν

2207 3344 2399 3408 ἄλλους
2425 3343 2703 3409 λαϐέσθαι,
2739 3346 3042 3414 φθάσαντες
3074 3349 3166 3401 ἐπὶ
3193 3349 3253 3401 τὸ
3301 3348 3501 3421 βάθρον
3529 3349 3631 3420 (2‘2)
3657 3347 3756 3401 ἀνέ-

2205 3435 2432 3509 δραμον,
2456 3433 2592 3491 εἶναι
2616 3440 2931 3509 Χριστιανοὶ
2955 3439 3221 3508 λέγοντες,
3252 3441 3328 3505 ὡς
3354 3443 3445 3494 τόν
3464 3460 3520 3495 τε
3541 3441 3754 3513 ἡγεμόνα

2205 3529 2298 3581 καὶ
2326 3531 2452 3592 τοὺς
2483 3529 2771 3602 συνέδρους
2797 3531 3068 3602 έμιρόδους
3100 3532 3374 3600 γενέσθαι,
3409 3536 3504 3587 καὶ
3528 3535 3648 3596 τοὺς
3674 3532 3754 3604 μὲν

2203 3619 2556 3690 κρινομένους
2584 3621 3068 3694 εὐθαρσεστάτους,
3099 3624 3184 3693 ἐφ’
3217 3619 3300 3687 οἷς
3331 3625 3623 3689 πείσονται,
3654 3624 3749 3694 φαί-

2201 3709 2407 3771 νεσθαι,
2443 3712 2567 3774 τοὺς
2595 3711 2652 3764 δὲ
2681 3711 2996 3776 δικάζοντας
3019 3713 3347 3784 άποδειλιᾷν.
3378 3716 3488 3768 Καὶ
3510 3710 3644 3769 οὗτοι
3674 3712 3755 3783 μὲν

2203 3805 2268 3856 ὲκ
2293 3804 2659 3876 δικαστηρίων
2700 3805 3113 3875 ένεπόμπευσαν
3140 3807 3234 3859 καὶ
3267 3806 3659 3876 ἠγαλλιάσαντο
3695 3805 3749 3872 τῇ

2205 3895 2500 3967 μαρτυρία,
2555 3895 2976 3968 θριαμϐεύοντος
3007 3897 3119 3970 (25)
3165 3898 3366 3963 αὐτοὺς
3414 3898 3631 3966 ἐνδόξως
3674 3893 3751 3948 τοῦ

2202 3986 2356 4039 Θεοῦ.
2382 4007 2401 4039 ι

515 4083 718 4140 Christi
757 4086 1057 4142 honoratus
1115 4096 1225 4142 est.
1274 4086 1445 4142 Porro
1482 4086 1769 4140 universus
1810 4081 1974 4137 simul
2025 4082 2258 4136 militum
2323 4081 2632 4150 manipulus
2691 4081 2921 4136 Ammon
2992 4081 3200 4138 scilicet
3256 4083 3425 4149 Zeno,
3462 4081 3754 4138 Ptolemaeus

511 4190 569 4237 et
633 4180 922 4252 lngenuus,
971 4197 1207 4252 eumque
1261 4182 1367 4238 illis
1405 4197 1572 4238 senex
1631 4179 1988 4249 The0phi|us,
2029 4188 2156 4234 ante
2194 4178 2509 4248 praetorium
2556 4179 2797 4234 stabant.
2847 4179 3060 4234 Etcum
3115 4181 3337 4251 quidam
3379 4185 3451 4237 ob
3514 4178 3753 4237 Christia-

515 4289 636 4327 nam
673 4273 989 4346 religionem
1031 4275 1084 4329 in
1113 4275 1378 4344 judicium
1425 4275 1698 4338 inductus,
1728 4271 2063 4343 jamjamque
2103 4283 2404 4342 negaturus
2474 4271 2756 4328 Christum
2827 4273 3126 4339 videretur,
3183 4275 3260 4330 illi
3295 4285 3540 4331 astantes
3598 4271 3753 4327 denti-

514 4366 615 4422 bus
685 4368 942 4435 stridere,
1006 4367 1155 4424 vultu
1187 4369 1440 4434 innuere,
1509 4383 1704 4423 manus
1753 4368 2072 4431 extendere,
2105 4381 2170 4419 ac
2210 4364 2374 4419 totius
2423 4364 2584 4420 simul
2639 4367 2886 4436 corporis
2947 4377 3126 4422 motus
3155 4377 3453 4437 gestusque
3480 4367 3750 4422 ederccte-

509 4470 729 4530 perunt.
782 4462 1027 4531 Cumque
1079 4461 1321 4517 omnium
1379 4462 1433 4517 in
1465 4477 1524 4516 se
1579 4460 1774 4516 oculos
1823 4461 2242 4524 convertissent,
2305 4458 2622 4530 priusquam
2685 4459 2754 4513 ab
2813 4459 2992 4530 aliquo
3025 4461 3639 4531 comprehenderentur,
3665 4454 3750 4525 ipsi

507 4551 572 4608 ad
601 4553 917 4609 subsellium
942 4563 1310 4620 accurrentes,
1351 4551 1694 4608 Christianos
1752 4568 1813 4610 se
1844 4565 1966 4609 esse
1994 4551 2228 4622 professi
2285 4560 2432 4608 sunt.
2465 4551 2584 4618 Quo
2605 4551 2750 4607 facto
2804 4551 3093 4622 przefectus
3148 4562 3204 4608 et
3235 4568 3542 4610 assessores
3591 4550 3676 4622 qui
3708 4550 3751 4602 in

579 4733 691 4805 (2|)
728 4733 840 4788 Καὶ
877 4733 1071 4804 Ἀτήρ.
1092 4734 1246 4804 Apud
1269 4735 1560 4802 Georgium
1584 4733 1895 4805 Syncellum
1927 4742 1982 4790 et
2004 4732 2090 4790 Ni-
2121 4737 2164 4793 D
2194 4742 2376 4788 vetere
2404 4732 2784 4803 Martyrologio
2815 4732 3074 4798 Romano,
3114 4735 3313 4805 natalis
3343 4734 3532 4789 horum
3564 4739 3752 4801 marty-

503 4805 797 4874 cepltorum
842 4805 1306 4874 Iegitur’AO'z-rip.
1355 4805 1409 4859 In
1461 4805 1683 4868 Ruﬁno,
1718 4805 1967 4860 Arsinus.
2023 4805 2078 4860 In

505 4885 688 4946 vetere
743 4873 1126 4946 Martyrologip
1181 4873 1441 4946 Romano,
1485 4876 1627 4942 quod
1681 4891 1872 4945 magna
1924 4885 2080 4946 parte

499 4944 848 5068 :‘lesumptum
877 4944 962 5000 est
983 4944 1052 5000 ex
1077 4944 1300 5011 Rufino,
1327 4945 1582 5000 Arsenius
1621 4944 1824 5001 dicitur
1849 4945 1917 5000 19
1947 4944 2070 5004 Kal.

535 5028 812 5068 anuartas.

535 5028 812 5068 anuartas.

574 5084 720 5157 (2P)
765 5086 1083 5157 Σύνταγμα
1107 5086 1560 5157 στρατιωτικόνἑ
1604 5085 1802 5157 Turma
1855 5085 2082 5141 militum

501 5153 666 5226 vertit
691 5153 936 5217 Ruﬁnus,
967 5153 1126 5226 quem
1158 5153 1379 5211 secutus
1403 5167 1488 5211 est
1524 5155 2079 5224 Christophorsouus.

501 5222 616 5292 Ego
645 5222 1098 5294 utanipulum'seu
1138 5227 1541 5280 contubernium
1589 5222 1774 5280 malim
1812 5229 2078 5295 interpre-

503 5297 629 5348 tari.
656 5296 886 5361 Quidam
930 5297 1198 5366 suspicari
1250 5308 1490 5366 possent,
1539 5297 1640 5352 hos
1676 5298 1875 5350 milites
1911 5297 2077 5352 fuisse

499 5369 839 5432 apparitores
884 5383 976 5421 seu
1017 5367 1276 5422 oﬂiciales
1332 5366 1571 5437 praefecti
1619 5367 1956 5436 Augustalis,
2008 5384 2074 5422 eo

497 5438 640 5507 quod
664 5437 882 5491 stetisse
911 5439 1166 5492 dicuntur
1192 5446 1317 5490 ante
1351 5438 1685 5505 praetorium.
1735 5438 1846 5507 Ego
1886 5447 2065 5493 tamen

535 5505 678 5580 otius
709 5507 1029 5580 crediderim
1055 5508 1385 5580 legionarius
1420 5509 1619 5580 milites
1656 5505 1847 5580 fuisse,
1888 5523 1956 5562 ex
2001 5524 2065 5562 ea

517 5576 706 5641 egione
733 5592 852 5643 quae
893 5579 958 5629 ad
995 5576 1302 5632 custodiant
1334 5579 1482 5632 urbis
1524 5578 1906 5632 Alexandrina:
1952 5587 2070 5632 erat

497 5644 773 5717 deputata,
812 5655 868 5700 et
894 5663 1012 5712 quae
1045 5646 1300 5717 praefecto
1324 5649 1604 5717 Augustali
1635 5649 1878 5716 parebat.
1917 5647 2069 5702 Prat-

499 5711 854 5788 l'ectnsienim
884 5711 1198 5788 Augustalis
1249 5733 1353 5772 non
1384 5711 1556 5773 solum
1603 5711 1782 5771 civilia
1828 5720 2067 5788 negotia,

497 5785 592 5838 sed
617 5787 782 5840 etiam
822 5801 934 5841 rem
980 5785 1270 5842 militarem
1318 5803 1383 5844 eo
1433 5799 1681 5859 tempore
1713 5785 1963 5854 curabat.
2012 5789 2070 5844 lu

2195 4820 2315 4860 rum
2346 4806 2570 4870 ponitur
2595 4805 2684 4857 die
2720 4805 2786 4859 l3
2810 4805 3081 4859 Kalendas
3105 4803 3420 4859 Januarias.

2259 4875 2371 4945 (2‘2)
2417 4874 2542 4928 Ἐπὶ
2570 4873 2637 4928 τὸ
2659 4873 2912 4944 βάθρον.
2932 4875 3260 4930 Subselli'um
3283 4875 3508 4946 intelligi
3535 4874 3750 4932 videtur,

2185 4946 2240 5001 in
2266 4961 2376 5014 quo
2404 4947 2626 5001 sedebat
2676 4959 2802 5000 reus
2830 4961 2954 5000 cum
2996 4961 3026 5016 a
3082 4947 3268 5016 judice
3317 4946 3748 5016 interrogaretur.

2194 5012 2358 5072 hodie
2393 5016 2640 5090 sellulam
2670 5030 2952 5090 vocamus.
2993 5015 3048 5069 In
3084 5012 3231 5090 Άςιὶε
3255 5012 3546 5090 passionis'
3567 5012 3747 5090 lfhilea:

2191 5088 2450 5156 martyris
2479 5087 2671 5138 ambon
2701 5085 2900 5156 dicitur
2929 5101 3022 5140 seu
3057 5087 3342 5156 pulpitum.
3396 5086 3486 5140 Sic
3511 5085 3648 5138 enim
3676 5085 3747 5156 iu-

2187 5153 2392 5227 cipiunt
2416 5156 2549 5209 Arta
2576 5157 2666 5211 illa
2698 5172 2711 5207 :
2747 5155 3003 5223 Imposito
3027 5153 3149 5227 ergo
3188 5153 3378 5210 Philea
3404 5172 3558 5226 super
3581 5154 3742 5208 amba

2185 5243 2324 5290 nem,
2351 5226 2642 5280 Culciautts
2669 5243 2864 5291 prteses
2888 5228 3046 5280 dixit.

2253 5297 2367 5367 (25)
2396 5297 2860 5365 Θριαμόεὑοντος
2883 5299 3124 5364 αὐτούς,
3151 5296 3382 5350 Ruﬁnus
3409 5294 3565 5350 vertit
3600 5308 3614 5346 :
3649 5291 3746 5344 Deo

2178 5369 2255 5420 ita
2287 5369 2641 5430 triumphante
2663 5385 2757 5433 per
2779 5377 2988 5421 sanctos
3015 5385 3159 5423 suos.
3178 5369 3418 5436 Apparet
3449 5367 3604 5437 igitur
3632 5375 3743 5417 eum

2175 5439 2376 5510 legisse
2424 5437 2534 5510 θρι.
2586 5438 2653 5492 δι’
2686 5437 2904 5502 αὐτούς,
2953 5449 3060 5493 etc.
3107 5435 3578 5510 Rnliuumisecuti
3627 5437 3743 5484 sunt

2176 5508 2471 5562 Masculus
2497 5519 2552 5563 et
2597 5511 3153 5576 Christophorsonus.
3194 5508 3513 5578 Videndum
3549 5514 3740 5578 tamen.

2174 5594 2244 5632 ne
2277 5580 2566 5650 Dionysius
2591 5575 3012 5650 θριαμϐεύοντος
3036 5579 3235 5643 αὐτοὺς
3263 5577 3360 5631 τοῦ
3387 5575 3516 5630 Θεοῦ
3531 5575 3740 5629 dixerit,

2177 5664 2275 5718 pro
2324 5649 2704 5721 θριαμϐεύειν
2738 5649 3038 5715 ποιοῦντος,
3094 5653 3236 5718 quod
3297 5650 3516 5721 omnino
3562 5653 3742 5698 verum

2181 5730 2334 5788 puto.
2361 5717 2469 5776 Sic
2490 5720 2795 5791 βασιλεύειν
2825 5731 3055 5792 usurpat
3089 5717 3386 5790 Gregorius
3411 5717 3538 5772 Naz.
