3876 6550
471 448 568 502 651

1216 448 1490 505 EUSEBH
1528 448 2006 507 CIESARIENSIS
2044 453 2194 511 UPP.
2232 457 2410 516 PARS
2452 462 2493 516 1.
2535 493 2605 504 -
2644 463 3041 522 HISTORICA.

3615 472 3707 530 652

465 567 708 635 pnl'iitlls,
747 567 797 620 iu
836 567 1095 625 Ecclesiis
1124 568 1580 638 populosissimis,
1617 577 1673 623 et
1709 569 1762 623 in
1792 570 1999 626 concilii

2107 574 2248 640 ,λοῖς
2296 577 2453 632 τοῦτο
2497 579 2706 647 ἔδοξεν·
2753 577 2828 637 ὧν
2870 585 2971 649 τὰς
3018 585 3213 655 βουλὰς
3249 587 3593 661 ἀνατρέπων,
3635 591 3708 656 είς

467 660 695 715 fratrum
744 661 885 731 apud
930 662 1165 717 Iconium
1216 668 1273 715 et
1323 659 1601 732 Synnada,
1633 669 1688 716 et
1715 662 1861 731 apud
1899 661 2034 718 alios

463 753 732 821 plurimos
780 753 922 808 idem
958 754 1228 810 sancitum
1282 752 1471 809 fuisse.
1526 752 1768 820 Quorum
1812 766 2034 812 senten-

464 849 570 902 tias
600 858 653 900 et
680 854 882 901 statuta
911 846 1256 911 subvertere,
1288 859 1497 915 eosque
1525 847 1593 901 ad
1618 845 1801 918 jurgia
1830 858 1886 902 et
1907 863 2035 905 con—

459 940 727 1003 tentiones
767 939 1007 994 excitare
1051 939 1304 1009 equidem
1363 938 1558 993 nolim.
1617 937 1899 1009 Scriptum
1953 952 2037 996 est

452 1030 599 1082 enim
647 1046 662 1083 :
710 1045 730 1078 ι
766 1027 883 1083 Non
934 1028 1299 1083 commutabis
1347 1029 1611 1083 terminos
1666 1029 1899 1100 proximi
1955 1032 2032 1085 tui

446 1137 590 1191 quos
640 1131 897 1191 parentes
941 1123 1016 1178 tui
1066 1122 1564 1179 constituerunt".
1599 1139 1618 1174 ι
1651 1119 1858 1189 Quarta
1907 1122 2024 1191 ejus

447 1214 514 1268 de
540 1215 797 1282 baptismo
826 1214 1053 1285 epistola
1085 1218 1153 1271 ad
1182 1214 1503 1286 Dionysium
1535 1213 1740 1284 scripta
1760 1224 1865 1282 est,
1897 1225 2027 1271 tunc

447 1307 662 1379 quidem
717 1307 978 1364 Romana:
1030 1308 1183 1365 urbis
1214 1308 1618 1379 presbyterum,
1650 1309 1746 1364 sed
1789 1309 1881 1378 qui
1926 1309 2027 1365 ali-

446 1409 650 1466 quanto
686 1408 807 1468 post
836 1409 1081 1471 tempore
1109 1399 1353 1468 eiusdem
1405 1399 1560 1456 urbis
1605 1400 1894 1471 episcopus
1943 1410 2027 1458 est

448 1492 799 1546 constitutus.
830 1490 912 1545 Ex
953 1507 1057 1563 qua
1083 1490 1228 1547 hunc
1276 1493 1450 1561 ipsum
1485 1490 1793 1547 Romanum
1825 1490 2025 1562 Diony-

443 1582 610 1647 sium,
648 1583 1084 1639 eruditissimum
1121 1582 1394 1654 planeque
1427 1582 1811 1638 admirandum
1848 1583 2024 1639 virum

2136 664 2253 738 ἔριν
2285 671 2378 723 καὶ
2411 670 2742 740 φιλονεικίαν
2770 675 2968 739 αὐτοὺς
3010 678 3269 748 ἐμϐαλεῖν
3303 680 3402 750 οὐχ
3444 680 3700 751 ὑπομένω.

2148 777 2167 809 ι
2191 760 2265 813 Οὐ
2297 760 2406 833 γὰρ
2440 767 2837 836 μετακινήσεις,
2862 768 3045 837 φησὶν,
3078 770 3205 842 ὅρια
3223 770 3319 824 τοῦ
3353 771 3576 842 πλησίον
3603 790 3704 840 σου,

2112 849 2173 904 ιᾶ
2215 850 2399 907 ἔθεντο
2439 857 2488 908 oi
2536 858 2769 928 πατέρες
2818 875 2933 913 σου.
2958 878 2978 913 ι
3036 862 3097 914 Ἠ
3144 862 3381 934 τετάρτη
3403 865 3567 918 αὐτοῦ
3610 866 3705 920 τῶν

2141 942 2267 1013 περὶ
2301 942 2674 1017 βαπτίσματος
2704 949 3024 1016 ἐπιστολῶν,
3052 951 3191 1023 πρὸς
3220 952 3310 1006 τὸν
3335 954 3479 1007 κατὰ
3511 953 3705 1026 Ῥώμην

2137 1034 2352 1107 ἐγράφη
2371 1037 2664 1102 Διονύσιον,
2687 1038 2808 1093 τότε
2833 1040 2931 1110 μὲν
2955 1042 3247 1112 πρεσϐείου
3267 1042 3569 1115 ἠξιωμένον
3585 1044 3702 1116 (97),

2134 1126 2234 1179 οὐκ
2261 1129 2340 1192 εἰς
2366 1130 2575 1202 μακρὸν
2594 1129 2650 1183 δὲ
2673 1130 2765 1184 καὶ
2786 1131 2884 1202 τὴν
2909 1124 3216 1204 ἐπισκοπὴν
3238 1134 3348 1187 τῶν
3373 1137 3551 1189 ἐκεῖσε
3580 1152 3705 1208 παρ-

2133 1216 2422 1288 ειληφότα*
2463 1221 2525 1288 ἐξ
2564 1218 2632 1294 ἦς
2659 1223 2861 1292 γνῶναι
2907 1223 3173 1294 πάρεστιν
3194 1264 3209 1290 ,
3244 1226 3393 1291 ὅπως
3426 1227 3523 1280 καὶ
3563 1228 3707 1282 αὐτὸς

2129 1302 2284 1372 οὗτος
2318 1310 2495 1379 λόγιός
2539 1330 2597 1367 τε
2640 1315 2735 1368 καὶ
2772 1315 3068 1387 Θαυμάσιος
3112 1318 3248 1391 πρὸς
3286 1317 3379 1371 τοῦ
3421 1317 3542 1372 κατ’
3575 1318 3706 1372 ’Δλε-
3740 1380 3744 1388 λ

2136 1398 2417 1472 ξάνδρειαν
2442 1405 2715 1461 Διονυσίου
2750 1410 3191 1482 μεμαρτύρηται.
3232 1411 3443 1483 Γράφει
3477 1412 3534 1466 δὲ
3572 1412 3704 1484 αὐτῷ

2138 1494 2256 1564 μεθ’
2283 1496 2472 1569 ἕτερα,
2508 1500 2616 1553 τῶν
2655 1502 2796 1556 κατὰ
2838 1504 2930 1555 τὸν
2955 1503 3228 1557 Νωυάτον
3268 1505 3620 1577 μνημονεύων
3646 1513 3697 1567 ἐν

2134 1604 2363 1655 τουτοις.

441 1668 635 1740 fuisse,
690 1676 1003 1732 testimonio
1066 1677 1309 1747 Dionysii
1361 1674 1719 1732 Alexandrini
1768 1675 1899 1733 licet
1938 1692 2290 1749 cognoscere.
2317 1685 2489 1742 Porro
2517 1687 2570 1743 in
2604 1690 2708 1745 hac
2732 1690 2798 1745 ad
2830 1690 2979 1746 illum
3013 1691 3245 1765 epistola
3279 1693 3348 1749 de
3389 1692 3601 1751 Novato
3635 1696 3702 1752 ita

443 1768 655 1823 scribit.

1031 1864 1262 1921 CAPUT
1298 1864 1435 1923 Vill.

947 1955 1019 2010 De
1046 1956 1234 2013 literni
1263 1956 1317 2012 Ν
1320 1959 1481 2015 orati.

521 2116 687 2178 «Nam
708 2113 1091 2184 Novatianum,
1151 2119 1348 2189 inquit,
1409 2122 1608 2177 merito
1658 2137 2012 2193 aversamur,

440 2208 639 2279 quippe
676 2209 771 2280 qui
807 2208 1107 2265 Ecclesiam
1141 2212 1386 2281 discidit,
1426 2224 1481 2268 et
1517 2214 1783 2283 quosdam
1812 2232 1880 2272 ex
1903 2216 2013 2271 fra-

438 2301 615 2355 tribus
648 2307 717 2355 ad
753 2301 1092 2372 impietatem
1139 2302 1645 2375 hlasphemiamque
1676 2306 2011 2378 (pertraxit;

439 2392 530 2461 qui
559 2391 823 2448 nefariam
854 2395 920 2451 de
950 2393 1062 2450 Deo
1098 2396 1404 2452 doctrinam
1432 2396 1661 2463 invexit,
1687 2407 1743 2456 et
1781 2400 2020 2456 clemen-

338 2539 348 2550 ,
437 2482 706 2540 tissimum
731 2485 1021 2542 Dominum
1051 2494 1295 2542 nostrum
1326 2487 1510 2545 Iesum
1541 2489 1823 2547 Christum
1857 2493 2014 2562 quasi

437 2578 839 2649 implacabilem
871 2582 1295 2638 calumniatur:
1349 2581 1440 2651 qui
1487 2590 1750 2652 praeterea
1794 2598 2014 2640 sacrum

433 2671 713 2728 lavacrum
742 2674 997 2730 obliterat
1030 2692 1043 2727 :
1083 2676 1356 2745 iidemque
1382 2682 1438 2730 et
1465 2672 1868 2731 confessionem
1893 2691 2014 2746 qua:

502 2788 550 2822 ”
582 2787 736 2843 Deut.
769 2805 885 2844 XIX.

430 2884 535 2939 hoc
565 2892 945 2954 argumentum
981 2884 1244 2954 adversus
1272 2883 1437 2941 Afros
1462 2885 1695 2941 fortasse
1720 2888 1901 2942 valere
1936 2886 2019 2939 di-

426 2958 527 3019 cit,
552 2965 606 3027 e_t
624 2953 913 3027 quomodo
933 2953 1047 3027 Afri
1080 2955 1132 3008 id
1158 2954 1396 3027 refutare
1427 2957 1680 3027 possint,
1692 2955 1895 3027 ibidem
1922 2956 2018 3011 do-

429 3036 534 3083 cet.
560 3024 762 3079 Contra
783 3023 1087 3080 Orientales
1102 3040 1232 3080 vero
1261 3023 1462 3081 nullam
1491 3027 1599 3080 vim
1651 3025 1779 3079 illud
1804 3027 2007 3082 habere

429 3097 786 3166 demonstrat,
823 3097 965 3165 apud
1008 3110 1145 3164 quos
1196 3111 1413 3166 semper
1446 3096 1769 3165 rebaptizati
1794 3096 2003 3166 literint

427 3166 695 3239 haeretici,
714 3163 827 3239 jam
855 3163 980 3220 inde
1005 3166 1076 3220 ab
1095 3163 1368 3239 lconiensi
1380 3163 1597 3239 synodo
1617 3181 1736 3239 quae
1753 3165 1823 3239 ob
1851 3165 2004 3239 Mon-

2637 1874 3030 1931 ΚΕΦΑΛΑΙΟΝ
3065 1878 3146 1932 H'.

2307 1964 2445 2033 Περὶ
2481 1964 2590 2035 τῆς
2618 1967 2765 2041 κατὰ
2793 1968 3096 2041 ΙῙοοιέὰτον
3126 1925 3514 2041 ἐτεροδοξίαςῖ

2632 2036 2768 2109 (Nic.
2802 2038 2874 2091 Η.
2908 2038 2975 2093 Ε.
3004 2041 3175 2107 νι,9).

2120 2176 2125 2181 .
2203 2148 2220 2181 t
2242 2130 2565 2201 Ναυατιανῷ
2588 2129 2696 2202 (98)
2726 2131 2823 2201 μὲν
2867 2132 2979 2205 γὰρ
3004 2133 3243 2204 εὐλόγως
3262 2137 3697 2210 ἀπεχθανόμεθα,

2127 2222 2439 2293 διακόψαντι
2474 2224 2575 2295 τὴν
2616 2224 2971 2295 Ἐκκλησίαν,
3002 2228 3097 2281 καί
3132 2245 3287 2294 τινας
3325 2231 3440 2286 τῶν
3468 2233 3703 2303 ἀδελφῶν

2116 2315 2195 2378 είς
2217 2314 2473 2379 ἀσεϐείας
2496 2316 2591 2368 καὶ
2619 2313 2970 2386 βλασφημίας
2998 2316 3306 2383 ἐλκύσαντι,
3337 2320 3434 2373 καὶ
3461 2321 3590 2393 περὶ
3614 2321 3703 2376 τοῦ

2114 2404 2250 2459 Θεοῦ
2283 2405 2630 2462 διδασκαλίαν
2664 2407 3033 2479 ἀνοσιωτάτην
3062 2410 3584 2484 ὲπεισκυκλήσαντι,
3616 2415 3704 2469 καὶ

2115 2499 2206 2552 τὸν
2255 2499 2621 2571 χρηστότατον
2662 2498 2868 2571 Κύριον
2917 2498 3073 2571 ἡμῶν
3114 2501 3322 2572 Ἰησοῦν
3355 2504 3595 2575 Χριστὸν
3631 2505 3703 2568 ὡς

2122 2589 2322 2661 ἀνηλεῆ
2356 2587 2802 2658 συκοφαντοῦντι,
2833 2588 2925 2641 ἐπὶ
2973 2590 3109 2641 πᾶσι
3158 2584 3214 2642 δὲ
3251 2589 3468 2654 τούτοις
3499 2591 3560 2645 τὸ
3591 2591 3702 2644 λου-

2118 2677 2248 2747 τρὸν
2279 2677 2560 2733 ἀθετοῦντι
2593 2678 2654 2732 τὸ
2682 2677 2835 2749 ἅγιον
2866 2677 3004 2750 (99),
3038 2678 3133 2732 καὶ
3173 2680 3275 2752 τήν
3306 2697 3368 2734 τε
3402 2680 3513 2751 πρὸ
3545 2680 3702 2738 αὐτοῦ

2194 2882 2307 2952 (97)
2337 2883 2663 2953 Πρεσϐείου
2690 2881 3048 2953 ἠξιωμένον.
3099 2883 3157 2939 In
3213 2892 3457 2953 quatuor
3504 2884 3702 2941 nostris

2123 2955 2403 3010 codicibus
2448 2952 2608 3018 Maz.,
2646 2954 2810 3018 Med.,
2835 2952 2975 3008 Fuk.
3025 2964 3081 3008 et
3113 2952 3397 3009 Saviliano
3445 2956 3702 3012 scribitur

2113 3023 2531 3097 πρεσϐυτερίου.
2597 3022 2704 3079 Sed
2764 3025 3021 3093 quoniam
3067 3025 3337 3080 Eusebius
3405 3024 3699 3097 πρεσϐεῖον

2114 3094 2430 3150 l‘reauenter
2478 3108 2743 3150 usurnare
2789 3094 2930 3149 solet
2966 3094 3087 3149 ἀντὶ
3131 3095 3225 3149 τοῦ
3257 3094 3698 3150 πρεσϐυτερίου.

2114 3110 2430 3165 treqttenter
2478 3110 2743 3163 usurpare
2789 3110 2930 3149 sctet
2966 3110 3087 3149 αντι
3131 3113 3225 3149 του
3257 3110 3659 3168 πρεσουτεριου
3682 3139 3698 3163 ,

2112 3165 2385 3234 vulgatam
2413 3165 2698 3220 lectionem
2729 3178 2891 3233 quam
2916 3163 3121 3234 Regius
3152 3166 3326 3221 codex
3357 3174 3568 3231 tuetur,
3593 3185 3702 3222 mtt-

428 3237 660 3291 tanistas
706 3233 887 3308 {uerat
935 3246 1290 3308 congregata.
1327 3233 1648 3308 Fir'tniliani
1688 3238 1854 3292 verba
1886 3238 2001 3291 haec
2032 3247 2077 3308 ε
2110 3233 2232 3308 tare
2281 3234 2448 3289 nolui.
2499 3234 2680 3308 _Pau_lo
2717 3244 2848 3308 post
2884 3236 2987 3308 ubi
3005 3233 3218 3304 legitur
3250 3237 3563 3308 ἐπισκοπὴν
3590 3238 3698 3294 τῶν

426 3317 552 3361 sunt
580 3329 591 3361 :
634 3324 667 3377 r
702 3304 856 3372 Quod
884 3304 1104 3376 quidem
1132 3304 1395 3363 adversus
1423 3306 1757 3377 Stephanum
1790 3321 1887 3361 vos
1917 3307 2028 3360 di-.

425 3392 551 3431 cere
595 3375 1000 3449 Afrihpotestis,
1060 3378 1278 3449 cognita
1339 3375 1571 3433 veritate
1623 3390 1867 3449 errorem
1899 3392 2002 3449 vos

425 3445 838 3517 consuetudinis
881 3445 1189 3517 reliquisse.
1229 3447 1497 3502 Caeterum
1547 3462 1648 3502 nos
1694 3447 1911 3501 veritati
1945 3456 2002 3503 et

426 3516 883 3587 consuetudinem
907 3516 1208 3587 iungimus,
1243 3529 1298 3572 et
1320 3516 1704 3574 consuetudini
1732 3517 2002 3573 Romano-

426 3603 546 3641 rum
583 3586 1029 3659 consuetudinem
1088 3588 1189 3659 scd
1223 3588 1473 3659 veritatis
1502 3587 1831 3659 opponimus
1856 3628 1872 3652 ,
1930 3588 2000 3659 ab

426 3659 584 3711 initio
618 3658 721 3712 hoc
745 3665 1012 3726 tenentes.
1049 3658 1194 3726 quod
1233 3673 1263 3713 a
1298 3658 1522 3715 Christo
1540 3658 1600 3714 et
1627 3658 1697 3712 ab
1735 3658 1998 3726 Apostolo

423 3730 684 3799 traditum
712 3736 816 3799 est.
843 3724 954 3781 Nec
995 3724 1363 3795 meminimus,
1409 3729 1515 3784 hoc
1547 3728 1688 3799 apud
1737 3724 1836 3784 nos
1897 3729 1999 3784 ali-

420 3798 641 3865 quando
669 3796 904 3868 cmpisse
925 3836 941 3861 ,
974 3813 1098 3852 curn
1129 3813 1346 3868 semper
1368 3798 1493 3854 iatic
1526 3796 1871 3854 observatum
1901 3800 1993 3863 sit,

421 3880 481 3922 ut
516 3867 730 3923 nonnisi
760 3883 920 3923 unam
954 3868 1049 3924 Dei
1102 3867 1402 3925 Ecclesiatn
1447 3883 1754 3936 nossemus,
1786 3879 1842 3925 et
1871 3884 1996 3925 sano

421 3948 568 3992 ctum
596 3938 864 4011 baptisma
915 3939 1134 4011 nonnisi
1162 3948 1366 3995 sanctae
1415 3938 1682 4011 Ecclesia:
1713 3949 1997 4011 computa—

421 3956 568 3992 ctutn
596 3956 663 3993 na
705 3956 864 3993 ttsma
915 3956 1134 3995 nonntst
1162 3956 1366 3995 sanctae
1415 3956 1682 3996 ecclesia:
1713 3956 1993 4011 computa-

418 4024 623 4081 remus.
659 3956 828 4064 glane
856 4010 1113 4079 quoniam
1145 4010 1370 4081 quidam
1400 4010 1469 4066 de
1498 4025 1687 4067 eorum
1720 4009 1993 4081 baptismo

417 4080 759 4145 dubitabant,
789 4081 876 4151 qui
902 4082 1003 4137 etsi
1032 4080 1201 4151 novqs
1228 4081 1522 4151 prophetas
1554 4080 1843 4151 recipiunt,
1872 4096 1995 4136 eos-

416 4151 539 4203 dctn
570 4160 750 4204 tamen
801 4149 1014 4206 Patrem
1048 4159 1104 4204 et
1151 4149 1350 4205 Filium
1400 4166 1561 4206 nosse
1596 4149 1877 4206 nobiscum
1909 4152 1993 4204 vi-

416 4222 645 4283 dentur;
700 4220 918 4290 plurimi
950 4219 1111 4276 simul
1138 4221 1531 4277 convenientes
1562 4222 1615 4277 in
1658 4220 1842 4276 Iconio
1873 4220 1994 4276 dili-

412 4291 733 4360 gentissime
757 4294 1135 4356 tractavimus,
1158 4301 1215 4346 et
1234 4292 1677 4348 conﬁrmavimus
1708 4293 1994 4362 repudian-

413 4366 538 4433 dum
579 4376 703 4416 esse
752 4375 919 4433 omne
975 4363 1197 4417 omnino
1222 4364 1496 4433 baptisma
1533 4362 1679 4433 quod
1726 4363 1800 4417 sit
1833 4372 1989 4417 extra

411 4430 711 4487 Ecclesium
747 4432 1129 4488 constitutum.
1158 4451 1177 4484 ι
1215 4430 1366 4488 υἱοει
1391 4430 1591 4502 aliquis
1607 4431 1988 4487 Firtnilianutn

409 4504 701 4573 utrobique
730 4503 797 4558 de
834 4503 1241 4573 seipsogloqui,
1280 4519 1347 4558 ac
1385 4501 1612 4573 proinde
1659 4501 1811 4557 illum
1864 4501 1990 4573 ico-

408 4572 587 4644 nieusi
611 4571 848 4644 ‘synodo
880 4571 1213 4644 interiuiSSe.
1256 4571 1461 4644 Esto},
1498 4573 1810 4630 interfuerit
1868 4571 1987 4644 ico-

408 4643 584 4698 niensi
620 4641 828 4714 synodo
865 4643 1239 4707 Firmilianus,
1281 4643 1502 4715 quando
1525 4644 1599 4699 ita
1632 4645 1838 4767 placet.
1874 4641 1983 4700 Ne—

408 4728 511 4767 nue
540 4715 684 4767 enitn
718 4714 769 4767 id
806 4727 1009 4767 netzare
1037 4713 1204 4767 velim
1230 4716 1584 4767 pertinacius.
1660 4714 1767 4767 llud
1800 4726 1981 4767 tamen

407 4728 511 4780 que
540 4713 684 4767 enim
718 4714 769 4767 id
806 4727 1009 4782 negare
1037 4713 1204 4784 velim
1229 4713 1584 4784 pertinacius.
1632 4713 1767 4770 lllud
1800 4726 1981 4769 tamen

406 4793 722 4855 constanter
744 4783 978 4849 allirmo,
1001 4783 1241 4855 diurante
1259 4784 1529 4855 Stephani
1553 4800 1703 4854 papa:
1737 4796 1980 4855 tempora

407 4854 742 4923 lcouiensem
774 4856 915 4909 banc
947 4854 1213 4923 synodum
1245 4853 1413 4910 fuisse
1454 4853 1804 4910 celebratam.
1843 4853 1977 4908 Nam

404 4934 460 4995 et
490 4922 860 4978 .Firmilianus
915 4922 1164 4980 scribens
1211 4927 1278 4979 ad
1340 4923 1673 4995 Cyprianum
1716 4926 1981 4980 adversus

406 4990 769 5065 Stephanum,
798 4995 889 5062 qui
926 5006 1063 5065 tunc
1094 5004 1329 5065 praeerat
1377 4990 1635 5051 Ecclesiae
1674 4995 1936 5050 Romana:
1960 5035 1976 5059 ,

406 5065 607 5137 diserte
634 5061 868 5137 alIirutat
919 5061 1255 5121 lcouie'usem
1308 5068 1569 5137 synodum
1615 5064 1728 5137 jam
1766 5066 1974 5134 pridem

403 5131 716 5206 collectam_
747 5135 916 5206 luisse
949 5154 962 5189 :
1030 5146 1085 5190 et
1132 5131 1424 5206 Dionysius
1481 5131 1885 5191 Alexandrinus
1921 5138 1975 5189 in

403 5200 630 5270 epistola
656 5204 726 5253 ad
767 5202 1162 5277 Philemonem,
1208 5200 1471 5261 Romana:
1517 5207 1668 5260 urbis
1694 5206 1979 5277 presbyte-

402 5286 547 5334 rum,
569 5285 731 5339 quam
758 5275 981 5340 scripsit
1003 5277 1104 5332 sub
1126 5277 1281 5348 initia
1313 5276 1662 5346 pontiﬁcatus
1692 5274 1977 5348 Xysti'pa-

401 5351 769 5416 pre.‘te_statut_‘
810 5348 1074 5416 synodum
1128 5347 1276 5401 illam
1316 5345 1667 5401 celebratam
1720 5345 1842 5416 esse
1869 5345 1976 5416 πρὸ

402 5410 780 5489 πολλοῦ-κατὰ
821 5413 949 5476 τοὺς
991 5415 1301 5489 προλὴμῶν
1331 5418 1694 5489 ἐπισκόπους.)
1719 5415 1832 5471 Sub
1881 5410 1975 5471 e'x-

391 5483 574 5537 ‘trema
608 5484 771 5552 igitur
794 5483 1047 5553 tempora
1062 5483 1356 5541 Ale'iandri
1381 5488 1570 5542 Severi
1597 5488 1821 5541 collecta
1852 5499 1974 5539 esse

399 5554 620 5625 videtur
649 5556 765 5625 hac
794 5555 1057 5625 synodus.
1083 5554 1202 5622 Quo
1225 5557 1445 5624 quidem
1475 5569 1739 5625 tempore,
1773 5555 1974 5611 Firtni-

401 5622 579 5677 lianus
609 5624 674 5676 ad
710 5622 1062 5679 Caesariensis
1088 5622 1349 5681 Ecclesia:
1383 5622 1749 5682 sacerdotium
1780 5638 1973 5679 recens

399 5702 678 5760 promotus
715 5691 913 5756 fuerat,
942 5704 1001 5746 ut
1027 5694 1187 5749 docet
1208 5695 1472 5751 Eusebius
1496 5698 1548 5750 in
1573 5697 1665 5750 lib.
1691 5711 1766 5752 v1.
1792 5694 1971 5762 Quare

400 5778 506 5835 non
541 5778 761 5830 possunt
792 5763 1047 5835 assentiri
1107 5762 1343 5821 Baronio
1373 5782 1437 5821 ac
1479 5766 1661 5829 Binio,
1717 5767 1809 5835 qui
1864 5765 1975 5835 lyco-

399 5834 643 5886 uiensetn
662 5834 924 5900 synodum
944 5835 1291 5889 contulerunt
1314 5838 1366 5889 itt
1390 5852 1590 5890 annum
1612 5833 1817 5893 Christi
1838 5833 1964 5901 258,

396 5903 489 5971 qui
522 5918 694 5958 annus
725 5913 805 5957 est
836 5904 1107 5961 secundus
1161 5905 1419 5975 Stephani
1446 5922 1615 5978 papae.

2108 3306 2299 3378 ἐκεῖσε
2328 3304 2921 3378 παρειληφόταίουάοκ
2959 3306 3162 3377 Regius
3213 3309 3486 3378 scriptum
3521 3304 3701 3365 'habet

2106 3376 2222 3448 τῶν⁸
2243 3374 2431 3430 αὐτόθί
2460 3374 2595 3448 παρ.
2648 3382 2675 3448 _'

2178 3446 2290 3516 (98)
2321 3446 2696 3513 Ναυατιζανῷ.
2752 3446 2831 3501 Ita
2876 3446 3075 3516 legitur
3110 3448 3280 3502 etiam
3325 3447 3380 3502 in
3434 3448 3698 3505 Chronico

2113 3515 2338 3587 Georgii
2366 3516 2599 3587 Syncelli
2651 3527 2706 3572 et
2755 3518 2894 3587 apud
2930 3515 3294 3585 Nicephorum
3323 3522 3379 3572 in
3428 3520 3571 3574 libro
3600 3536 3651 3573 vt
3680 3562 3698 3586 ,

2113 3534 2261 3572 ueor
2305 3534 2338 3571 ll
2366 3534 2599 3587 aynceut
2651 3534 2706 3572 et
2755 3534 2894 3587 apua
2930 3534 3294 3585 mcepnorttm
3324 3534 3379 3572 tn
3428 3534 3571 3574 ttnro
3600 3536 3651 3573 vt
3680 3562 3693 3586 ,

2104 3601 2227 3656 cap.
2259 3534 2331 3653 ξς
2365 3587 2531 3642 sediu
2561 3588 2934 3643 vetustissimo
2976 3588 3163 3643 codice
3203 3587 3514 3654 Mazarino,
3550 3590 3693 3648 Med.

2103 3672 2169 3712 ac
2190 3657 2339 3729 Fttk._
2361 3656 2622 3713 scribitur
2671 3657 3042 3729 Νοουατιανῷ,
3094 3659 3325 3729 rectius:
3353 3659 3476 3713 sine
3507 3662 3696 3714 dubio.

2100 3728 2182 3783 Ac
2215 3727 2462 3798 profecto
2497 3729 2695 3783 mirum
2730 3738 2835 3794 est,
2888 3730 2939 3783 itt
2992 3727 3099 3784 hoc
3148 3744 3258 3783 uno
3287 3727 3519 3785 Eusebii
3577 3730 3696 3786 loco

2099 3811 2287 3854 verum
2323 3798 2469 3853 illius
2498 3798 2737 3854 haeretici
2773 3813 2970 3854 nomen
3004 3813 3126 3854 esse
3163 3810 3473 3853 servatura.
3503 3800 3689 3868 Quare

2100 3870 2343 3939 graviter
2366 3869 2575 3924 fallitur
2601 3868 3586 3941 Christopltorsouus,_qui,vulgatutu
3614 3886 3698 3925 er-

2100 3936 2289 4009 rorem,
2338 3949 2580 4002 secutus,
2606 3936 2871 3994 Novatum
2900 3939 2987 3994 hic
3022 3954 3120 4009 pro
3152 3936 3465 3994 Novatiat'to
3489 3940 3695 3995 substi-

2100 4010 2225 4065 tuit.
2263 4008 2534 4065 Cancrum
2559 4023 2681 4063 cum
2719 4009 2823 4064 hoc
2852 4007 3038 4079 elogio
3064 4007 3354 4079 Novatiani
3384 4010 3579 4065 confer
3610 4011 3693 4064 al-

2100 4087 2273 4150 terum
2303 4079 2446 4150 quod
2477 4079 2673 4149 legitur
2694 4080 2750 4133 in
2785 4079 3017 4150 epistola
3048 4079 3117 4132 57
3145 4078 3409 4150 Cypriani
3442 4097 3458 4135 :
3490 4079 3692 4150 Deser-

2096 4159 2182 4204 tor
2203 4146 2479 4217 Ecclesia',
2517 4146 2898 4203 misericordia:
2946 4148 3143 4216 hortis,
3175 4146 3494 4219 interfector
3528 4146 3693 4219 norni-

2096 4221 2294 4286 tentiw,
2329 4216 2514 4274 doctor
2542 4220 2826 4288 superbire,
2855 4219 3089 4273 veritatis
3122 4216 3432 4289 corruptor,
3449 4216 3694 4286 perditor

2095 4291 2395 4345 charitatis.

2166 4361 2383 4438 (9!)de
2411 4359 2672 4438 λουτρῲρ
2713 4359 3024 4438 coenam
3049 4357 3117 4413 τὸ
3168 4358 3364 4428 ἅγιον.
3401 4353 3463 4410 1η
3525 4353 3690 4438 huius

2091 4428 2736 4499 verbi'interprctatione
2776 4433 2974 4485 mirum
3022 4441 3106 4487 est
3161 4438 3510 4499 quantopere
3569 4428 3690 4483 dis-

2093 4502 2332 4555 sentiant
2370 4502 2746 4571 interpretes.
2786 4499 2919 4571 Nam
2954 4499 3173 4571 Langus
3208 4499 3433 4571 quidem
3466 4499 3680 4563 vertit,

2092 4587 2302 4625 sacrum
2324 4570 2495 4624 abolet
2526 4567 2820 4626 lavacrum.
2850 4567 3127 4627 Muscultis
3176 4584 3308 4626 vero
3343 4567 3686 4635 interpreta-

2094 4651 2204 4706 tur,
2236 4658 2449 4696 sacrum
2469 4640 2737 4695 lavacrum
2766 4642 3085 4710 reprobaoit.
3131 4640 3197 4694 At
3226 4638 3685 4710 ChriSIOpltorso-

2086 4728 2191 4768 nus
2220 4713 2293 4767 ita
2324 4712 2510 4778 vertit,
2546 4727 2761 4765 sacrum
2791 4712 3128 4779 baptismatis
3156 4711 3432 4764 lavacrum
3455 4709 3684 4779 abroga-

2084 4784 2180 4838 vit.
2212 4782 2456 4851 Denique
2499 4785 2773 4851 interpres
2826 4782 3052 4852 Georgii
3098 4779 3345 4852 Syncelli
3374 4780 3565 4852 vertit,
3594 4795 3682 4833 sua

2083 4870 2233 4907 crum
2260 4850 2476 4921 insuper
2508 4854 2780 4905 lavacrum
2804 4850 3002 4905 irritat.
3028 4852 3094 4906 Et
3118 4850 3235 4906 haec
3258 4850 3485 4921 quidem
3511 4850 3684 4921 inter-

2082 4935 2295 4993 pretum
2330 4919 2598 4977 dissensio
2619 4937 2683 4977 ex
2714 4934 2780 4976 eo
2812 4920 2987 4986 ﬂuxit,
3021 4922 3164 4990 quod
3199 4919 3431 4993 verbum
3463 4919 3685 4993 ἀθετεῖν

2084 4990 2446 5063 inultiplicem
2479 4994 2641 5047 habet
2671 4992 3152 5062 signiﬁcationem.
3201 4990 3679 5063 Interdum‘enim

2081 5058 2363 5135 signitica_t_
2384 5064 2662 5135 reprobare
2690 5058 3050 5135 aerespuere,
3076 5070 3137 5135 ut
3154 5076 3287 5135 cum
3319 5062 3455 5114 dicit
3480 5058 3681 5135 Orige-

2080 5131 2178 5189 nes
2209 5136 2275 5189 de
2319 5132 2660 5197 [{elcesaitis,
2716 5132 2898 5185 ἀθετεῖ
2921 5148 3045 5185 τινα
3072 5131 3180 5185 ἀπὸ
3212 5131 3395 5194 πάσης
3423 5131 3677 5197 γραφῆς,

2080 5220 2204 5277 quae
2232 5208 2399 5277 verba
2435 5195 2936 5277 retulit—Eusebius
2974 5204 3027 5256 iu
3061 5202 3148 5277 [5113-
3183 5208 3257 5255 VI.
3292 5208 3418 5277 03p.
3454 5195 3552 5277 ὅθι
3589 5196 3678 5247 ln-

2083 5262 2295 5329 titrdum
2329 5274 2466 5329 idem
2502 5273 2648 5344 valet
2684 5288 2756 5344 ac
2784 5272 2973 5344 propro
3024 5263 3258 5344 afﬁcere.
3313 5262 3626 5344 Hesychius
3655 5279 3671 5317 :

2091 5347 2317 5410 Ἀθετεῖ,
2353 5342 2630 5414 ἀτιμάζει.
2666 5336 2847 5414 Atque
2874 5338 2946 5391 ita
2977 5336 3209 5414 sumitur
3230 5336 3677 5414 Aapuitjletucrt-

2078 5426 2187 5470 tetn
2231 5404 2655 5470 Alexandrinum
2713 5404 2771 5465 iti
2797 5409 2888 5478 lib.
2925 5405 3288 5478 tvStrotna‘tei
3308 5418 3334 5478 ί
3358 5404 3676 5478 τοιγαροῦν

2076 5488 2105 5539 ὁ
2132 5486 2358 5548 ἀθετῶν,
2388 5485 2487 5537 οὐκ
2503 5482 2787 5555 ἄνθρωπον
2804 5472 3160 5555 ἀθετεῑηάλλὰ
3183 5472 3276 5526 τὸν
3299 5473 3460 5555 Geor,
3489 5472 3677 5555 idest,

2078 5572 2182 5611 non
2204 5547 2495 5627 hominem,
2526 5547 2617 5627 sng
2656 5554 2824 5627 Deum
2848 5548 3044 5627 spernit
3075 5560 3146 5627 ac.
3167 5561 3264 5614 pro
3298 5547 3467 5599 nihilo
3491 5547 3674 5599 ducit.

2078 5627 2221 5680 Sunt
2249 5635 2302 5678 et
2331 5623 2450 5678 alite
2479 5616 2642 5686 huius
2672 5616 2823 5671 Verbi
2860 5616 3286 5685 signiﬁcationes
3317 5631 3350 5668 a
3385 5631 3678 5685 gramma-

2078 5698 2201 5751 ticis
2230 5696 2551 5749 observata}.
2610 5687 2715 5742 Sed
2752 5701 2891 5740 nunc
2937 5687 3228 5739 videndum
3270 5697 3355 5740 est
3407 5699 3678 5756 quanam

2078 5768 2207 5820 huic
2239 5765 2357 5817 loco
2396 5762 2568 5828 magis
2601 5760 2907 5814 conveniat.
2957 5756 3249 5810 Enimvero
3298 5755 3437 5828 quis
3462 5755 3679 5828 melius

2074 5838 2237 5889 verba
2263 5824 2513 5902 Dionysii
2544 5828 2887 5902 interpretari
2927 5828 3103 5902 possit
3160 5824 3324 5902 quam
3370 5827 3490 5902 ipse
3528 5824 3682 5902 pic-

2071 5905 2298 5978 nysius?
2323 5897 2417 5958 llic
2456 5903 2617 5972 igitur
2651 5906 2703 5954 in
2733 5899 2871 5953 libro
2902 5898 3142 5952 secundo
3177 5897 3250 5950 De
3286 5897 3684 5968 promissioni;
