3876 6534
199 380 280 437 ϐὕδ
1139 376 1206 432 HI
1214 375 1489 433 δτοῐζΙτΕ
1521 371 1731 431 Εςειε

1835 374 2089 434 lSTICE
2125 373 2257 433 LIB.
2303 373 2415 431 VII.

3299 371 3402 432 666

195 495 273 569 τὴν
307 495 563 567 βασιλείαν
587 495 935 568 προσκυνεῖν,
967 494 1321 550 ἐπιλαθέσθαι
1345 511 1405 548 τε
1432 492 1542 548 τῶν
1580 493 1731 565 παρὰ

1835 498 2042 554 hiscum
2077 495 2307 555 disserui
2338 497 2404 551 de
2463 491 2799 549 humanitate
2832 489 3134 559 principum
3190 501 3404 546 nostro-

195 592 343 663 φύσιν.
379 588 440 642 Τί
485 582 578 642 οὖν
633 603 771 656 φατε
818 586 957 658 πρὸς
998 576 1212 653 νταῦτας
1257 587 1392 641 Οὐδὲ
1438 586 1549 659 γὰρ
1592 587 1728 658 ἀχα-

194 684 375 759 ρίστους
397 680 536 752 ὑμᾶς
558 678 776 733 ἔσεσθαι
805 680 930 752 περὶ
980 681 1078 752 τὴν
1113 678 1522 751 φιλανθρωπίαν
1548 679 1728 733 αὐτῶν

193 770 470 847 προσδοκῶ,
499 769 799 841 ἐπειδήπερ
839 770 933 823 ἐπὶ
970 769 1039 823 τὰ
1080 769 1275 840 βελτίω
1308 770 1452 840 ὑμᾶς
1494 767 1727 841 προτρέ-

192 882 369 920 πονται.
425 860 698 925 Διονύσιος
747 861 1113 933 ἀπεκρίνατο’
1152 861 1228 915 Οὐ
1287 861 1487 924 πάντες
1520 860 1729 925 πάντας

194 953 515 1030 προσκυνοῦσι
563 950 742 1017 θεοὺς,
783 952 898 1006 ἀλλ’
942 952 1163 1007 ἕκαστοί
1208 969 1382 1017 τινας,
1418 952 1523 1016 ,οὒς
1574 951 1729 1023 νομί-

194 1050 361 1114 ζουσιν.
400 1046 588 1117 Ἡμεῖς
629 1043 813 1097 τοίνυν
837 1044 929 1097 τὸν
971 1044 1066 1097 ἕνα
1102 1043 1234 1098 Θεὸν
1264 1042 1358 1097 καὶ
1389 1042 1730 1117 Δημιουργὸν

191 1139 281 1193 τῶν
319 1137 582 1200 ἁπάντων,
616 1135 710 1188 τὸν
750 1135 845 1189 καὶ
880 1134 979 1207 τὴν
1022 1135 1300 1206 βασιλείαν
1333 1136 1729 1208 ἐγχειρήσαντα

191 1233 282 1292 τοῖς
316 1227 738 1297 θεοφιλεστάτοις
786 1226 1134 1298 Οὐαλεριανῷ
1183 1228 1276 1281 καὶ
1318 1227 1358 1279 Γ
1360 1225 1599 1299 αλλιηνῷ
1635 1243 1729 1279 σε-

195 1323 393 1385 δαστοὶς,
421 1318 609 1373 τοῦτον
643 1319 740 1373 καὶ
770 1317 1001 1389 σέϐομεν
1033 1320 1126 1375 καὶ
1162 1316 1593 1391 προσκυνοῦμεν,
1636 1317 1730 1371 καὶ

195 1416 332 1483 eam
356 1412 612 1485 διηνεκῶς
633 1412 774 1487 ὑπὲρ
804 1414 903 1483 τῆς
929 1410 1206 1482 βασιλείας
1226 1412 1409 1466 αὐτῶν
1427 1413 1577 1476 ὅπως
1603 1411 1732 1466 ἀσά-

193 1507 344 1569 λευτος
358 1505 602 1578 διαμένῃ,
627 1502 1064 1574 προσευχόμεθα.
1081 1503 1399 1576 Αίμιλιανδς
1413 1503 1612 1558 διέπων
1633 1502 1731 1574 τὴν

192 1597 465 1671 ἠγεμονίαν,
509 1598 696 1660 αὐτοῖς
729 1592 879 1651 εἷπε·
916 1596 1013 1662 Τίς
1055 1596 1167 1668 γὰρ
1217 1597 1365 1667 ὑμᾶς
1403 1593 1603 1650 κωλύει
1633 1594 1731 1649 καὶ

191 1695 342 1748 τοῦτον
376 1691 531 1764 εἴπερ
562 1691 683 1745 ἐστὶ
712 1691 868 1758 θεὸς,
919 1690 1057 1763 μετὰ
1087 1689 1195 1745 τῶν
1227 1688 1368 1744 κατὰ
1400 1689 1562 1759 φύσιν
1594 1689 1732 1745 θεῶν

191 1787 505 1858 προσκυνεῖνς
530 1785 692 1849 θεοὺς
713 1783 824 1855 γὰρ
849 1783 1026 1841 σέϐειν
1053 1782 1432 1854 ἐκελεύσθητε,
1461 1783 1556 1837 καὶ
1576 1781 1732 1846 θεοὺς

190 1847 265 1944 ei;
290 1879 474 1943 πάντες
492 1847 681 1932 fuerat.
712 1847 988 1940 Ᾰιονύσιος
1020 1847 1381 1948 ἀπεκρίνατο’
1424 1875 1614 1946 Ἦμετς
1640 1874 1732 1928 οὐ·
1762 1847 1804 1902 Β

190 1972 288 2027 δένα
324 1972 499 2044 ἕτερον
547 1968 978 2044 προσκυνοῦμεν.
1022 1968 1335 2041 Αἰμιλιανὸς
1381 1967 1582 2023 διέπων
1631 1969 1731 2040 τὴν

190 2065 461 2136 ἡγεμονίαν,
507 2065 695 2129 αὐτοῖς
726 2059 878 2117 εἶπεν
897 2080 911 2094 ⁶
956 2062 1097 2135 Ὀρῶ
1132 2062 1277 2134 ὑμᾶς
1308 2060 1445 2132 ὁμοῦ
1474 2062 1569 2115 καὶ
1604 2062 1734 2133 ἀχα-

192 2157 364 2228 ρίστους
390 2157 547 2221 ὄντας
585 2157 681 2211 καὶ
726 2155 1087 2227 ἀναισθήτους
1132 2155 1230 2227 τῆς
1279 2156 1580 2227 πραότητος
1622 2154 1731 2208 τῶν

192 2248 424 2304 σεδαστῶν
469 2249 581 2320 (55)
616 2248 794 2320 ἡμῶν.
840 2248 1041 2319 Διόπερ
1075 2247 1176 2301 οὐκ
1222 2245 1413 2300 ἔσεσθε
1444 2249 1504 2301 ἐν
1532 2248 1600 2319 τῇ
1634 2246 1731 2299 πό-

189 2338 248 2392 λει
273 2340 447 2413 ταύτῃ.
503 2340 668 2394 Ἀλλὰ
710 2340 1158 2412 ἀποπαλήσεσθε
1201 2342 1283 2405 είς
1327 2339 1414 2394 τὰν
1445 2338 1585 2411 μέρη
1635 2340 1732 2411 τῆς

188 2431 374 2502 Λιϐύης,
406 2433 497 2486 καὶ
525 2434 585 2486 ἐν
616 2433 768 2504 τόπῳ
805 2432 1085 2504 λεγομένῳ
1114 2429 1319 2505 Κειρρώ
1338 2448 1353 2462 ο
1397 2429 1586 2484 τοῦτον
1622 2429 1731 2503 γὰρ

186 2524 256 2577 τὸν
280 2524 428 2577 τόπον
459 2523 795 2596 ἐξελεξάμην
825 2527 891 2579 ἐκ
921 2525 1020 2596 τῆς
1066 2523 1368 2589 κελεύσεως
1410 2523 1520 2577 τῶν
1564 2522 1729 2577 σεϐα-

187 2616 298 2668 στῶν
326 2616 494 2688 ἡμῶν.
529 2616 799 2688 Οὐδαμῶς
834 2617 893 2671 δὲ
923 2615 1138 2682 ἐξέσται
1168 2614 1292 2670 οὔτε
1324 2616 1453 2686 ὑμῖν
1483 2613 1604 2668 οὐτε
1632 2612 1730 2668 ἁλ-

185 2707 273 2771 λοις
296 2709 444 2774 τισὶν,
471 2709 794 2781 ἥ.συνόδους
827 2708 1118 2774 ποιεῖσθαι,
1155 2708 1189 2782 ἢ
1226 2710 1306 2773 είς
1328 2707 1399 2760 τὰ
1424 2704 1732 2778 καλούμενα

184 2804 469 2874 κοιμητήρια
500 2801 613 2875 (54)
642 2802 891 2856 εἰσιέναι.
928 2801 990 2855 El
1021 2800 1079 2854 δέ
1111 2818 1196 2865 τις
1228 2800 1420 2872 φανείη
1465 2799 1540 2871 μὴ
1573 2799 1731 2868 γενό-

186 2907 316 2959 μενος
337 2896 409 2957 είς
431 2893 523 2948 τὸν
556 2894 723 2949 τόπον
752 2892 943 2947 τοῦτον
980 2893 1041 2948 δν
1068 2893 1353 2957 ἐκέλευσα,
1388 2895 1421 2966 ἢ
1468 2895 1537 2961 ἐν,
1566 2910 1729 2948 συνα-

182 2987 306 3056 γωγῇ
339 3003 439 3039 τινι
481 2986 761 3059 εὑρεθείη,
799 2985 977 3057 ἐαυτῷ
1007 2986 1099 3041 τὸν
1130 2986 1373 3041 κίνδυνον
1406 2985 1728 3058 ἐπαρτήσει.

188 3076 247 3128 Οὐ
273 3078 369 3148 γὰρ
395 3078 667 3149 ἐπιλείψει
709 3080 744 3151 ὴ
782 3079 978 3133 δέουσα
1008 3079 1383 3152 ἐπιστρέφεια.
1432 3079 1728 3150 ’Δπόστητε

1828 606 1970 656 rum,
1999 605 2104 661 qua
2132 590 2209 644 illi
2236 605 2364 660 erga
2396 603 2491 642 vos
2516 595 2763 640 utuntur.
2794 582 2962 639 Vobis
2994 585 3139 639 enim
3163 594 3405 653 potesta-

1829 691 1937 735 tem
1966 680 2215 735 fecerunt
2271 680 2463 735 salutis
2496 689 2690 733 vestra:
2747 676 3066 739 retinendae,
3110 677 3405 731 dummodo

1829 773 1894 828 ad
1921 772 1974 826 id
2008 772 2149 843 quod
2186 781 2395 827 natura:
2416 780 2841 826 consentaneum
2862 766 2952 825 est
2983 769 3135 833 ferri,
3164 768 3404 839 deosque

1828 864 2037 935 imperii
2066 864 2276 919 illorum
2312 864 2560 918 custodes
2592 864 2842 926 adorare,
2868 870 2922 916 et
2950 876 3138 916 eorum
3160 875 3281 930 quae
3304 876 3404 915 na-

1830 964 1966 1010 tura:
1996 955 2099 1025 ipsi
2130 966 2434 1026 repugnant
2459 954 2705 1011 oblivisci
2741 953 2976 1009 velletis.
3009 953 3147 1020 Quid
3175 967 3305 1023 ergo
3335 953 3402 1007 ad
3472 952 3476 956 ‘

1829 1048 1946 1104 haec
1975 1048 2203 1105 dicitis?
2250 1047 2439 1117 Neque
2487 1047 2631 1103 enim
2680 1061 2779 1102 vos
2821 1047 3036 1116 ingrato
3069 1045 3252 1099 animo
3285 1043 3404 1098 fore

1830 1156 1994 1212 spero
2027 1144 2292 1198 adversus
2320 1157 2507 1197 eorum
2543 1140 2915 1204 clementiam,
2948 1138 3150 1209 quippe
3185 1151 3305 1192 cum
3335 1137 3404 1191 ad

1831 1233 2054 1289 meliora
2085 1249 2181 1290 vos
2211 1235 2497 1290 traducere
2522 1241 2809 1289 conentur.
2855 1230 3146 1301 Dionysius
3181 1242 3406 1298 respon-

1830 1320 1909 1375 dit
1941 1337 1956 1375 :
1982 1318 2102 1375 Non
2152 1336 2342 1376 omnes
2369 1321 2436 1377 ab
2470 1320 2721 1377 omnibus
2759 1320 3013 1375 coluntur
3039 1319 3137 1384 dii,
3185 1320 3279 1372 sed
3310 1331 3406 1371 eos

1830 1410 2026 1481 singuli
2061 1411 2249 1467 colunt
2272 1426 2409 1481 quos
2443 1410 2784 1466 arbitrantur
2832 1410 2986 1465 deos.
3017 1407 3129 1462 Nos
3180 1406 3404 1477 quidem

1831 1519 1993 1558 unum
2028 1503 2196 1559 Deum
2243 1504 2486 1558 omnium
2521 1518 2702 1559 rerum
2754 1504 3007 1574 opificem
3035 1545 3051 1569 ,
3094 1505 3188 1574 qui
3242 1503 3404 1559 Vale-

1830 1596 1990 1653 riano
2019 1609 2073 1652 et
2094 1597 2347 1653 Gallieno
2385 1598 2775 1669 sacratissimis
2803 1596 3065 1669 Augustis
3118 1598 3404 1668 imperium

1833 1689 2076 1752 tradidit,
2099 1688 2327 1745 colimus
2347 1698 2402 1745 et
2423 1688 2587 1744 adora
2597 1664 3408 1759 musJHuic'contineas—preces

1831 1781 2114 1837 oll'erimus
2142 1797 2239 1853 pro
2269 1782 2499 1853 imperio
2529 1762 2769 1847 illorum,
2818 1790 2879 1837 ut
2903 1781 3099 1837 stabile
3128 1792 3184 1837 et
3211 1783 3405 1839 incon-

1831 1890 2049 1931 cussum
2079 1884 2414 1947 permaneat.
2439 1874 2772 1931 Emilianus
2796 1874 3083 1943 praefectus
3106 1875 3301 1931 iterum
3325 1877 3411 1932 dl-

1832 1967 1913 2023 xit
1942 1984 1957 2024 :
1991 1967 2125 2034 Quis
2154 1983 2283 2023 vero
2307 1983 2404 2023 vos
2429 1966 2707 2037 prohibet,
2740 1967 3036 2038 quominus
3073 1977 3130 2022 et
3166 1967 3329 2029 hunc.
3359 1968 3408 2022 si

1830 2060 2048 2130 quidem
2080 2059 2220 2116 Deus
2265 2068 2373 2127 est,
2404 2074 2530 2115 cum
2563 2059 2629 2114 iis
2659 2058 2750 2129 qui
2783 2068 2977 2115 natura
3017 2058 3091 2115 dii
3142 2068 3268 2114 sunt
3316 2058 3412 2113 ad-

1829 2154 2037 2209 oretis?
2062 2150 2206 2209 Deos
2239 2153 2387 2209 enim
2416 2153 2599 2210 colere
2631 2153 2765 2225 jussi
2816 2153 2972 2219 estis,
3022 2167 3227 2223 eosque
3274 2166 3413 2223 quos

1830 2248 2016 2304 cuncti
2047 2256 2247 2303 norunt
2283 2248 2435 2303 deos.
2458 2249 2752 2321 Dionysius
2780 2247 3102 2319 respondit:
3139 2247 3249 2303 Nos
3291 2246 3412 2301 nul-

1829 2339 1940 2395 lum
1971 2340 2136 2395 alium
2161 2343 2473 2396 adoramus.
2502 2341 2838 2396 Emilianus
2888 2341 3179 2412 prmfectus
3225 2340 3363 2395 dixit
3390 2357 3406 2395 :

1835 2433 2004 2488 Video
2026 2447 2122 2488 vos
2145 2434 2388 2505 ingratos
2415 2448 2539 2490 esse
2572 2434 2732 2490 simul
2763 2449 2825 2489 ac
2848 2434 3114 2504 stupidas,
3165 2434 3255 2504 qui
3297 2432 3411 2488 cle-

1831 2525 2097 2582 mentiam
2145 2526 2515 2598 Augustorum
2554 2527 2776 2582 minime
2822 2528 3092 2584 sentiatis.
3136 2526 3413 2594 Quamob-

1829 2631 1946 2671 rem
1977 2631 2085 2671 non
2114 2617 2407 2689 manebitis
2433 2619 2486 2672 in
2512 2618 2614 2674 hac
2642 2619 2812 2685 urbe,
2869 2621 2965 2675 sed
3015 2619 3305 2674 mittemini
3355 2619 3412 2674 in

1829 2716 2016 2777 partes
2047 2706 2233 2777 Libyae
2260 2709 2327 2763 ad
2359 2708 2536 2765 locum
2568 2710 2662 2780 qui
2710 2710 2912 2766 dicitur
2958 2710 3196 2781 Cephro.
3254 2709 3414 2768 Hunc

1831 2800 1977 2855 enim
2033 2799 2211 2855 locum
2240 2801 2395 2870 jussu
2452 2802 2820 2872 Augustorum
2870 2812 3182 2858 nostrorum
3249 2802 3409 2874 elegi.

1832 2890 2151 2950 Nullatenus
2190 2901 2371 2948 autem
2405 2893 2594 2950 licebit
2642 2894 2799 2950 vobis
2849 2910 2949 2950 nec
2998 2895 3414 2965 quibuscunque

1832 2982 1979 3050 aliis,
2012 2995 2314 3041 conventus
2337 3000 2523 3057 agere,
2551 2996 2647 3042 aut
2674 3001 2738 3042 ea
2763 3002 2883 3057 qua:
2913 2998 3179 3042 vocantur
3205 3002 3414 3044 cmme-

1834 3077 1973 3133 teria
2007 3077 2182 3135 adire.
2212 3076 2365 3145 Quod
2391 3078 2435 3135 si
2462 3080 2585 3150 quis
2610 3079 2677 3136 ad
2708 3095 2833 3135 eum
2863 3093 3027 3148 quem
3057 3078 3195 3148 jussi
3234 3077 3412 3133 locum

181 3162 254 3259 οὖν
268 3168 383 3221 ὅπου
400 3168 781 3242 ἐκελεύσθητε.
796 3199 867 3211 —-
883 3171 995 3224 Kal.
1010 3169 1267 3226 νοσοῦντα
1294 3171 1352 3226 δέ
1381 3188 1447 3243 με
1462 3171 1677 3243 κατήπε
1685 3189 1731 3224 ι-

1836 3168 2059 3224 minime
2083 3169 2360 3241 prolectus
2400 3171 2859 3242 deprehendetur,
2886 3178 2983 3228 aut
3034 3173 3089 3226 in
3141 3178 3414 3226 conventu

182 3253 268 3322 ξεν,
298 3259 410 3313 οὐδὲ
453 3262 585 3332 μιᾶς
627 3260 925 3332 ὑπέρθεσιν
966 3261 1092 3325 δοὺς
1137 3262 1377 3333 ἡμέρας.
1425 3262 1593 3318 Ποίαν
1633 3259 1728 3317 οὖν

181 3348 242 3402 ἔτι
266 3352 364 3423 (55)
388 3353 481 3407 τοῦ
516 3352 834 3426 συνάγεινῆ
868 3354 943 3426 μὴ
974 3354 1225 3423 συνάγειν
1255 3352 1402 3426 εἶχον
1431 3354 1664 3426 σχολην;
1704 3375 1724 3408 ι

181 3438 284 3496 Εἶτα
312 3445 423 3517 μεθ’
461 3446 631 3518 ἕτερά
676 3462 861 3519 φησιν’
913 3466 933 3499 ⁸
983 3446 1121 3500 Ἀλλ’
1155 3446 1275 3501 οὐδὲ
1322 3447 1426 3517 τῆς
1467 3448 1730 3519 αἰσθητῆς

181 3534 307 3603 ἡμεῖς
331 3538 461 3608 μετὰ
483 3538 581 3592 τοῦ⁹
612 3539 820 3611 Κυρίου
852 3539 1173 3610 συναγωγῆς
1197 3540 1531 3612 ἀπέστημεν.
1572 3541 1732 3595 Ἀλλὰ

180 3628 275 3691 τοὺς
302 3630 392 3700 μὲν
418 3632 476 3684 ἐν
514 3633 585 3703 τῇ
615 3630 769 3684 πόλει
803 3623 1219 3703 σπουδαιότερον
1254 3632 1616 3705 συνεκρότουν
1654 3633 1733 3697 ὡς

183 3719 518 3791 σωὼννάπὼν
556 3723 661 3795 μὲν
692 3722 769 3794 τῷ
801 3721 1033 3795 σώματι,
1063 3724 1139 3789 ὡς
1172 3726 1346 3779 είπεῖν
1376 3724 1510 3797 (56),
1544 3724 1733 3795 παρὼν

179 3808 223 3862 δὲ
242 3812 306 3883 τῷ
331 3815 623 3887 πνεύματι.
667 3815 757 3867 Ἐν
779 3814 834 3867 δέ
858 3817 923 3886 τῇ
946 3816 1176 3887 Κεφροῖ,
1208 3816 1303 3870 καὶ
1331 3815 1500 3887 πολλὴ
1533 3833 1733 3871 συνεπ-

182 3902 405 3975 ιδήμησεν
447 3909 585 3978 ἡμῖν
632 3905 921 3978 ἐκκλησία,
960 3906 1069 3961 τῶν
1112 3909 1209 3978 μὲν
1235 3908 1346 3962 ἀπὸ
1374 3909 1474 3980 τῆς
1524 3907 1733 3975 πόλεως

182 3992 379 4065 ἀδελφῶν
412 4000 724 4070 ἑπομένων,
758 3997 867 4052 τῶν
898 3999 955 4053 δὲ
1000 3999 1265 4054 συνόνιων
1305 4001 1400 4054 ἀπ’
1429 4000 1729 4070 Αἰγύπτου.

183 4083 321 4140 Κάκεῖ
353 4089 524 4160 θύραν
554 4092 692 4161 ἡμῖν
722 4093 751 4145 ό
781 4086 913 4155 Θεὸς
944 4089 1148 4160 ἀνέῳξε
1177 4091 1271 4145 τοῦ
1305 4092 1486 4161 λόγου.
1521 4092 1632 4148 Καὶ
1671 4091 1734 4146 τὸ

187 4176 262 4243 μὲν
283 4181 483 4251 πρῶτον
512 4180 877 4253 ἐδιώχθημεν,
912 4182 1388 4255 ἐλιθοόολὴθημεν,
1421 4180 1733 4258 ὕστερονδέ

183 4283 291 4334 τινες
316 4274 409 4327 οὐκ
436 4274 611 4343 ὀλίγοι
641 4273 751 4327 τῶν
793 4274 961 4328 ἐθνῶν
988 4275 1057 4329 τὰ
1092 4275 1286 4330 εἴδωλα
1315 4277 1732 4343 καταλιπόντες,

182 4359 481 4435 ἐπέστρεψαν
516 4366 616 4418 ἐπὶ
639 4364 732 4418 τὸν
766 4365 916 4420 Θεόν.
955 4367 1028 4420 Οὐ
1066 4369 1330 4442 πρότερον
1360 4368 1470 4441 γὰρ
1496 4370 1736 4442 παραδε-

184 4448 394 4522 ξαμένοις
421 4458 633 4521 αὐτοῖς,
669 4457 792 4510 τότε
827 4458 1044 4530 πρῶτον
1092 4459 1159 4513 δι’
1190 4460 1347 4532 ἡμῶν
1377 4464 1406 4515 ό
1440 4461 1597 4531 λόγος
1638 4465 1735 4517 ἐπ-

1833 3262 2017 3332 aliquo
2044 3263 2209 3318 fuerit
2236 3263 2510 3330 inventus,
2547 3264 2594 3319 is
2624 3264 2731 3321 sibi
2763 3266 2878 3334 ipse
2902 3265 3202 3335 periculum
3234 3278 3416 3318 arces-

1832 3361 1937 3408 set.
1965 3350 2080 3408 Non
2111 3353 2258 3409 enim
2287 3354 2464 3409 deerit
2497 3369 2736 3426 congrua
2762 3356 3190 3412 animadversio.
3212 3355 3415 3411 Absce-

1833 3447 1947 3503 dite
1980 3444 2149 3517 igitur
2170 3461 2276 3517 quo
2295 3447 2434 3516 jussi
2474 3448 2631 3503 eStis.
2662 3448 3061 3519 —Statimque
3087 3463 3174 3503 me
3201 3448 3415 3504 tametsi

1831 3548 2188 3609 mgrmantem
2255 3540 2534 3608 proficisci
2596 3540 2874 3612 compulit,
2909 3555 2980 3597 ne
3028 3540 3134 3595 diei
3187 3540 3414 3611 quidem

1834 3630 1996 3686 unius
2049 3630 2306 3688 dilatione
2361 3646 2643 3688 concessa.
2703 3631 2986 3700 Quomodo
3046 3631 3214 3703 igitur
3287 3643 3422 3684 con-

1833 3734 2029 3778 ventus
2079 3739 2239 3794 agere
2290 3735 2383 3780 aut
2428 3740 2535 3781 non
2578 3740 2744 3796 agere
2792 3742 3020 3782 vacuum
3068 3727 3217 3783 'mihi
3262 3725 3420 3780 dein-

1835 3830 1964 3885 ceps
2014 3816 2165 3872 fuit?
2233 3836 2252 3870 ι
2317 3817 2515 3874 Paucis
2577 3820 2775 3875 deinde
2852 3819 3418 3891 interjectis,addit:

1835 3906 2001 3979 259
2032 3928 2049 3959 ι
2080 3908 2185 3964 Sed
2213 3925 2426 3979 nequca
2446 3911 2713 3981 corporali
2749 3923 3037 3979 conventu,
3070 3912 3297 3968 Domino
3328 3910 3424 3979 ju-

1835 4012 2019 4066 vante,
2050 3999 2348 4058 abfuimus.
2381 3999 2580 4057 Verum
2602 4018 2700 4059 eos
2732 4005 2824 4073 qui
2851 4005 2903 4058 in
2935 4004 3069 4059 urbe
3101 4014 3279 4068 erant,
3321 4018 3421 4075 pe-

1835 4095 1994 4150 rinde
2020 4110 2084 4150 ac
2103 4095 2147 4150 si
2171 4095 2440 4159 adessem,
2467 4095 2672 4165 majore
2695 4095 2878 4150 studio
2896 4096 3221 4167 congregavi
3248 4097 3301 4150 in
3328 4110 3422 4151 ec-

1835 4185 2093 4252 clesiam;
2128 4186 2326 4241 absens
2339 4186 2558 4255 quidem
2576 4200 2824 4254 corpore,
2847 4196 2905 4241 ut
2924 4186 3036 4257 jam
3067 4186 3207 4251 dixi,
3237 4186 3421 4240 animo

1835 4287 2016 4334 autem
2051 4290 2310 4348 prmsens.
2334 4277 2488 4345 Apud
2513 4277 2728 4346 Cephro
2756 4292 2888 4331 vero
2912 4276 3196 4332 nobiscum
3224 4291 3419 4345 magna

1837 4370 2079 4431 fidelium
2111 4368 2289 4423 adfuit
2340 4367 2650 4433 multitudo,
2704 4369 2904 4439 partim
2972 4383 3162 4423 eorum
3219 4369 3310 4436 qui
3349 4369 3420 4422 ab

1837 4460 1976 4515 urbe
2015 4475 2116 4515 nos
2145 4458 2319 4514 secuti
2345 4458 2585 4522 fuerant,
2616 4457 2814 4526 partim
2844 4456 3072 4510 aliorum
3102 4455 3192 4525 qui
3223 4469 3291 4509 ex
3330 4469 3423 4507 re-

182 4547 375 4620 εσπάρη.
406 4551 519 4604 Καὶ
559 4549 753 4621 ὥσπερ
783 4551 971 4605 τούτου
1012 4550 1198 4606 ἐνεκεν
1230 4552 1535 4623 ἀπαγαγὼν
1582 4556 1731 4627 ἡμᾶς

1840 4552 1989 4623 liqua
2018 4551 2255 4627 Egypto
2277 4548 2640 4607 conﬂuebant.
2663 4548 2738 4604 lbi
2770 4564 2985 4620 quoque
3006 4549 3229 4617 ianuam
3264 4544 3422 4600 nobis

182 4637 287 4706 πρὸς
330 4642 526 4706 αὐτοὺς
574 4642 606 4695 ὁ
663 4641 820 4708 Θεὸς,
876 4644 999 4697 ἐπεὶ
1047 4643 1146 4716 τὴν
1201 4645 1478 4701 διακονίαν
1525 4646 1732 4719 ταύτην

181 4727 562 4805 ἐπληρώσαμεν,
597 4733 760 4787 πάλιν
790 4736 1124 4808 ἀπαγήοχεν.
1182 4737 1242 4792 Ὀ
1278 4738 1387 4811 γὰρ
1416 4739 1734 4811 Αἰμιλιανὸς

236 4906 329 4975 (53)
368 4912 717 4978 Πραότητος
757 4910 877 4965 τῶν
916 4914 1251 4973 σεϐαστῶν.
1281 4915 1451 4972 Codd.
1501 4916 1641 4974 Med.
1674 4928 1732 4974 et

180 4969 513 5053 llafz_._add'nnt
542 4969 724 5053 ημῷν,
753 4983 951 5053 quibus
988 4969 1261 5039 consentit
1288 4969 1456 5042 colles
1484 4969 1622 5046 Fuit:

240 5048 788 5123 (Μ)ῌΚοιμήτήριαξ
840 5048 1017 5107 Latini
1072 5070 1227 5109 areas
1292 5062 1602 5123 vocabant,
1657 5059 1730 5114 ita

182 5110 511 5175 Tertullianus
540 5110 818 5192 iinwlibro
862 5124 931 5175 ad
970 5123 1292 5192 Scapulam,
1342 5110 1407 5181 et
1443 5110 1731 5185 inﬁdos—tis

182 5191 487 5270 purgationis
520 5191 1210 5270 Caeci‘liattiLNum‘cives
1254 5196 1311 5249 in
1360 5214 1485 5270 area
1531 5209 1735 5270 marty-

185 5269 279 5335 ῃίζη
317 5259 525 5335 {agunt
560 5261 779 5335 inclusi.
830 5262 899 5335 Et
943 5265 994 5317 in
1023 5260 1193 5318 Gestis
1236 5267 1575 5334 purgationis
1627 5259 1735 5325 F5-

185 5321 284 5403 licis
316 5321 330 5384 ξ
364 5328 536 5384 Tollat
578 5332 776 5403 aliquis
818 5333 883 5387 de
926 5335 1111 5389 uestris
1152 5337 1207 5390 iu
1236 5321 1446 5404 'areiim,
1483 5321 1571 5393 ubi
1606 5321 1735 5395 6νὰ-

185 5403 322 5469 ttones
345 5401 539 5469 facilis.
672 5468 681 5469 ί

203 5409 322 5451 tones
347 5403 539 5456 facilis.

243 5468 566 5548 (55)Ποέαν
618 5468 739 5527 οὖν
777 5473 885 5527 ἔτι.
921 5473 1309 5548 _Accusahatur
1356 5476 1566 5533 scilicet
1611 5480 1737 5535 Dio-

188 5542 347 5617 nysius
389 5559 418 5595 a
452 5542 750 5604 Germano,
793 5545 934 5611 quod
991 5558 1287 5601 conventus
1335 5548 1569 5603 fratrum
1625 5566 1733 5606 non

189 5605 437 5691 habuisset
482 5622 612 5667 ante
664 5605 912 5691 exortam
950 5619 1418 5691 persecutionem,
1452 5621 1558 5691 sed
1608 5620 1734 5691 fuga

188 5678 323 5732 saluti
371 5698 480 5756 sua:
538 5678 1203 5756 prospexisset.'Quoties
1251 5678 1414 5742 enim
1450 5678 1738 5756 ingruebat

190 5754 485 5819 persecutio,
531 5755 783 5827 solebant
827 5755 981 5819 prius
1015 5758 1250 5826 episcopi
1300 5754 1552 5827 populum
1602 5777 1734 5817 ron-

193 5833 408 5890 tsregare,
452 5834 508 5878 ut
539 5840 664 5879 eum
702 5825 768 5879 ad
818 5827 1153 5883 retinendam
1192 5825 1393 5885 Christi
1433 5828 1592 5887 fidem
1638 5847 1731 5888 cx-

1837 4645 2098 4714 patefecit
2122 4643 2265 4699 Deus
2295 4644 2361 4698 ad
2403 4642 2846 4711 praedicationem
2880 4642 3028 4696 verbi
3074 4642 3181 4696 sui.
3217 4640 3283 4696 Et
3314 4640 3419 4693 ini-

1836 4739 1914 4795 tio
1943 4738 2164 4809 quidem
2192 4736 2631 4808 persecutionem
2658 4734 2807 4807 passi
2855 4747 2912 4791 et
2945 4734 3214 4805 lapidibus
3248 4733 3423 4802 impe-

1839 4920 2211 4975 hortarentur.
2282 4918 2488 4973 Deinde
2566 4916 2801 4971 infantes
2863 4924 2917 4970 et
2994 4917 3424 4969 catechumenos

1838 4989 2205 5057 baptizabant,
2240 5006 2308 5042 ne
2353 4990 2472 5043 sine
2517 4989 2787 5056 baptismo
2826 5001 2892 5040 ex
2934 4987 3038 5041 hac
3072 4985 3180 5039 vita
3217 4983 3422 5054 migra-

1840 5070 2001 5125 rent;
2042 5068 2096 5112 et
2144 5058 2548 5113 Eucltaristiam
2600 5057 2847 5110 tidelibus
2897 5057 3253 5120 dividebant,
3299 5068 3423 5125 cum

1843 5123 2112 5202 incertum
2143 5139 2285 5184 esset
2325 5128 2570 5202 Aquandiu
2600 5127 2861 5202 duratura
2897 5136 3046 5202 esset
3088 5123 3417 5202 persecutio.

1843 5198 2012 5265 Quem
2065 5213 2270 5253 morem
2306 5199 2488 5253 docuit
2531 5211 2630 5251 nos
2676 5194 2881 5250 factum
2929 5196 3186 5253 Dorothei
3241 5194 3423 5265 cujus-

1844 5261 1966 5323 dam
2021 5268 2525 5324 Thessalonicensis
2587 5266 2868 5335 episcopi,
2925 5266 3261 5337 temporibus
3308 5261 3413 5337 .51-

1842 5339 1995 5409 stini,
2030 5340 2172 5409 quod
2210 5341 2448 5393 refertur
2481 5338 2533 5390 in
2585 5331 2944 5409 suggestione
2978 5331 3268 5409 Germani,
3317 5331 3423 5388 Fe-

1844 5402 2063 5464 licis'ei
2108 5409 2388 5475 Dioscuri,
2431 5409 2598 5462 missa
2644 5402 2716 5462 ad
2758 5406 3106 5463 Hormisdam
3136 5402 3244 5458 PP.
3278 5418 3422 5458 anno

1843 5479 2043 5535 Christi
2081 5480 2208 5536 519.

1915 5549 2027 5621 (56)
2069 5548 2279 5621 ᾃἈπὼν
2297 5618 2312 5621 Α
2319 5548 2438 5621 μὲν
2474 5545 2577 5621 1νῷΔ
2602 5546 2856 5621 σώματι,
2877 5547 2958 5614 ὠς
2989 5542 3202 5621 εἰπεῖν.
3232 5542 3324 5621 Sit:
3361 5545 3422 5621 _in

1841 5613 2175 5696 codd.'hloz.
2209 5613 2752 5696 e_t.Med._scribittt:r.
2792 5613 2949 5696 Vulg.
2979 5613 3154 5696 εζπον.
3190 5614 3418 5696 inlinit.

1841 5703 1897 5744 et
1943 5692 2111 5744 Savil.
2143 5684 2405 5758 scriptum
2455 5689 2635 5743 inveni
2676 5687 2752 5752 ὡς
2806 5684 2958 5743 εἶπεν
3011 5690 3041 5742 ό
3078 5686 3419 5751 Ἀπὸστολος.

1843 5762 2003 5816 Certo
2033 5760 2221 5814 alludit
2251 5759 2547 5829 Dionysius
2574 5760 2643 5817 ad
2667 5760 2847 5817 locum
2876 5761 3120 5831 Apostoli
3148 5760 3203 5814 in
3239 5760 3421 5831 priore

1842 5833 1909 5887 ad
1944 5832 2192 5889 Corinth.
2231 5845 2350 5901 cap.
2384 5845 2433 5886 ν.
