3876 6540
284 476 368 532 673

1226 467 1574 524 HISTORUE
1614 467 2177 557 ECCDESIASTICIE
2230 472 2357 528 LIB.
2400 472 2518 528 VII.

3400 482 3506 541 674

279 610 370 646 ται.
400 588 628 652 Φαῦστος
670 589 728 644 δὲ
776 589 873 644 σὺν
916 587 1064 660 αὐτῷ
1108 589 1360 661 τηνικάδε
1410 590 1717 661 διαπρέψας
1764 594 1806 645 ἐκ

1927 608 2036 647 non
2101 597 2222 649 sine
2276 594 2475 663 capitis
2529 594 2610 650 sui
2669 594 2915 665 periculo
2947 597 3223 669 sepeliret.
3265 600 3402 657 Nam
3450 604 3506 659 ia

203 743 209 750 ε
275 687 329 754 τῇ
353 682 614 754 ὁμολογίᾳ,
664 682 826 753 μέχρι
874 681 970 734 τοῦ
1013 682 1134 735 καθ’
1159 684 1306 753 ἡμᾶς
1343 682 1585 753 διωγμοῦ
1624 683 1827 755 φυλαχ-

275 776 385 838 θεὶς,
435 773 654 845 γηραιὰ
706 772 903 845 κομιδῆ
961 772 1056 826 καλ⁸
1112 772 1326 845 πλήρης
1380 771 1601 844 ἡμερῶν
1624 812 1639 835 ,
1699 773 1824 826 καθ’

274 867 399 936 ἡμᾶς
442 865 632 928 αὐτοὺς
694 864 977 937 μαρτυρίῳ
1035 864 1136 935 τὴν
1190 862 1430 934 κεφαλὴν
1482 863 1825 934 ἀποτμηθεὶς

273 952 556 1008 τελειοῦται.
602 953 763 1008 Ἀλλὰ
810 954 881 1008 τὰ
931 954 1030 1024 μὲν
1089 955 1210 1008 κατ’
1275 956 1452 1007 ἐκεῖνο
1501 953 1695 1026 καιροῦ
1741 954 1819 1027 τῷ

270 1044 496 1116 Διονυσίῳ
526 1045 828 1116 συμῦάντα,
857 1045 1101 1101 τοιαῦτα.

1933 684 2078 739 hunc
2107 701 2276 755 usque
2301 688 2443 742 diem
2485 702 2589 742 non
2614 697 2798 744 cessat
2826 690 3120 758 praefectus
3151 704 3371 750 nostros
3412 695 3507 764 qui

1930 779 2236 844 prasentiae
2291 779 2463 849 ipsius
2525 780 2879 846 exhibentur,
2947 785 3148 855 partim
3200 785 3508 843 interﬁcere

1929 867 2328 937 crudelissime,
2377 872 2577 940 partim
2631 875 2922 929 tormentis
2981 876 3268 944 dilaniare,
3306 879 3506 948 partim

1926 959 2180 1027 squalore
2205 963 2450 1019 carceris
2475 972 2528 1018 et
2557 964 2793 1022 vinculis
2823 982 3134 1033 macerare,
3171 971 3507 1027 interdiceus

1927 1064 1996 1102 ne
2024 1051 2151 1118 quis
2184 1052 2251 1107 ad
2281 1067 2379 1108 eos
2434 1054 2659 1108 accedat
2709 1067 2764 1112 et
2818 1066 3172 1127 perscrutans
3213 1076 3339 1114 num
3382 1061 3507 1130 quis

273 1141 390 1194 forte
412 1142 654 1194 videatur
685 1142 967 1197 accedere.
1027 1142 1415 1197 Verumtamen
1483 1139 1625 1195 Deus
1668 1156 1733 1196 ex
1777 1141 2062 1198 alacritate
2116 1160 2181 1201 ac
2240 1147 2583 1218 benignitate
2633 1153 2902 1218 fratrum,
2958 1154 3214 1208 solatium
3288 1156 3505 1210 assidue

269 1239 458 1301 prastat
503 1228 783 1286 aﬂlictis.»
840 1231 965 1287 "tce
1018 1232 1308 1301 Dtonysius
1354 1231 1407 1285 in
1455 1231 1543 1286 illa
1602 1232 1822 1301 scripsit
1873 1233 2124 1300 epistola.
2166 1237 2463 1292 Sciendum
2514 1253 2683 1308 porro
2739 1250 2869 1307 est,
2923 1243 3220 1300 Eusebium
3278 1247 3501 1315 quidem

266 1343 402 1395 quem
456 1328 744 1398 Dionysius
788 1328 1075 1384 diaconum
1122 1328 1388 1398 appellat,
1444 1327 1593 1381 brevi
1642 1338 1830 1397 postea
1886 1327 2171 1386 Laodiceae
2222 1332 2277 1386 in
2339 1332 2498 1405 Syria
2542 1336 2855 1406 episcopum
2905 1352 3025 1394 esse
3101 1343 3499 1410 constitutum;

267 1421 531 1477 Maximum
565 1438 719 1489 vero,
759 1424 851 1492 qui
895 1438 925 1478 a
971 1423 1232 1497 Dionysio
1286 1426 1577 1496 presbyter
1622 1421 1847 1491 dicitur,
1889 1435 2012 1496 post
2070 1428 2282 1483 obitum
2318 1428 2493 1498 ipsius
2535 1429 2777 1501 Dionysii
2814 1432 3341 1493 administrationem
3371 1440 3499 1493 Ale-

265 1518 514 1573 xandrina:
568 1518 827 1575 Ecclesiae
861 1521 1203 1590 suscepisse;
1269 1520 1530 1576 Faustum
1578 1514 1815 1591 denique
1852 1522 1943 1590 qui
1987 1530 2121 1576 tunc
2165 1524 2424 1594 temporis
2484 1525 2851 1581 confessionis
2879 1527 3035 1583 titulo
3064 1544 3168 1583 una
3198 1547 3320 1585 cum
3374 1533 3501 1587 Dio-

266 1612 395 1682 nysio
415 1612 707 1678 inclaruit,
744 1614 810 1669 ad
841 1616 1013 1670 nostri
1060 1630 1230 1686 usque
1288 1615 1552 1687 temporis
1610 1617 2046 1686 persecutionem
2090 1630 2453 1681 reservatum,
2512 1624 2870 1692 grandaevum
2898 1626 3012 1695 jam
3042 1644 3105 1683 ac
3135 1643 3272 1697 pene
3310 1629 3500 1683 decre-

265 1711 405 1779 pitum
457 1717 639 1765 nostra
698 1719 859 1765 aetate
929 1711 1106 1782 capite
1160 1722 1442 1782 amputato
1499 1712 1819 1782 martyrium
1858 1726 2290 1769 consummasse.
2350 1712 2550 1771 Verum
2605 1717 2673 1774 de
2762 1719 2830 1776 iis
2886 1737 3008 1792 quae
3061 1724 3320 1792 Dionysio
3368 1734 3498 1780 tunc

265 1801 490 1870 temporis
508 1804 848 1871 acciderunt,
882 1804 1172 1859 hactenus.

756 1899 1149 1953 ΚΕΦΑΛΑΙΟΝ
1188 1900 1287 1955 IB’.

260 1987 376 2057 Περὶ
406 1987 518 2041 τῶν
548 1990 619 2043 ἐν
645 1990 1562 2064 Καισαρείᾳ,τῆς-Παλαιστίνης
1588 2008 1811 2064 μαρτυ-

557 2060 885 2129 ρησάντων
913 2061 1054 2132 (Nic.
1091 2062 1165 2116 ll.
1197 2065 1351 2122 E.vt.
1387 2062 1499 2132 11).

317 2150 458 2205 Κατὰ
496 2150 555 2205 δὲ
594 2153 685 2206 τὸν
748 2154 1077 2226 δηλούμενον
1139 2153 1501 2227 Οὐαλεριαωῦ
1546 2154 1806 2227 διωγμὸν,

258 2246 384 2313 τρεῖς
404 2245 457 2296 ἐν
481 2245 791 2319 Καισαρείᾳ
820 2247 920 2317 τῆς
955 2245 1331 2322 Παλαιστίνης
1376 2250 1444 2319 τῇ
1480 2246 1623 2301 κατὰ
1670 2249 1808 2320 Χρι-

259 2338 361 2391 στὸν
386 2337 787 2409 διαλάμψαντες
828 2336 1107 2410 ὁμολογίᾳ,
1141 2335 1271 2407 θείῳ
1316 2337 1808 2411 κατεκοσμήθησαν

262 2432 537 2504 μαρτυρίῳ,
587 2429 795 2502 θηρίων
842 2432 1123 2501 γενόμενοι
1169 2429 1324 2502 βορά.
1368 2423 1587 2484 Τούτων
1616 2432 1645 2484 ὁ
1712 2429 1813 2500 μὲν

258 2528 464 2599 Πρίσκος
486 2525 751 2588 ἐκαλεῖτο,
785 2526 813 2577 ὁ
839 2524 894 2578 δὲ
961 2524 1202 2596 Μάλχος,
1231 2523 1310 2594 τῷ
1337 2523 1394 2577 δὲ
1431 2523 1601 2596 τρίτῳ
1656 2523 1806 2577 Ἀλέ-

259 2610 448 2690 ξανδρος
470 2618 641 2688 δνομα
668 2612 757 2688 ἦν.
788 2614 1023 2679 Τούτους
1057 2615 1192 2687 φασὶ
1229 2616 1353 2669 κατ’
1395 2616 1563 2689 ἀγρὸν
1592 2612 1807 2667 οίκοῦν-

255 2730 351 2779 τας,
374 2713 631 2786 πρότερον
669 2713 769 2784 μὲν
796 2712 1020 2775 ἑαυτοὺς
1041 2710 1116 2775 ὡς
1146 2710 1369 2781 ἀμελεῖς
1400 2712 1494 2765 καὶ
1529 2709 1806 2784 ῥᾳθύμους

255 2810 468 2873 κακίσαι,
521 2811 606 2863 ὅτι
660 2808 724 2880 δὴ
768 2807 1037 2880 βραϐείων
1090 2806 1183 2859 τοῦ
1227 2805 1419 2879 καιροῦ
1475 2810 1589 2871 τοῖς
1639 2807 1806 2860 πόθου

254 2896 561 2967 γλιχομένοις
584 2896 840 2968 οὐρανίου
888 2895 1251 2965 διανέμοντος,
1290 2896 1601 2969 ὁλιγωροῖεν
1629 2895 1805 2962 αὐτοὶ,

257 2988 317 3060 μὴ
351 2988 464 3059 οὐχὶ
503 2987 950 3060 προαρπάζοντες
992 2986 1085 3042 τὸν
1131 2987 1225 3041 τοῦ
1259 2989 1561 3061 μαρτυρίου
1604 2987 1807 3059 στέφα-

254 3097 343 3147 νον,
370 3080 534 3135 ταῦτα
565 3081 622 3134 δὲ
655 3079 1133 3151 βουλευσαμένους,
1154 3081 1394 3152 ὁρμῆσαι
1422 3082 1516 3135 ἐπὶ
1543 3081 1642 3154 τὴν
1669 3082 1808 3135 Και-

253 3170 468 3240 σάρειαν,
518 3172 686 3241 ὁμόσε
728 3187 789 3223 τε
834 3170 1077 3244 χωρῆσαι
1123 3172 1215 3224 ἐπὶ
1258 3172 1349 3226 τὸν
1390 3171 1677 3245 δικαστὴν,
1713 3173 1808 3228 καὶ

2515 1901 2741 1958 CAPUT
2792 1902 2903 1958 XII.

1912 1994 1990 2051 De
2015 1996 2081 2050 iis
2120 1995 2210 2066 qui
2240 1996 2385 2065 apud
2419 1992 2715 2133 Cwsfareaut
2754 1995 3057 2053 Pnlwstinw
3092 2000 3347 2071 martyrio
3378 2017 3497 2070 per-

2555 2076 2695 2119 uncti
2746 2077 2891 2121 sunt.

2555 2076 2695 2119 unclt
2746 2077 2891 2121 sunt.

1982 2154 2153 2211 Porro
2205 2156 2258 2210 in
2310 2155 2413 2210 hac
2462 2153 2737 2210 Valeriani
2774 2159 3183 2227 persecutione,
3224 2170 3338 2215 tres
3392 2160 3525 2233 viri.

1910 2256 2032 2314 post
2067 2246 2332 2315 insignem
2353 2246 2556 2301 Christi
2587 2245 2986 2305 confessionem
3020 2251 3159 2321 apud
3189 2250 3492 2307 Caesaream

1909 2338 2211 2394 Patrestinte
2275 2338 2340 2393 ad
2398 2338 2599 2395 bestias
2659 2340 2928 2409 damnati,
2984 2343 3169 2397 divino
3204 2346 3492 2416 martyrio

1910 2431 2156 2486 coronati
2182 2440 2328 2487 sunt.
2358 2430 2563 2485 Horum
2600 2446 2744 2485 unus
2770 2432 3057 2488 dicebatur
3079 2433 3326 2500 Priscus,
3354 2436 3493 2489 alter

1910 2522 2178 2591 Malchus,
2218 2522 2419 2579 tertius
2449 2532 2631 2578 autem
2660 2523 2990 2580 Alexander.
3028 2527 3191 2599 262
3233 2527 3335 2594 Qui
3366 2543 3489 2582 cum

1910 2616 1966 2670 in
1999 2631 2131 2687 agro
2159 2616 2456 2686 degerent,
2499 2617 2735 2686 pritnttm
2766 2617 2989 2687 quidem
3017 2623 3231 2689 seipsos
3266 2620 3492 2674 insimu-

1910 2707 2056 2763 lasse
2079 2709 2334 2763 dicuntur
2378 2720 2637 2778 tanqttam
2678 2710 2905 2778 ignavos
2938 2727 3001 2767 ac
3035 2712 3287 2776 desides;
3347 2710 3491 2780 quod

1909 2812 2033 2853 cum
2062 2797 2280 2853 occasio
2309 2800 2421 2870 ipsa
2445 2799 2655 2853 cmlesti
2683 2815 2870 2856 amore
2886 2799 3245 2870 ﬂagrantibus
3266 2804 3489 2873 prtemia

1910 2892 2281 2961 distribueret,
2310 2893 2409 2962 ipsi
2447 2903 2760 2959 cessarent.
2800 2910 2901 2950 nec
2932 2910 3190 2950 coronam
3238 2895 3491 2967 martyrii

1910 2983 2285 3055 praeriperent.
2328 2983 2468 3040 Inito
2502 2986 2699 3041 deinde
2736 2986 2880 3041 inter
2910 3001 2970 3043 se
3008 2988 3260 3052 consilio,
3305 2986 3491 3043 (Ia-sa-

1910 3092 2058 3133 reatu
2093 3079 2599 3150 profecti,jndicetn
2643 3081 2818 3150 ipsum
2848 3081 3027 3135 adorti
3070 3090 3218 3147 sunt,
3254 3096 3490 3150 eamque

1910 3185 2073 3241 quam
2105 3170 2345 3226 diximus
2374 3172 2704 3227 sententiam
2740 3182 3094 3242 exceperunt.
3145 3170 3351 3226 Praeter
3390 3172 3490 3226 hos

251 3268 405 3334 τυχεῖν
432 3265 523 3319 τοῦ
545 3265 1027 3337 προδεδηλωμένου
1050 3266 1256 3331 τέλους.
1290 3268 1413 3320 Ἔτι
1441 3266 1579 3339 πρὸς
1597 3267 1806 3333 τούτοις

1917 3262 2105 3318 mulier
2161 3265 2411 3331 quaedam
2457 3263 2511 3317 in
2562 3264 2749 3318 eadem
2802 3262 3046 3326 civitate,
3089 3262 3492 3333 persecutionis

253 3354 440 3424 γύναιόν
464 3376 518 3412 τι
543 3358 688 3413 κατὰ
718 3360 808 3412 τὸν
836 3359 997 3413 αὐτὸν
1017 3359 1253 3430 διωγμὸν
1272 3360 1330 3412 ὲν
1358 3361 1425 3431 τῇ
1458 3360 1596 3431 αὐτῇ
1627 3359 1804 3427 πόλει,

250 3439 325 3493 τὸν
356 3444 535 3515 ὅμοιον
580 3444 887 3517 ίποροῦσιν
940 3446 1127 3515 ἀγῶνα
1172 3446 1542 3517 διηθληκέναι.
1584 3446 1699 3519 Τῆς
1746 3450 1803 3505 δὲ

250 3534 543 3609 Μαρκίωνος
568 3539 742 3611 αὐτὴν
780 3539 1045 3611 αἱρέσεως
1077 3540 1327 3608 γενέσθαι
1366 3540 1587 3612 κατέχει
1624 3540 1801 3612 λόγος.

752 3631 1147 3685 ΚΕΦΑΛΑΙΟΝ
1182 3625 1281 3685 II".

432 3722 567 3792 Περὶ
596 3720 711 3793 τῆς
731 3722 884 3794 μετὰ
911 3723 1261 3794 [maturae
1286 3723 1549 3794 εἰρήνης.

715 3793 857 3863 (Nic.
898 3792 971 3846 Η.
1006 3793 1071 3845 E.
1102 3810 1177 3856 Vl,
1213 3795 1326 3857 12).

320 3883 441 3938 Ἀλλ’
468 3886 568 3939 οὐκ
608 3883 693 3950 sic
738 3884 948 3957 μακρὸν
983 3884 1224 3940 δουλείαν
1266 3887 1367 3959 τὴν
1412 3886 1566 3959 παρὰ
1598 3887 1806 3962 βαρϐά-

256 3990 348 4045 ροις
370 3977 754 4049 ὑπομείναντος
783 3977 1167 4050 Οὐαλεριανοῦ,
1215 3981 1562 4053 μοναρχήσας
1588 3984 1618 4036 ό
1656 3971 1810 4048 παῖς,

256 4069 660 4141 σωφρονέστερον
728 4072 856 4141 περὶ
910 4069 1007 4141 τὴν
1069 4070 1243 4142 ἀρχὴν
1298 4072 1598 4126 διατίθεται
1659 4073 1804 4145 (49),

252 4154 406 4228 ἀνίησι
438 4176 494 4212 τε
520 4159 720 4213 αὐτίκα
745 4159 833 4213 διὰ
869 4161 1317 4233 προγραμμὰτων
1359 4162 1450 4216 τόν
1493 4163 1614 4216 καθ’
1650 4163 1806 4236 ἡμῶν

251 4245 475 4319 διωγμὸν,
503 4251 589 4304 ἐπ’
622 4251 933 4322 ἐλευθερίας
961 4255 1074 4316 τοῖς
1095 4251 1189 4306 τοῦ
1213 4252 1373 4321 λόγου
1398 4254 1705 4326 προεστῶσι
1733 4255 1803 4309 τὰ

251 4337 299 4405 ἐξ
326 4339 468 4406 ἔθους
496 4342 766 4396 ἐπιτελεῖν
803 4343 869 4396 δι’
910 4345 1247 4415 ἀντιγραφῆς
1298 4345 1641 4416 προστάξας,
1686 4348 1807 4419 ἥτις

248 4429 409 4485 τοῦτον
431 4432 540 4505 ἔχει
568 4433 662 4487 τὸν
696 4434 896 4505 τρόπον
918 4450 931 4463 ·
966 4453 985 4485 ι
1016 4436 1378 4507 Αὐτοκράτωρ
1413 4438 1632 4508 Καῖσαρ
1668 4438 1808 4492 Πού-

251 4519 381 4584 πλιος
430 4523 671 4587 Λικίνιος
718 4522 1029 4594 Γαλλιηνός,
1078 4524 1344 4595 Εὐσεϐὴς,
1391 4524 1658 4596 Εὐτυχὴς,
1714 4526 1809 4579 Σε-

248 4608 440 4679 ϐαστὸς,
463 4614 727 4685 Διονυσίῳ
759 4614 853 4668 καὶ
899 4615 1068 4687 Πίννᾳ
1108 4615 1202 4668 καὶ
1236 4615 1530 4687 Δημητρίῳ
1571 4616 1665 4669 καὶ
1695 4619 1809 4681 τοῖς

248 4699 424 4768 λοιποῖς
449 4704 770 4770 ἐπισκόποις
788 4721 802 4735 ο
832 4705 932 4770 τὴν
955 4705 1272 4775 εὐεργεσίαν
1301 4707 1404 4776 τῆς
1430 4707 1571 4778 ὲμῆς
1597 4706 1806 4777 δωρεᾶς

244 4795 319 4851 διὰ
365 4800 563 4863 παντὸς
618 4798 714 4852 τοῦ
765 4800 968 4870 κόσμου
1020 4798 1409 4871 ὲκὸιϐασθῆναι
1461 4798 1801 4872 προσέταξα·

244 4888 372 4954 ὅπως
400 4893 505 4946 ἀπὸ
546 4893 734 4946 τόπων
770 4891 878 4945 τῶν
910 4892 1329 4964 θρησκευσίμων
1378 4892 1803 4964 ἀποχωρήσωσι.

244 4982 338 5037 Καὶ
365 4984 447 5039 διὰ
467 4984 625 5040 τοῦτο
647 4985 741 5040 καὶ
766 4986 921 5056 ὑμεῖς
947 4984 1049 5055 τῆς
1079 4984 1420 5055 ἀντιγραφῆς
1439 4986 1536 5055 τῆς
1561 4984 1702 5055 ὲμῆς
1728 4982 1808 5054 τῷ

242 5075 378 5146 τύπῳ
425 5079 535 5151 (50)
592 5078 831 5151 χρῆσθαι
884 5077 1146 5142 δύνασθε,
1206 5077 1346 5131 ὥστε
1413 5077 1617 5149 μηδένα
1677 5078 1808 5148 ὑμῖν

303 5196 405 5267 (49)
428 5197 567 5266 Περὶ
599 5196 716 5264 τὴν
746 5195 955 5267 ,ἀρχὴν
977 5195 1314 5252 διατίθεται.
1345 5193 1460 5250 Vox
1507 5194 1637 5265 περί
1681 5210 1813 5262 sup-

243 5266 401 5336 pletur
424 5284 492 5322 ex
518 5269 683 5323 codd.
711 5266 848 5336 ﬁed.
889 5278 943 5321 et
995 5267 1154 5329 Mam,
1208 5267 1406 5335 quibus
1465 5267 1628 5319 etiam
1680 5280 1812 5319 con-

245 5335 463 5392 scntiunt
489 5338 653 5393 codd.
704 5335 841 5392 Fuk.
871 5348 927 5393 et
963 5336 1126 5392 Savit.
1156 5335 1327 5391 Porro
1380 5338 1681 5391 monendus
1727 5342 1812 5389 est

247 5406 417 5478 lector,
438 5409 682 5478 capitum
705 5407 953 5462 ordinem
984 5407 1072 5462 hic
1098 5424 1126 5460 a
1161 5407 1357 5478 Ruﬁno
1387 5416 1800 5478 commutatum.

246 5474 524 5533 Hzeecuim'
549 5481 660 5533 duo
699 5481 875 5546 capita
900 5480 968 5532 l5
1012 5487 1068 5533 et
1118 5478 1183 5531 M
1232 5476 1463 5546 Rufinus
1511 5475 1804 5531 collocavit

244 5561 353 5617 post
381 5559 541 5621 caput
573 5548 665 5614 19,
692 5545 840 5621 quod
861 5559 945 5604 est
979 5550 1047 5602 de
1070 5550 1329 5621 cathedra
1374 5545 1584 5621 Jacobi.
1628 5546 1688 5621 In
1719 5546 1803 5621 in-

246 5616 351 5695 dice
376 5616 549 5695 tamen
581 5616 973 5695 capitulorum,
1002 5633 1161 5695 quem
1217 5618 1357 5695 idem
1393 5616 1643 5695 _Rutinns
1670 5616 1802 5695 huic

248 5687 370 5760 libro
402 5687 665 5760 praeﬁxit,
704 5689 847 5743 idem
899 5698 984 5760 est
1004 5687 1158 5760 jordo
1191 5687 1563 5760 capitulorum
1592 5687 1687 5760 qui
1746 5687 1798 5738 in

246 5755 431 5815 Grzecis
449 5761 678 5816 Eusebii
717 5758 1139 5828 exemplaribus.
1176 5755 1289 5812 Cur
1333 5769 1537 5828 autem‘
1568 5755 1798 5828 ﬁuﬁnus

245 5832 471 5900 ordinem
493 5832 738 5900 capitum
770 5824 1083 5891 mutaverit,
1113 5842 1332 5900 causam
1352 5843 1463 5900 non
1493 5824 1665 5900 video,
1694 5825 1798 5877 nisi

246 5897 372 5955 forte
402 5903 525 5971 quia
558 5896 903 5956 commodius
924 5914 1045 5954 esse
1066 5898 1298 5971 censuit,
1321 5896 1509 5951 Marini
1548 5906 1603 5950 et
1639 5896 1802 5971 bstu-

250 5974 305 6023 ni
335 5965 591 6046 mai-tyria
614 5972 943 6027 subnectere
1004 5969 1241 6039 passioni
1294 5979 1585 6038 martyrum
1631 5965 1803 6019 (Stesa-

1906 3355 2069 3427 hujus
2097 3365 2365 3427 tempore,
2389 3357 2553 3411 simili
2579 3358 2878 3414 certamine
2919 3356 3208 3426 perfuncta
3235 3371 3356 3411 esse
3379 3371 3492 3411 me-

1906 3456 2174 3503 moratur.
2215 3449 2388 3516 Quam
2420 3449 2638 3519 quidem
2662 3463 2727 3505 ex
2775 3448 3071 3504 Marcionis
3107 3458 3256 3502 secta
3300 3445 3491 3513 fuisse,

1906 3545 2168 3593 constans
2193 3536 2340 3593 fama
2368 3546 2476 3593 est.

2491 3627 2720 3685 CAPUT
2757 3626 2895 3685 XIII.

2259 3718 2339 3775 De
2361 3736 2488 3789 pace
2521 3736 2555 3774 a
2587 3717 2831 3776 Gallieno
2862 3720 3095 3775 reddita.

1977 3875 2180 3934 Verum
2215 3876 2535 3935 .Valeriano
2589 3892 2699 3931 non
2751 3876 2923 3932 multo
2977 3884 3103 3948 post
3158 3890 3190 3931 tt
3241 3875 3492 3932 barbaris

1905 3983 2068 4042 capto
2097 3971 2228 4026 etin
2259 3970 2577 4027 servitutem
2610 3970 2854 4034 redacto,
2887 3970 3031 4026 (ilius
3065 3968 3182 4038 ejus
3208 3967 3505 4024 Gallienus‘

1907 4065 2054 4119 solus
2100 4063 2389 4134 imperium
2435 4063 2713 4131 obtinens,
2767 4063 3105 4119 moderatius
3149 4076 3208 4117 se
3269 4061 3487 4130 gessit:

1908 4153 2203 4233 missisque
2227 4154 2424 4208 edictis
2447 4193 2464 4219 ,
2493 4154 2933 4226 persecutionem
2971 4154 3234 4206 adversus
3273 4160 3493 4205 nostros

1907 4257 2237 4303 commotam
2284 4246 2534 4311 sedavit;
2595 4254 2761 4316 utque
2792 4244 3074 4313 religionis
3100 4253 3301 4297 nostra!
3350 4239 3493 4294 διιιί-

1909 4338 2068 4393 stites
2096 4352 2289 4392 secure
2319 4336 2580 4407 deinceps
2614 4350 2810 4391 munus
2845 4350 3006 4390 suum
3032 4334 3271 4398 obirent,
3299 4329 3491 4399 hujus-

1909 4430 2057 4486 modi
2088 4428 2355 4498 rescripto
2380 4427 2635 4499 praecepit
2662 4445 2675 4478 :
2713 4444 2733 4477 ι
2762 4424 3062 4495 imperator
3089 4421 3273 4476 Caesar
3306 4419 3366 4472 P.
3400 4415 3495 4471 Li-

1911 4522 2087 4577 cinius
2123 4518 2430 4593 Gallienus,
2460 4516 2609 4581 Pius,
2641 4514 2829 4579 Felix,
2862 4516 3172 4584 Augustus,
3214 4508 3490 4578 Dionysio,

1914 4608 2127 4673 Pinnae,
2168 4607 2460 4670 Demetrio,
2504 4615 2558 4659 et
2599 4604 2828 4675 reliquis
2875 4601 3170 4673 episcopis.
3204 4598 3493 4679 Indulgen-

1915 4700 2047 4754 tiam
2082 4697 2331 4753 beneﬁcii
2356 4697 2529 4752 nostri
2564 4711 2658 4762 per
2690 4695 3003 4749 universum
3039 4690 3230 4744 orbem
3267 4685 3493 4741 dili'undi

1912 4790 2301 4863 praecepimus,
2333 4800 2391 4845 ut
2421 4790 2601 4843 cuncti
2637 4802 2667 4841 a
2710 4783 2980 4854 religiosis
3006 4781 3140 4837 locis
3173 4779 3491 4834 abscedant.

1914 4885 2185 4951 Quocirca
2212 4895 2268 4937 et
2294 4898 2392 4937 vos
2423 4879 2677 4949 rescripti
2712 4877 2881 4932 nostri
2920 4874 3095 4931 forma
3129 4872 3203 4925 uti
3244 4869 3490 4940 potestis,

1915 4988 1974 5033 ut
2003 4977 2186 5033 nullus
2218 4975 2646 5039 robisdeinceps
2679 4969 2979 5024 molestiam
3024 4965 3277 5019 facessat.
3319 4961 3494 5028 Atque

1916 5071 1970 5128 id
2004 5069 2146 5139 quod
2177 5066 2332 5121 vobis
2363 5064 2583 5132 exsequi
2618 5063 2763 5126 lit-et,
2795 5059 2911 5127 jam
2947 5057 3155 5111 dudum
3181 5070 3210 5106 a
3239 5068 3325 5107 me
3359 5066 3495 5106 con-

1915 5187 2204 5244 riensium.
2235 5184 2340 5239 Sed
2372 5180 2807 5235 animadvertere
2835 5175 3101 5245 debuerat
3128 5168 3359 5245 diversis
3380 5167 3494 5245 haec

1918 5238 2256 5328 ieinporibus
2302 5252 2614 5328 contigisse.
2675 5246 2808 5326 Nam
2858 5244 3224 5328 caesarienses
3260 5238 3492 5328 quidem

1915 5308 2312 5396 illiﬂpassisnnt
2364 5322 2418 5375 itt
2451 5308 2855 5396 “persecutio-ne
2906 5311 3198 5396 Valeriani,
3252 5308 3494 5396 Plat-nius

1911 5383 2092 5453 autem
2146 5405 2203 5450 et
2237 5383 2492 5447 Asturius
2542 5390 2643 5443 sub
2693 5385 2961 5442 Gallieno.
3010 5383 3489 5453 llulini‘errorcm

1910 5449 2195 5525 Disu'ardus
2218 5474 2272 5518 et
2309 5465 2429 5517 Ado
2460 5473 2524 5514 ac
2555 5458 2753 5530 reliqui
2771 5457 3024 5530 deinceps
3058 5449 3257 5530 secuti,
3287 5456 3493 5519 marty-

1911 5522 2050 5594 rium
2083 5534 2276 5589 Marini
2330 5540 2491 5600 atque
2553 5522 2755 5600 Asturii
2794 5527 2865 5600 _in
2921 5522 3193 5600 Valeriani
3228 5528 3492 5600 .lctttpot‘a

1910 5589 2279 5665 contulerunt.
2314 5589 2423 5654 Sed
2447 5614 2541 5653 eos
2570 5598 2771 5667 refellit
2794 5594 3081 5667 Eusebius,
3112 5600 3170 5643 ut
3209 5589 3345 5641 dixi.
3405 5658 3417 5667 .
3480 5655 3494 5667 θ

1979 5658 2603 5751 ’Ἀντιγραφῆς....
2628 5666 2709 5751 τῷ
2740 5666 2948 5751 τίιῖιιῳ.⁸
2968 5660 3221 5751 Furnium

1909 5730 2562 5817 interpretatus-subi;Vill
2588 5730 2779 5817 ιλιι-ιιιιέ
2803 5730 2949 5817 loqui
2986 5737 3188 5817 solent.
3229 5731 3331 5817 ﬂSfic
3360 5730 3491 5817 lAItI:

1909 5797 2237 5876 ii'rb's'iiis;'ét
2269 5797 2627 5881 imperatores
2658 5810 2708 5860 in
2741 5797 2963 5871 Codice,
2992 5814 3049 5857 ut
3094 5800 3281 5857 notavi
3312 5799 3380 5852 ad
3429 5797 3493 5849 li-

1910 5890 2065 5944 brum
2098 5901 2187 5940 xw
2220 5887 2397 5943 Amm.
2437 5881 2753 5935 Marcellini.
