3876 6540
340 469 447 527 675

1041 456 1308 514 EUSEBII
1347 453 1826 511 CAESARIENSIS
1863 454 2021 511 OPP.
2047 454 2245 545 .PARS
2284 456 2325 511 Ι.
2370 486 2439 495 —
2477 454 2873 511 lliSTORlCA.

342 598 556 640 cessum
577 590 679 639 est.
718 578 949 635 Proinde
976 573 1225 629 Aurelius
1267 571 1536 642 Cyrenius
1584 581 1907 639 procurator

2019 573 2266 642 ἐνοχλεῖν.
2300 572 2410 627 Καὶ
2444 572 2603 626 τοῦτο
2632 574 2769 643 ὅπερ
2799 572 2944 628 κατὰ
2978 572 3045 626 τὸ
3085 569 3204 638 ἐξὸν
3243 572 3471 631 δύναται
3506 576 3594 648 ὑφ’

342 690 570 732 summa:
612 673 715 738 rei,
762 670 873 725 dati
916 683 946 724 a
989 666 1151 723 nobis
1180 664 1430 733 rescripti
1458 662 1688 717 formam
1716 678 1903 733 seque-

346 776 453 821 tur.
482 783 501 817 ι
549 762 679 818 Haec
706 777 772 816 ex
801 759 995 814 Latino
1032 757 1088 811 in
1130 754 1384 810 Grmcuiu
1442 768 1750 809 sermonem
1799 769 1909 823 quo

344 856 548 910 clarius
576 851 1030 921 intelligerentur,
1063 844 1346 910 translata,
1378 845 1530 914 operi
1559 846 1911 901 nostroinse-

347 941 576 995 ruimus.
608 937 706 993 Est
737 946 792 993 et
813 937 919 991 alia
946 934 1190 1004 ejusdem
1218 932 1567 1001 imperatoris
1593 933 1921 989 constitutio

343 1034 412 1086 ad
434 1033 569 1087 alios
593 1030 882 1101 episcopos
906 1028 1055 1095 data,
1085 1042 1193 1097 qua
1224 1029 1290 1084 iis
1334 1026 1587 1098 permisit
1624 1036 1685 1081 ut
1708 1039 1912 1082 cmme-

346 1124 598 1181 teriorum
629 1136 851 1177 suorum
878 1121 997 1175 loca
1020 1130 1436 1191 recuperarent.

2011 663 2167 735 ὑμῶν
2217 664 2680 737 ἀναπληροῦσθαι,
2743 666 2848 736 ἤδη
2901 665 3008 737 πρὸ
3073 664 3267 720 πολλοῦ
3316 666 3411 719 ὑπ’
3463 667 3595 739 ἐμοῦ
3696 676 3705 687 ⁸

2015 754 2449 826 συγκεχώρηται.
2485 756 2597 809 Καὶ
2638 755 2727 808 διὰ
2762 755 2921 809 τοῦτο
2950 755 3221 827 Αὐρήλιος
3268 758 3544 829 Κυρήνιος
3567 760 3596 812 ὁ

2013 845 2108 899 τοῦ
2133 847 2393 916 μεγίστου
2437 847 2762 917 πράγματος
2792 846 3178 919 προστατεύων
3209 847 3345 919 (51),
3384 848 3478 903 τὸν
3501 851 3596 905 τύ-

2015 953 2115 990 πον
2152 938 2242 992 τὸν
2284 939 2375 992 ὑπ’
2405 937 2539 1009 ἐμοῦ
2578 938 2800 993 δοθέντα
2849 938 3186 1009 διαφυλάξει.
3224 960 3244 992 ι
3283 941 3474 996 Ταῦτα
3509 943 3599 996 ἐπὶ

2014 1027 2076 1081 τὸ
2138 1029 2467 1102 σαφέστερον
2540 1031 2605 1084 ὲκ
2664 1031 2764 1102 τῆς
2829 1031 3119 1102 Ῥωμαίων
3195 1033 3599 1105 ἑρμηνευθέντα

2014 1118 2260 1191 γλώττης
2286 1122 2573 1190 ὲγκείσθω.
2609 1123 2719 1176 Καὶ
2745 1121 2879 1193 άλλη
2916 1123 2973 1178 δὲ
3014 1122 3111 1177 τοῦ
3144 1125 3311 1179 αὑτοῦ
3359 1125 3599 1191 διάταξις

340 1218 585 1290 φέρεται,
620 1216 690 1287 ἢν
730 1215 868 1287 πρὸς
895 1215 1114 1287 ἑτέρους
1167 1215 1499 1279 ἐπισκόπους
1544 1213 1858 1284 πεποίηται,
1890 1217 1964 1270 τὰ
2003 1213 2111 1268 τῶν
2143 1215 2489 1289 καλουμένων
2536 1218 2909 1289 κοιμητηρίων
2938 1217 3349 1291 ἀπολαμϐάνειν
3380 1219 3597 1292 ἐπιτρέ-

339 1328 456 1365 πων
483 1309 674 1381 χωρία.

920 1398 1148 1455 CAPUT
1182 1398 1320 1455 XIV.

412 1490 642 1556 Quinam
688 1488 873 1544 iisdem
915 1489 1234 1559 temporibus
1264 1491 1557 1559 ﬂoruerunt
1590 1490 1843 1563 episcopi.

410 1644 611 1700 Eadem
675 1652 1001 1715 tempestate
1064 1642 1324 1698 Romana:
1377 1648 1597 1715 quidem
1647 1646 1911 1705 Ecclesia:

336 1737 514 1793 adhuc
579 1746 809 1806 prmerat
858 1736 1105 1807 Xystus;
1157 1734 1559 1793 Antiochenam
1604 1755 1732 1794 vero
1786 1749 1911 1808 post

334 1840 565 1885 mortem
610 1829 762 1883 Fabii
806 1829 966 1901 263
1013 1828 1390 1884 Demetrianus
1442 1832 1701 1901 regebat;
1767 1830 1907 1900 apud

333 1921 634 1978 Cmsaream
658 1918 1014 1990 Cappadociae
1040 1920 1393 1978 Firmilianus
1418 1940 1432 1987 ;
1477 1924 1529 1977 in
1573 1922 1747 1979 Ponto
1771 1922 1907 1980 Gre-

343 2014 529 2085 gorius
564 2011 837 2081 fraterque
865 2010 981 2082 ejus
1019 2012 1431 2082 Athenodorus,
1473 2016 1638 2069 ambo
1660 2014 1910 2083 Origenis

334 2102 607 2173 discipuli,
651 2102 930 2158 Ecclesias
985 2105 1384 2173 gubernabant.
1422 2106 1582 2176 Apud
1607 2106 1906 2161 Ctesaream

298 2196 515 2251 ‘autem
557 2194 864 2250 Palaestina:
906 2206 1122 2251 mortuo
1170 2196 1491 2253 Theoclisto
1540 2198 1907 2253 sacerdotium

334 2287 574 2358 suscepit
604 2286 862 2341 Domnus.
900 2287 1018 2355 Quo
1059 2304 1166 2344 non
1205 2291 1377 2345 multo
1420 2299 1544 2362 post
1583 2307 1646 2346 ex
1675 2292 1774 2347 hac
1797 2292 1909 2345 vita

334 2379 568 2443 sublato,
602 2378 954 2434 Theotecnus
986 2380 1078 2448 qui
1103 2381 1170 2435 ad
1215 2395 1460 2437 nostram
1489 2399 1660 2453 usque
1695 2392 1924 2438 aetatem.

335 2471 625 2542 superfuit,
650 2472 705 2527 in
741 2471 859 2540 ejus
883 2474 1066 2529 locum
1098 2477 1425 2546 subrogatus
1442 2485 1543 2530 est.
1579 2476 1677 2530 llic
1700 2490 1913 2546 quoque

334 2561 581 2633 Origeuis
605 2562 824 2618 auditor
861 2563 1031 2619 fuisse
1070 2562 1288 2620 dicitur.
1352 2564 1743 2635 Hierosolymis
1784 2581 1913 2620 vero

334 2662 458 2724 post
490 2650 805 2707 Matabanis
827 2652 1057 2720 obitum,
1080 2654 1446 2725 episcopalem
1469 2656 1649 2708 sedero
1675 2655 1914 2710 obtinuit

335 2745 687 2816 Hymenaeus,
716 2744 807 2815 qui
834 2755 1023 2801 nostra
1048 2746 1213 2801 etiam
1242 2755 1401 2802 aztate
1416 2746 1667 2819 plurimis
1699 2742 1913 2803 laudum

338 2838 511 2894 titulis
534 2837 811 2896 inclaruit.

926 2924 1158 2987 CAPUT
1197 2928 1313 2986 XV.

423 3018 696 3087 Quomodo
731 3016 977 3077 Marinus
1007 3023 1163 3097 Δαριιιι
1217 3021 1515 3079 σιεεαηαηι
1566 3028 1822 3097 martyrio

898 3092 1212 3162 perfunctus
1256 3105 1352 3148 est.

401 3182 609 3239 Interea
627 3200 761 3255 pace
786 3186 1003 3241 cunctis
1021 3184 1223 3257 ubique
1243 3184 1506 3242 Ecclesiis
1524 3188 1755 3252 reddita,
1773 3189 1911 3258 apud

2537 1389 2940 1449 ΚΕΦΑΛΔΙΟΝ
2969 1394 3068 1448 ῙΔ’.

2165 1487 2231 1540 Οἱ
2257 1483 2384 1539 κατ’
2413 1483 2610 1538 ἐκεῖνο
2645 1485 3106 1554 contumaciter;
3132 1485 3461 1542 ἐπίσκοποι

2507 1554 2648 1625 (Nic.
2678 1553 2749 1607 Η.
2775 1553 2855 1611 Ε.
2877 1570 2950 1622 vr,
3002 1556 3119 1625 54).

2104 1647 2191 1699 Ἐν
2227 1643 2400 1716 τούτῳ
2439 1643 2497 1697 δὲ
2529 1644 2631 1714 τῆς
2671 1643 2769 1715 μὲν
2813 1642 3100 1714 Ῥωμαίων
3138 1645 3465 1716 Ἐκκλησίας
3489 1645 3599 1700 εἰσ-

2018 1737 2103 1791 έτι
2148 1736 2269 1791 τότε
2317 1734 2611 1806 καθηγεῖτο
2659 1733 2863 1798 Ξύστος
2904 1728 3039 1805 (52),
3089 1734 3189 1806 τῆς
3234 1728 3291 1789 δὲ
3334 1736 3423 1789 ἐπ’
3483 1736 3600 1790 Ἀνά

2013 1828 2248 1899 τιοχείας
2279 1827 2416 1898 μετά
2452 1826 2669 1891 Φάϐιον,
2719 1823 3125 1897 Δημητριανός·
3163 1826 3519 1898 Φιρμιλιανδς
3543 1828 3600 1882 δὲ

2015 1916 2351 1988 Καισαρείας
2415 1915 2516 1986 τῆς
2567 1913 2976 1969 Καππαδοκῶν.
3054 1915 3166 1969 Καὶ
3233 1916 3328 1969 ἐπὶ
3392 1916 3599 1981 τούτοις

2012 2007 2121 2061 τῶν
2150 2006 2293 2061 κατὰ
2324 2007 2522 2060 Πόντον
2562 2006 2868 2079 ἐκκλησιῶν
2902 2007 3206 2079 Γρηγόριος
3228 2008 3327 2062 καὶ
3348 2008 3376 2061 ό
3410 2007 3598 2061 τούτου

2016 2099 2242 2169 ἀδελφὸς
2288 2098 2671 2170 Ἀθηνόδωρος,
2732 2099 3039 2172 Ὠριγένους
3085 2092 3376 2173 γνώριμοι.
3411 2100 3525 2170 Τῆς
3552 2098 3597 2153 δ’

2015 2193 2107 2245 ἐπὶ
2157 2190 2515 2263 Παλαιστίνης
2559 2191 2895 2264 Καισαρείας
2948 2190 3277 2245 Θεοκτίστου
3330 2191 3596 2263 μεταλλά-

2017 2281 2222 2347 ξαντος,
2252 2281 2554 2351 διαδέχεται
2584 2281 2686 2353 τὴν
2715 2281 3018 2354 ἐπισκοπὴν
3055 2280 3279 2353 Δόμνος.
3314 2281 3521 2354 Βραχεῖ
3542 2278 3597 2335 δὲ

2016 2372 2191 2443 χρόνῳ
2216 2370 2404 2424 τούτου
2440 2369 2842 2452 διαγενομένορ,
2880 2369 3174 2452 Θεότεκνος
3213 2373 3243 2425 ό
3275 2371 3399 2425 καθ’
3430 2373 3593 2443 ημᾶς,

2017 2464 2257 2535 διάδοχος
2304 2461 2649 2517 καθίσταται.
2851 2460 2895 2514 δ’
2950 2450 3260 2534 Ὠριγένους
3313 2462 3597 2535 διατριϐῆς

2020 2560 2116 2612 καὶ
2139 2552 2294 2618 οὗτος
2325 2550 2412 2625 ἦν.
2454 2552 2614 2605 Ἀλλά
2645 2552 2738 2605 καὶ
2764 2553 2819 2605 έν
2861 2545 3249 2625 Ἰεροσολᾶμοις
3279 2556 3596 2609 ἀναπαυσα-

2024 2652 2184 2723 μένου
2213 2647 2562 2715 Μαζαϐάνου,
2597 2648 2687 2703 τὸν
2719 2647 2906 2720 θρόνον
2950 2648 3256 2720 Ὑμέναιος,
3297 2650 3327 2703 ὁ
3362 2650 3459 2704 καὶ
3498 2649 3595 2703 αὐ-

2018 2744 2109 2807 τὸς
2129 2745 2221 2797 ἐπὶ
2244 2741 2515 2807 πλείστοις
2541 2745 2653 2807 τοῖς
2669 2742 2789 2799 καθ’
2817 2743 2962 2815 ὑμᾶς
2982 2741 3289 2814 διαπρέψας
3312 2743 3596 2811 ἐτεσι,διε-

2018 2833 2225 2901 δέξατο.

2531 2924 2927 2980 ΚΕΦᾹΛΑΙΟΝ
2956 2918 3061 2979 IE'.

2052 3019 2240 3088 Ὅπως
2269 3017 2420 3074 κατὰ
2462 3017 2825 3088 Καισάρειαις
2856 3017 3117 3087 Μαρῖνος
3150 3014 3563 3088 ἐμαρτύρησεν·

2516 3089 2655 3160 (Nic.
2682 3089 2756 3143 ll.
2778 3087 2848 3144 Ε.
2876 3103 2951 3153 vr,
2985 3090 3098 3161 l3).

2086 3184 2244 3237 Κατά
2277 3180 2500 3246 τούτους
2532 3181 2757 3253 εἰρήνης
2796 3180 3112 3252 ἁπανταχοῦ
3143 3181 3255 3236 τῶν
3292 3181 3595 3253 ἐκκλησιῶν

330 3272 629 3331 Caesaream
656 3276 962 3333 Palaestinae
978 3277 1223 3335 Marinus
1247 3279 1465 3349 quidam
1497 3279 1712 3334 militari
1736 3282 1908 3350 digni-

2019 3273 2201 3348 οὔσης,
2238 3278 2295 3329 ὲν
2325 3275 2638 3348 Καισαρείᾳ
2680 3276 2781 3347 τῆς
2825 3276 3194 3349 Παλαιστίνης
3222 3278 3469 3349 Μαρῖνος
3490 3274 3599 3329 πῶν

330 3373 446 3421 tate
472 3367 780 3434 decoratus,
813 3369 881 3424 ad
907 3370 1023 3424 haec
1046 3370 1337 3440 splendore
1358 3372 1575 3441 generis
1607 3380 1772 3440 atque
1793 3372 1911 3441 opi~

329 3459 432 3513 bus
459 3459 656 3528 clarus,
682 3461 752 3515 ob
767 3461 1165 3517 confessionem
1184 3462 1384 3517 Christi
1413 3461 1593 3532 capite
1621 3471 1910 3518 truncatus

329 3560 415 3605 est
466 3552 567 3606 hac
603 3551 670 3607 de
709 3567 896 3607 causa.
953 3551 1141 3608 Honor
1190 3553 1411 3622 quidam
1464 3562 1550 3607 est
1596 3553 1724 3608 vitis
1768 3554 1908 3624 apud

332 3638 627 3707 Romanos,
647 3658 809 3712 quam
841 3644 931 3713 qui
960 3644 1140 3713 adepti
1173 3653 1323 3709 sunt,
1349 3644 1698 3700 centuriones
1720 3645 1909 3699 dicun-

332 3742 442 3789 tur.
470 3733 571 3791 Hic
603 3734 754 3791 locus
784 3751 906 3791 cum
942 3746 1182 3802 vacaret,
1218 3735 1461 3790 Marinus
1487 3735 1679 3791 ordine
1708 3736 1907 3807 gradus

329 3828 416 3883 sui
447 3827 518 3881 ad
564 3842 683 3882 eam
738 3828 1137 3898 promotionem
1181 3829 1503 3882 vocabatur.
1546 3827 1744 3882 Verum
1782 3844 1908 3883 cum

329 3919 540 3976 houore
569 3920 660 3975 illo
678 3918 902 3988 jamjam
939 3921 1212 3989 petiturus
1245 3928 1413 3985 esset,
1439 3914 1658 3988 quidam
1697 3922 1763 3974 ad
1808 3920 1910 3975 tri—

329 4009 496 4064 bunal
524 4011 790 4067 accedens
819 4010 1089 4065 Marinum
1138 4026 1396 4066 accusare
1435 4011 1625 4081 cmpit,
1654 4027 1908 4070 asserens

329 4099 412 4155 illi
441 4102 656 4170 quidem
691 4113 876 4171 utpote
905 4104 1219 4159 Christiano
1250 4102 1478 4167 homini,
1522 4112 1578 4157 et
1613 4104 1908 4173 imperato-

329 4192 481 4249 ribus
504 4195 815 4252 sacrificare
838 4196 1114 4261 renuenti,
1138 4194 1444 4251 Romanam
1470 4194 1790 4265 dignitatem
1818 4212 1911 4251 ca-

399 4350 511 4424 (5!)
545 4353 659 4426 Τοῦ
705 4352 994 4423 μεγίστου
1047 4356 1393 4426 πράγματος
1459 4352 1901 4423 προστατεύων.

329 4421 501 4477 Ηιιιιο
542 4421 719 4478 locum
779 4421 889 4492 iam
945 4421 1144 4478 dudum
1177 4421 1463 4493 'explicavi
1502 4421 1568 4478 in
1636 4426 1781 4479 notis
1836 4427 1903 4479 ad

333 4506 591 4565 excerpta
621 4509 701 4565 ex_
723 4494 894 4549 Dione
915 4495 1235 4560 Cocceiano,
1279 4511 1401 4565 pag.
1467 4495 1593 4549 “2.
1652 4495 1904 4562 Cuiacius

328 4564 384 4617 iu
410 4561 621 4634 lib.*vm
664 4561 961 4628 Observat.,
992 4579 1112 4634 cap.
1138 4565 1228 4627 52,
1268 4561 1413 4620 recte
1444 4566 1660 4634 quidem
1681 4561 1911 4630 monuit,

2015 3371 2073 3423 ἑν
2106 3366 2417 3440 στρατείαις
2453 3369 2564 3439 (55)
2602 3366 2877 3440 ἀξιώμασι
2917 3368 3322 3440 τετιμημένων,
3358 3367 3507 3436 γένει
3534 3383 3593 3419 τε

2013 3460 2109 3514 καὶ
2142 3459 2357 3532 πλούτῳ
2388 3459 2695 3533 περιφανὴς
2724 3459 2881 3531 ἀνὴρ,
2915 3456 3002 3514 διὰ
3044 3459 3145 3532 τὴν
3175 3458 3417 3531 Χριστοῦ
3455 3471 3595 3531 μαρά

2012 3549 2203 3621 τυρίαν
2253 3548 2346 3620 τὴν
2393 3549 2637 3620 κεφαλὴν
2700 3548 3081 3620 ἀποτέμνεται,
3143 3549 3362 3603 τοιᾶσδε
3412 3548 3593 3602 ἕνεκεν

2012 3643 2211 3707 αἰτίας.
2253 3642 2401 3714 Τιμή
2451 3659 2538 3706 τις
2581 3640 2698 3695 ἐστὶ
2743 3641 2894 3714 παρά
2949 3638 3241 3713 Ῥωμαίοις
3284 3642 3347 3696 τὸ
3389 3642 3592 3713 κλῆμα,

2011 3731 2074 3790 οὗ
2101 3738 2227 3801 τοὺς
2246 3734 2506 3807 τυχόντας
2534 3736 2698 3805 φασὶν
2732 3735 3167 3807 ἑκατοντάρχους
3194 3734 3462 3804 γίνεσθαι.
3495 3733 3593 3788 Τό-

2016 3844 2119 3882 που
2155 3826 2505 3898 σχολάζοντος
2542 3827 2654 3898 (δι)
2698 3827 2793 3881 ἐπὶ
2824 3827 2982 3881 τοῦτο
3024 3824 3313 3899 προκοπῆς
3344 3826 3437 3880 τὸν
3478 3828 3596 3881 Mue

2018 3918 2162 3994 ρῖνον
2198 3922 2231 3992 ἠ
2258 3918 2353 3973 τοῦ
2391 3917 2600 3990 βαθμοῦ
2632 3917 2787 3984 τάξις
2820 3919 3025 3974 ἐκάλει.
3058 3912 3198 3993 Ἤδη
3236 3938 3295 3973 τε
3338 3918 3596 3990 μέλλοντα

2014 4014 2116 4084 τῆς
2146 4013 2315 4083 τιμῆς
2351 4010 2590 4083 ἔχεσθαι,
2638 4010 2925 4085 παρελθὼν
2957 4012 3114 4077 ἄλλος
3141 4010 3249 4084 πρὸ
3280 4012 3376 4065 τοῦ
3426 4012 3595 4083 βήμαέ

2015 4119 2128 4167 τος,
2167 4104 2241 4175 μὴ
2273 4102 2476 4170 ἐξεῖναι
2512 4102 2611 4174 μὲν
2647 4103 2843 4174 ἐκείνῳ
2874 4105 2971 4175 τῆς
3020 4102 3307 4176 Ῥωμαίων
3353 4104 3594 4175 μετέχειν

2017 4199 2174 4267 ἀξίας
2223 4196 2364 4251 κατά
2410 4197 2537 4261 τοὺς
2589 4197 2852 4260 παλαιοὺς
2906 4193 3125 4268 νόμους,
3172 4194 3484 4270 Χριστιανῷ
3534 4216 3593 4266 γε

2012 4357 2168 4424 bant,
2202 4357 2268 4413 de
2288 4357 2556 4428 castrensi
2587 4356 2781 4412 militia
2827 4362 2987 4413 erant
3041 4366 3278 4428 sumpta,
3327 4367 3388 4414 ut
3442 4366 3589 4416 uorat

2014 4429 2286 4482 Asconius
2312 4425 2606 4482 Pedianus.

2087 4498 2202 4567 (54)
2238 4496 2775 4570 ἙκιιτρνιτὰρχουςΔ
2803 4497 3094 4570 γίνεσθαι.
3120 4499 3339 4570 ῌΤόπου
3370 4498 3597 4570 σχολά’

2010 4565 2236 4635 ζοντος.
2258 4567 2395 4623 Cod.
2425 4565 2584 4638 Reg.,
2599 4565 2844 4637 γίνεσθαι
2874 4566 3064 4630 τόπου,
3088 4568 3204 4638 sine
3224 4565 3593 4630 distinctione,

330 4632 647 4707 rationalem
673 4649 898 4688 summa:
927 4634 1005 4689 rei
1059 4632 1144 4689 his
1179 4636 1381 4707 ‘verbis
1444 4632 1906 4707 designaria'ﬁed
1944 4640 1986 4694 ι)
2016 4632 2247 4707 eamque
2304 4632 2800 4705 interpu'nct'ionem
2877 4646 3059 4707 tuetur
3140 4637 3501 4695 Casaubonus
3542 4641 3593 4694 iu“

327 4702 458 4770 quid
486 4713 630 4757 esset
652 4719 864 4758 summa
892 4719 1000 4766 res,
1032 4719 1140 4758 non
1177 4704 1466 4761 intellexit.
1500 4704 1608 4758 Nos
1656 4707 1723 4757 ad
1761 4705 1907 4758 illum

332 4772 518 4827 Dionis
551 4774 749 4837 locum,
774 4775 1113 4829 ostendimus
1146 4790 1414 4828 summam
1453 4789 1565 4826 rem
1605 4774 1747 4830 idem
1786 4790 1912 4831 esse

327 4856 393 4896 ac
423 4858 689 4896 summam
716 4844 1022 4911 pecuniam,
1053 4844 1145 4898 τὸν
1166 4843 1396 4898 καθόλου
1426 4843 1607 4911 λόγον.

403 4936 515 5014 (52)
551 4940 803 5014 ξῄστος.
834 4946 973 5014 _tmo
1029 4941 1235 5014 Xystus
1296 4942 1623 5014 jampridem
1676 4942 1905 4997 obierat.

329 5006 554 5083 Quippe
576 5006 778 5080 Xystus
832 5012 886 5065 in
954 5006 1332 5083 persecutione
1379 5006 1655 5083 Valeriani
1709 5013 1909 5083 insigni

328 5079 592 5149 martyrio
630 5078 921 5135 coronatus
951 5078 1034 5135 est
1077 5078 1255 5136 Tusco
1304 5093 1360 5136 et
1410 5082 1579 5137 Basso
1636 5078 1907 5149 coss.,'vu

327 5147 450 5202 ldus
473 5149 724 5223 Augusti,
757 5161 814 5223 ttt
841 5159 1055 5223 constat
1083 5162 1196 5205 tum
1244 5167 1309 5207 ex
1365 5153 1597 5221 epistola
1631 5147 1908 5223 Cypriani,

330 5225 442 5271 tum
471 5232 535 5272 ex
565 5217 724 5273 Libro
749 5217 1077 5287 Pontiﬁcali.

398 5330 509 5401 (55)
538 5329 752 5384 Τῶν-ἐν
785 5333 1144 5400 στρατείαις.
1191 5334 1497 5390 Cohortalis
1558 5336 1752 5389 militia
1818 5336 1909 5390 hic

329 5399 540 5473 y‘idetur
566 5403 824 5470 intelligi,
854 5399 909 5456 ut
955 5418 1019 5457 ex
1054 5399 1406 5473 sequentibus
1440 5408 1564 5460 licet
1623 5406 1905 5471 colligere.

326 5470 412 5525 Fit
433 5472 575 5543 enim
611 5475 811 5526 mentio
838 5470 1323 5541 Achmijudicis,et
1344 5477 1441 5529 fori
1473 5475 1903 5543 acjudiciorum,

326 5556 445 5614 qua:
475 5542 539 5594 de
556 5554 773 5614 armata
805 5554 858 5596 ct
880 5545 1141 5598 castrensi
1166 5546 1351 5598 militia
1379 5546 1483 5599 dici
1519 5562 1624 5599 non
1655 5557 1904 5614 possunt.

328 5612 487 5663 Certe
522 5611 565 5664 si
592 5612 656 5664 de
678 5623 885 5665 armata
913 5614 1103 5667 militia
1134 5616 1224 5668 hic
1262 5630 1442 5669 sermo
1472 5625 1636 5677 esset,
1655 5611 1907 5668 Marinus

328 5694 510 5751 coram
563 5680 698 5751 duce
745 5694 840 5735 aut
892 5699 1076 5737 coram
1147 5685 1331 5751 lega‘to
1397 5686 1632 5739 Caesaris
1682 5698 1905 5738 causam

330 5748 575 5803 dixisset.
614 5747 894 5805 Habebunt
925 5764 1106 5805 autem
1159 5747 1419 5808 ordinarii
1472 5755 1686 5818 judices
1741 5754 1903 5808 etiam

329 5818 677 5870 centuriones
700 5835 829 5873 suos
851 5830 905 5873 et
930 5823 1321 5875 cornicularius
1354 5824 1404 5875 in
1430 5825 1605 5877 cilicio
1641 5839 1759 5878 suo.
1798 5821 1903 5876 Sed

329 5899 379 5939 et
407 5898 599 5942 cuncta
628 5887 739 5943 fere
780 5892 998 5944 nomina
1030 5890 1334 5947 oliicialium
1372 5898 1462 5961 qui
1503 5896 1633 5963 ipsis
1673 5908 1904 5965 appare-

2016 4709 2161 4763 notis
2191 4709 2257 4760 ad
2286 4707 2658 4777 Spartiauum,
2694 4722 2818 4776 pag.
2841 4707 2934 4761 2|.
2967 4706 3061 4763 Sic
3095 4709 3242 4762 enim
3269 4720 3460 4763 censet
3489 4709 3593 4764 (Ia-

2015 4776 2494 4843 saubonusﬂitem
2516 4776 2686 4833 fuisse
2720 4777 2930 4846 insigne
2955 4792 3065 4846 quo
3108 4776 3273 4832 futuri
3320 4782 3596 4834 centurio-

2014 4862 2112 4903 nes
2168 4848 2614 4917 designabantur,
2661 4848 3099 4902 centurionatum
3150 4848 3326 4917 ipsnm
3364 4850 3590 4917 gesturi,

2015 4932 2136 4972 cum
2166 4914 2314 4971 locus
2344 4917 2540 4986 aliquis
2568 4933 2770 4971 vacuus
2800 4917 3011 4971 fuisset.
3057 4914 3182 4971 Sed
3213 4914 3517 4973 Salmasius
3540 4922 3589 4973 in

2015 4989 2160 5041 uotis
2185 4987 2250 5057 ad
2291 4987 2541 5057 eumdem
2573 4988 2969 5057 Spartianuin,
2995 4990 3139 5041 hanc
3181 4987 3594 5056 interpretatio-

2015 5072 2155 5128 nem,
2190 5055 2750 5128 Casaubouihmerito
2799 5056 3205 5128 reprehendit,
3254 5055 3460 5128 quippe
3504 5058 3591 5126 qui

2013 5127 2158 5180 aliud
2188 5141 2314 5181 esse
2341 5126 2660 5182 credidisset
2689 5127 2855 5179 vitem
2880 5140 3105 5193 gerere.
3139 5126 3285 5180 aliud
3317 5126 3593 5181 centurio-

2013 5212 2137 5249 nem
2166 5211 2309 5252 esse.
2342 5196 2528 5264 Itaque
2579 5195 2899 5264 Salmasius
2938 5195 3153 5250 Eusebii
3203 5196 3383 5251 locum
3434 5198 3593 5251 aliter

2011 5266 2365 5336 interpungit,
2402 5263 2457 5336 et
2487 5277 2605 5334 post
2634 5280 2822 5320 vocem
2845 5263 3091 5333 γίνεσθαι
3136 5266 3299 5320 ﬁnale
3335 5277 3589 5334 punctum

2012 5334 2255 5410 apponit,
2274 5334 2351 5388 'ut
2402 5334 2582 5410 fecere
2603 5336 2897 5410 Masculus
2929 5344 3002 5410 et_
3016 5337 3588 5410 _(}hristophorsouns.

2012 5405 2173 5459 Certe
2224 5407 2277 5459 iu
2336 5406 2722 5461 vetustissimis
2766 5405 2921 5471 codd.
2985 5405 3305 5472 Ma’zarino,
3364 5405 3503 5460 Fuk.
3538 5417 3590 5459 et

2011 5473 2266 5528 Medican
2298 5485 2421 5542 post
2447 5490 2634 5530 vocem
2679 5473 2924 5544 γίνεσθαι
2951 5475 3336 5530 subdistinctio
3365 5478 3590 5529 ascribi-

2012 5554 2120 5597 tur.
2153 5544 2257 5597 Sed
2285 5546 2335 5597 iu
2363 5544 2553 5599 iisdem
2584 5547 2893 5610 codicibus,
2928 5556 3049 5613 post
3075 5561 3236 5600 voces
3268 5546 3382 5599 illas
3425 5545 3587 5599 τόπου

2012 5613 2362 5684 σχολάζοντος
2391 5627 2651 5684 punctum
2677 5617 2728 5668 in
2761 5630 2972 5668 summo
3000 5617 3315 5684 apponitur.
3376 5614 3452 5670 Ex
3485 5631 3586 5680 quo

2010 5694 2253 5752 apparet,
2286 5686 2518 5753 scriptos
2545 5700 2733 5739 omnes
2757 5685 2970 5738 codices
2994 5686 3049 5736 iu
3079 5687 3241 5751 hujus
3270 5687 3371 5741 loci
3398 5688 3584 5739 distiu-

2009 5757 2189 5807 etione
2226 5758 2554 5810 consentire.
2590 5754 2699 5809 Nec
2728 5754 2881 5807 valde
2918 5753 3088 5808 refert
3117 5767 3239 5809 utro
3280 5756 3441 5809 modo
3471 5756 3583 5807 dis-

2011 5825 2243 5892 tinguas,
2291 5839 2413 5877 cum
2443 5837 2658 5893 semper
2690 5825 2828 5879 idem
2864 5840 3056 5879 sensus
3108 5827 3341 5882 exsistat
3376 5838 3583 5896 quoquo

2012 5896 2172 5949 modo
2210 5897 2635 5964 interpuuxeris.

3490 459 3596 515 crs
3674 529 3686 539 ο
