3876 6486
480 391 585 450 679

1185 389 1452 447 EUSEBII
1484 386 1962 446 CESABIENSIS
1992 386 2150 446 OPP.
2191 387 2369 444 PARS
2406 388 2448 446 Ι.
2490 417 2560 429 —-
2598 385 2994 444 HISTORICA.

3628 394 3719 452 σευ

480 516 554 570 ad
591 512 757 585 pedes
779 509 931 567 Panii
970 509 1189 573 montis,
1217 509 1399 564 [unus
1430 510 1705 573 visuntur,
1744 524 1810 564 ex
1854 508 2052 578 quibus

2161 523 2229 572 σι,
2248 507 2378 575 φασὶ
2410 508 2563 579 παρὰ
2589 510 2706 571 ταῖς
2738 504 2923 560 αὐτόθι
2942 505 3325 577 δεικνυμέναις
3358 511 3417 564 ὲν
3449 513 3564 576 ταῖς
3597 512 3721 569 ὁπω-

481 604 700 675 proﬂuit
721 602 989 658 Jordanis.
1018 601 1073 656 In
1104 603 1200 655 bos
1231 599 1369 656 festo
1390 600 1627 670 quodam
1653 600 1741 655 die
1770 599 2052 653 victimam

483 695 678 764 conjici
711 694 923 751 solitam
974 706 1096 747 esse
1139 692 1311 758 aiunt,
1357 705 1483 760 qua:
1533 690 1771 744 mirabili
1820 689 2055 759 quadam

483 788 742 842 daemonis
769 784 1081 854 Operatione
1123 798 1390 851 nusquam
1440 790 1627 853 postea
1662 790 2007 851 compareret
2036 797 2052 836 :

482 891 710 945 eamque
746 890 859 931 rem
892 890 921 928 a
972 874 1348 943 spectantibus
1397 889 1499 944 pro
1544 872 1742 928 illustri
1789 872 2056 927 miracqu

383 983 393 994 ’
482 966 670 1023 haberi
724 965 1090 1021 consuevisse.
1140 964 1389 1032 Quodam
1430 965 1597 1036 igitur
1644 974 1885 1034 tempore
1930 977 2054 1017 cum

479 1060 613 1113 Astu
622 1058 733 1112 rius
760 1058 844 1113 his
861 1057 1002 1111 forte
1019 1058 1365 1112 ceremoniis
1389 1057 1701 1121 interesset,
1717 1065 2057 1123 cunctosque

479 1149 835 1205 admiratione
886 1149 960 1203 rei
998 1148 1279 1218 perculsos
1308 1149 1541 1214 videret,
1570 1148 1803 1216 primum
1836 1146 2055 1217 quidem

479 1246 778 1302 caecitatem
803 1243 946 1313 vulgi
971 1242 1267 1297 miseratus
1295 1253 1399 1297 est.
1423 1241 1628 1297 Deinde
1662 1240 1838 1296 oculis
1865 1240 1917 1292 in
1942 1252 2054 1293 cm—

480 1338 589 1392 lum
622 1337 869 1401 sublatis,
901 1350 1218 1406 supreumm
1261 1336 1504 1390 omnium
1537 1334 1708 1388 Deum
1741 1348 1837 1400 per
1870 1331 2054 1388 Iesum

479 1429 753 1485 Christum
784 1430 1087 1485 obtestatus
1116 1440 1222 1493 est,
1250 1437 1311 1483 ut
1340 1428 1643 1481 dannonem
1693 1424 1845 1479 illum
1873 1422 2054 1493 populi

478 1524 819 1576 seductorem
849 1521 1258 1591 constringeret
1282 1560 1298 1585 ,
1325 1527 1382 1575 et
1409 1534 1439 1573 a
1471 1517 1803 1587 decipiendis
1831 1515 2057 1586 posthac

478 1612 800 1669 mortalibus
833 1613 1118 1668 abstinere
1156 1627 1278 1668 eum
1316 1611 1558 1682 iuberet.
1600 1608 1829 1664 Peracta
1861 1622 2053 1678 preca-

478 1705 647 1768 tione,
666 1714 888 1774 repeute
907 1704 1186 1759 victimam
1205 1702 1447 1758 fontibus
1469 1710 1857 1772 supernatasse
1878 1701 2051 1768 aiunt;

475 1804 641 1865 atque
670 1794 744 1850 ita
765 1796 1085 1850 miraculum
1116 1795 1250 1866 ipsis
1271 1808 1495 1865 prorsus
1522 1793 1887 1863 intercidisse,
1907 1792 2054 1848 nullo

478 1886 903 1958 deinceps_circa
924 1887 1067 1942 hunc
1095 1886 1271 1941 locum
1305 1886 1556 1957 prodigio
1586 1885 1721 1941 viso.

560 1973 564 1977 '
937 1978 1099 2052 235
1136 1979 1364 2035 CAPUT
1396 1978 1579 2034 xvut.

479 2070 553 2126 De
585 2083 763 2128 statua
784 2089 944 2143 quam
976 2073 1168 2133 mulier
1193 2073 1469 2195 sanguinis
1491 2073 1643 2141 ﬂuxu
1674 2070 1928 2126 laborans
1955 2086 2053 2141 po-

1205 2159 1286 2195 auz
1317 2182 1333 2195 .

1205 2159 1333 2197 Sull.

559 2234 667 2291 Sed
709 2234 1149 2305 quandoquidem
1204 2233 1366 2303 hujus
1407 2232 1559 2289 urbis
1601 2234 1927 2290 mentionem
1979 2232 2058 2289 fe-

479 2330 686 2392 cimus,
725 2343 829 2381 non
864 2328 1221 2395 incongruum
1271 2324 1433 2379 fuerit
1469 2338 1585 2379 rem
1614 2327 1907 2394 quamdam
1939 2340 2056 2379 me-

479 2421 655 2476 moria
702 2420 970 2490 imprimis
1011 2417 1231 2490 dignam
1278 2418 1514 2487 posteris
1556 2418 1793 2471 tradere.
1842 2414 2054 2471 Etenim

478 2513 763 2569 mulierem
811 2510 956 2565 illam
1008 2509 1291 2580 sanguinis
1354 2508 1619 2577 proﬂuvio
1681 2507 2053 2572 laborantem,

478 2620 642 2675 quam
690 2618 759 2659 ex
805 2602 976 2658 sacris
1033 2600 1343 2671 Evangeliis
1398 2600 1657 2655 discimus
1694 2612 1724 2654 a
1765 2597 2057 2654 Servatore

476 2707 668 2752 nostro
724 2705 971 2752 curatam
1025 2693 1215 2761 fuisse,
1263 2706 1331 2748 ex
1377 2691 1481 2747 hac
1522 2691 1745 2746 civitate
1790 2689 2056 2760 originem

480 2791 711 2845 traxisse
755 2788 959 2853 ferunt,
1014 2788 1346 2858 domumque
1385 2786 1503 2857 ejus
1537 2784 1737 2840 ibidem
1777 2783 2054 2854 conspici;

478 2890 536 2936 et
577 2880 764 2937 collati
801 2882 855 2935 in
902 2896 1020 2936 eam
1059 2895 1091 2935 a
1132 2878 1423 2935 Servatore
1468 2884 1656 2933 nostro
1706 2875 1960 2932 beneﬁcii
1993 2875 2059 2931 il-

476 2972 669 3030 lustria
704 2984 925 3030 exstare
965 2983 1342 3029 monumenta.
1385 2970 1595 3041 Quippe
1638 2969 1794 3041 juxta
1831 2960 2059 3040 ianuam

475 3069 670 3125 domus
715 3069 896 3133 illius,
940 3083 1090 3124 amca
1134 3068 1380 3124 mulieris
1427 3064 1630 3134 eﬂigies
1678 3075 1827 3121 stare
1858 3063 2060 3120 dicitur

2160 601 2332 673 ρείαις
2375 600 2469 655 τοῦ
2510 600 2846 673 καλουμένου
2884 598 3081 653 Πανίου
3118 601 3273 671 ὄρους
3319 608 3542 674 πηγαῖς,
3576 608 3631 673 ἐξ
3653 603 3719 667 ὧν

2156 693 2251 747 καὶ
2282 693 2374 747 τὸν
2396 693 2667 766 Ἰορδάνην
2694 692 3036 765 προχεῖσθαι,
3070 694 3210 748 κατά
3232 711 3353 748 τινα
3385 697 3577 769 ἑορτῆς
3601 702 3711 773 ήμέ.

2158 800 2259 856 ραν
2315 785 2541 854 σφάγιόν
2583 803 2636 840 τι
2666 784 3103 841 καταϐάλλεσθαι
3138 785 3281 856 (59)·
3337 788 3433 869 καὶ
3465 790 3617 845 τοῦτο
3658 798 3717 866 τῇ

2153 873 2250 928 τοῦ
2286 875 2538 947 δαίμονος
2577 876 2801 948 δυνάμει
2848 877 3055 947 ἀφανὲς
3098 876 3343 946 γίνεσθαι
3394 883 3718 951 παραδόξως,

2156 966 2342 1039 θαῦμά
2380 985 2439 1021 τε
2477 964 2616 1022 εἶναι
2653 968 2975 1041 περιϐόητον
3018 970 3130 1031 τοῖς
3163 969 3398 1042 παροῦσι
3431 972 3492 1025 τὸ
3518 976 3719 1046 γινόμε-

2155 1078 2265 1115 νον.
2316 1062 2565 1134 Παρόντα
2617 1062 2663 1116 δ’
2714 1057 2808 1117 οὖν
2854 1079 2983 1116 ποτε
3023 1067 3135 1128 τοῖς
3195 1065 3587 1134 πραττομένοις
3642 1070 3720 1124 τὸν

2156 1150 2458 1225 ’Δστύριον,
2493 1153 2587 1207 καὶ
2627 1154 2688 1208 τὸ
2717 1156 2949 1227 πρᾶγμα
2978 1155 3523 1226 καταπληπομένους
3560 1157 3721 1215 ἰδόντα

2156 1246 2280 1308 τοὺς
2295 1245 2541 1310 πολλοὺς,
2568 1247 2835 1318 οἰκτείραι
2863 1248 2964 1317 τῆς
2988 1247 3215 1319 πλάνης,
3248 1249 3484 1305 κᾶπειτα
3507 1254 3720 1308 ἀνανεύ-

2157 1354 2326 1391 σαντα
2367 1340 2445 1403 εις
2490 1339 2738 1411 οὐρανὸν,
2778 1340 3055 1395 ἱκετεῦσαι
3103 1342 3476 1415 διὰ.Χριστοῦ
3525 1345 3617 1399 τὸν
3638 1347 3720 1400 ἐπὶ

2156 1426 2373 1481 πάντων
2397 1427 2550 1493 θεὸν,
2582 1429 2643 1483 τὸ
2667 1429 2965 1485 λαοπλάνον
2998 1432 3271 1505 δαιμόνιον
3304 1435 3601 1504 ἀπελέγξαι
3637 1438 3721 1491 καὶ

2156 1520 2362 1574 παῦσαι
2393 1519 2495 1590 τῆς
2524 1519 2635 1574 τῶν
2658 1520 2962 1594 ἀνθρώπων
2997 1525 3231 1597 ἀπάτης.
3261 1525 3449 1581 Ταῦτα
3477 1526 3535 1581 δέ
3573 1544 3719 1597 φασιν

2154 1609 2471 1682 εὐξαμένου,
2519 1611 2730 1685 ἀθρόως
2777 1612 2839 1667 τὺ
2877 1614 3071 1685 ἱερεῖον
3104 1616 3433 1671 ἐπιπολάσαι
3472 1620 3594 1682 ταῖς
3628 1635 3721 1689 πη-

2153 1707 2298 1772 γαξ.
2329 1705 2485 1760 Οὕτω
2510 1723 2572 1760 τε
2603 1707 2786 1771 αὐτοῖς
2827 1707 2887 1761 τὸ
2926 1710 3230 1781 παράδοξον
3256 1711 3525 1782 οἴχεσθαι,
3574 1712 3722 1783 μηδε-

2156 1797 2245 1862 νὸς
2266 1798 2463 1871 μηκέτι
2486 1798 2763 1870 θαύματος
2795 1801 2921 1873 περὶ
2948 1801 3041 1856 τὸν
3074 1803 3239 1857 τόπον
3263 1804 3556 1875 γενομένου
3581 1849 3594 1864 .

2668 1988 2991 2043 ΚΕΦΑΛΔΙ(
3003 1990 3067 2043 ΙΝ
3096 1991 3201 2045 IH’.

2294 2079 2437 2147 Περὶ
2469 2076 2587 2150 τοῦ-
2604 2077 2959 2150 ἀνδριάντος
3002 2076 3074 2135 οὗ
3122 2082 3161 2150 ἡ
3193 2074 3597 2150 αἱμοῤῥοοῦσα

2479 2148 2824 2218 ἀνέστησεν
2840 2148 2979 2220 (Nic.
3013 2150 3080 2204 Il.
3115 2148 3183 2205 Ε.
3223 2148 3296 2218 vi,
3322 2148 3436 2216 15).

2228 2240 2369 2296 Ἀλλ’
2399 2240 2587 2312 ἐπειδὴ
2615 2241 2777 2312 τῆσδε
2813 2244 2911 2314 τῆς
2941 2242 3148 2308 πόλεως
3175 2244 3257 2308 εἰς
3292 2245 3514 2316 μνήμην
3543 2244 3722 2317 ἐλήλυ-

2158 2331 2247 2396 θα,
2284 2333 2385 2386 οὐκ
2412 2332 2559 2400 ἄξιον
2596 2332 2837 2405 ἠγοῦμαι
2881 2332 3168 2406 παρελθεῖν
3205 2335 3462 2408 διήγησιν
3498 2337 3590 2391 καὶ
3623 2340 3725 2402 τοῖς

2161 2424 2279 2497 μεθ’
2312 2427 2463 2497 ἡμᾶς
2501 2425 2936 2497 μνημονεύεσθαι
2980 2425 3154 2491 ἀξίαν.
3193 2425 3305 2500 Τὴν
3339 2428 3452 2503 γὰρ
3482 2432 3725 2503 αἱμοῤῥοο

2156 2511 2323 2572 οὖσαν
2349 2515 2459 2587 (60)
2486 2517 2552 2588 ἢν
2597 2517 2663 2571 ἐκ
2706 2516 2817 2570 τῶν
2863 2515 3026 2588 ίερῶν
3067 2518 3417 2587 Εύαγγελίων
3464 2520 3598 2591 πρὸς
3638 2517 3725 2575 τοῦ

2160 2607 2411 2680 Σωτῆρος
2437 2606 2593 2678 ἡμῶν
2625 2605 2719 2660 τοῦ
2748 2604 2956 2671 πάθους
2981 2606 3304 2680 ἀπαλλαγὴν
3332 2608 3596 2681 εὕρασθαι
3635 2627 3724 2681 με-

2162 2697 2509 2771 μαθήκαμεν,
2560 2696 2768 2752 ἐνθένδε
2813 2696 2998 2766 ελεγον
3035 2698 3329 2770 ὁρμᾶσθαι,
3385 2700 3477 2755 τόν
3508 2718 3567 2754 τε
3592 2696 3725 2755 οἷκον

2159 2790 2328 2862 αὐτῆς
2353 2790 2447 2843 ἐπὶ
2471 2793 2569 2863 τῆς
2597 2788 2806 2854 πόλεως
2831 2788 3159 2854 δείκνυσθαι,
3211 2791 3308 2846 καὶ
3354 2795 3457 2864 τῆς
3503 2793 3605 2847 ὑπὸ
3640 2791 3725 2847 τοῦ

2161 2880 2413 2953 Σωτῆρος
2439 2883 2521 2944 είς
2547 2878 2718 2953 αὐτὴν
2738 2881 3055 2952 εὐεργεσίας
3072 2881 3364 2952 θαυμαστὰ
3385 2885 3615 2956 τρόπαια
3633 2903 3725 2940 πα·

2161 2974 2438 3050 ραμένειν.
2481 2972 2730 3027 Ἐστάναι
2776 2972 2884 3046 γὰρ
2914 2974 3003 3043 ἐφ’
3035 2972 3240 3045 ὑψηλοῦ
3285 2973 3437 3028 λίθου
3480 2975 3610 3047 πρὸς
3636 2976 3725 3047 μὲν

2159 3070 2281 3132 ταῖς
2330 3065 2525 3130 πύλαις
2563 3064 2658 3120 τοῦ
2701 3064 2869 3135 αὐτῆς
2906 3064 3081 3129 οῐκου,
3124 3066 3384 3135 γυναικὸς
3441 3066 3725 3137 ὲκτύπωμα

476 3162 744 3217 columna:
780 3161 1007 3231 lapideae
1051 3160 1337 3230 imposita,
1382 3157 1614 3230 genibus
1648 3154 1806 3213 ﬂexis
1839 3166 2056 3228 proten-

2161 3158 2389 3231 χάλκεον
2414 3158 2507 3214 ἐπὶ
2539 3158 2673 3228 γόνυ
2703 3156 3041 3229 κεκλιμένον,
3084 3158 3179 3213 καὶ
3206 3159 3530 3229 τεταμέναις
3555 3160 3643 3214 ἐπὶ
3668 3158 3725 3210 τὸ

475 3256 663 3325 sisque
718 3254 969 3309 manibus
1028 3254 1202 3309 instar
1255 3251 1629 3322 supplicantis.
1685 3249 1766 3305 Ex
1830 3251 2056 3305 adverso

2162 3249 2397 3323 πρόσθεν
2440 3251 2563 3314 ταῖς
2607 3248 2817 3320 χερσὶν,
2861 3245 3178 3321 ίκετευούσῃ
3206 3248 3407 3312 ὲοικός.
3449 3248 3643 3301 Τούτου
3674 3247 3725 3300 δὲ

476 3355 658 3400 autem
712 3344 921 3415 eﬂlgies
969 3342 1072 3398 viri
1130 3357 1200 3399 ex
1260 3343 1452 3399 eodem
1507 3342 1725 3398 metallo
1786 3340 2056 3406 conﬂata,

365 3458 380 3476 ι
477 3434 674 3490 stantis
743 3449 809 3489 ac
863 3432 1102 3503 diploide
1154 3434 1414 3490 decenter
1451 3433 1667 3498 induti,
1726 3443 2059 3501 manumque

480 3525 696 3579 mulieri
742 3525 1093 3596 porrigentis.
1144 3524 1226 3579 Ad
1271 3523 1428 3592 cuius
1471 3523 1637 3594 pedes
1682 3524 1737 3578 in
1783 3522 1898 3593 ipsa
1940 3520 2060 3577 basi

482 3617 665 3689 ignota
696 3619 941 3688 quzedam
983 3616 1133 3673 nasci
1177 3617 1378 3673 dicitur
1414 3616 1643 3689 planta:
1671 3630 1792 3686 qua:
1829 3614 1896 3670 ad
1938 3613 2061 3669 ﬂm-

483 3709 659 3765 briam
703 3724 878 3780 usque
918 3723 1082 3765 aeneae
1112 3708 1369 3781 diploidis
1406 3722 1698 3778 assurgens
1728 3705 2060 3777 depellendis

482 3802 662 3857 omnis
706 3802 920 3872 generis
963 3803 1168 3857 morbis
1220 3802 1705 3873 prmsentissimum
1755 3796 2056 3853 remedium

480 3902 585 3947 est.
646 3889 798 3946 Hanc
843 3901 1077 3946 statuam
1123 3889 1253 3947 Jesu
1307 3892 1512 3948 Christi
1556 3889 1791 3960 speciem
1852 3886 2060 3944 referre

480 3983 721 4037 aiebant.
760 3982 958 4045 Mansit
1005 3996 1167 4052 porro
1209 3982 1276 4036 ad
1326 3991 1514 4037 nostra
1566 3993 1737 4049 usque
1772 3986 2055 4049 tempora:

480 4088 689 4144 nosque
717 4076 854 4130 adeo
882 4076 1071 4129 urbem
1116 4070 1261 4128 illam
1299 4072 1531 4141 ingressi
1560 4111 1577 4136 ,
1624 4072 1799 4139 ipsam
1830 4086 2060 4141 conspe-

481 4165 680 4220 ximus.
720 4164 828 4220 Nec
863 4181 989 4220 vero
1040 4165 1349 4219 mirandum
1394 4171 1516 4231 est,
1545 4162 1772 4234 gentiles
1797 4178 1830 4218 a
1856 4162 2061 4220 Serva-

482 4260 602 4308 tore
628 4262 816 4307 nostro
848 4253 1125 4309 beneﬂciis
1152 4252 1378 4309 aﬂ'ectos
1418 4252 1534 4308 haec
1569 4252 1909 4322 prastitisse,
1934 4269 2057 4309 cum

483 4355 537 4401 et
569 4348 935 4415 apostolorum
980 4344 1131 4402 Petri
1183 4360 1249 4400 ac
1292 4343 1480 4409 Pauli,
1528 4345 1842 4414 Christique
1885 4347 2059 4417 ipsius

484 4437 656 4505 pictas
687 4438 972 4507 imagines,
1000 4440 1067 4491 ad
1092 4447 1337 4492 nostram
1379 4450 1555 4505 usque
1587 4436 1905 4491 memoriam
1941 4452 2060 4493 ser-

2158 3345 2419 3416 ἇντικρυς
2444 3340 2572 3397 ἄλλο
2597 3342 2697 3413 τῆς
2727 3341 2897 3412 αὐτῆς
2916 3339 3051 3412 ύλης
3082 3341 3277 3413 ἀνδρὸς
3304 3340 3488 3413 ὄρθιον
3535 3342 3723 3413 σχῆμα,

2156 3432 2399 3489 διπλοΐδα
2427 3431 2669 3501 κοσμίως
2712 3429 3194 3503 περιὸεὸλημένον,
3234 3431 3330 3484 καὶ
3354 3430 3454 3501 τὴν
3479 3433 3626 3502 χεῖρα
3659 3432 3722 3500 τῇ

2157 3524 2378 3595 γυναικὶ
2406 3522 2704 3595 προτεῖνον,
2739 3514 2802 3575 οὗ
2836 3520 2988 3593 παρὰ
3021 3524 3134 3584 τοῖς
3176 3521 3336 3575 ποσὶν
3362 3521 3460 3574 ἐπὶ
3488 3521 3583 3588 τῆς
3610 3520 3724 3590 στή-

2157 3618 2255 3691 λης
2299 3620 2489 3689 αὐτῆς,
2532 3616 2685 3684 ξένον
2723 3633 2775 3670 τι
2823 3614 3053 3686 βοτάνης
3096 3609 3235 3678 εἶδος
3289 3614 3467 3683 φύειν,
3510 3612 3538 3666 ὃ
3580 3612 3725 3684 μέχρι

2157 3712 2252 3768 τοῦ
2286 3710 2594 3784 κρασπέδου
2638 3711 2739 3783 τῆς
2769 3706 2864 3763 τοῦ
2898 3707 3101 3779 χαλκοῦ
3120 3706 3389 3772 διπλοΐδος
3428 3701 3573 3761 ἀνιὸν
3600 3702 3719 3772 (61),

2158 3800 2599 3874 ἀλεξιφάρμακόν
2636 3817 2691 3854 τι
2741 3798 3010 3854 παντοίων
3066 3798 3389 3870 νοσημάτων
3433 3796 3720 3867 τυγχάνειν.

2159 3894 2361 3950 Τοῦτον
2409 3893 2467 3948 δὲ
2513 3892 2604 3945 τὸν
2646 3889 2941 3964 ἀνδριάντα
2978 3889 3162 3943 εἰκόνα
3204 3887 3299 3942 τοῦ
3342 3888 3517 3961 Ἰησοῦ
3557 3885 3723 3958 φέρειν

2158 3984 2363 4053 ἔλεγον.
2390 3983 2611 4053 Ἔμεινε
2636 3980 2694 4034 δὲ
2716 3980 2809 4035 καὶ
2835 3981 2915 4045 είς
2941 3981 3107 4052 ἡμᾶς,
3134 3978 3210 4044 ὡς
3234 3980 3331 4034 καὶ
3353 3979 3474 4049 ὄψει
3499 3974 3723 4050 παραλι-

2161 4073 2274 4129 6εῖν
2302 4073 2745 4145 ἐπιδημήσαντας
2766 4071 2965 4135 αὐτοὺς
2987 4074 3054 4143 τῇ
3076 4070 3249 4125 πόλει.
3290 4071 3404 4124 Καὶ
3433 4065 3721 4139 θαυμαστὸν

2159 4166 2309 4222 οὐδὲν
2348 4165 2474 4228 τοὺς
2506 4162 2677 4218 πάλαι
2707 4160 2769 4226 ὲξ
2802 4158 2973 4213 ὲθνῶν
2995 4159 3453 4233 εὐεργετηθέντας
3486 4156 3611 4230 πρὸς
3634 4151 3718 4207 τοῦ

2160 4261 2410 4331 Σωτῆρος
2433 4256 2611 4328 ήμῶν,
2638 4255 2810 4312 ταῦτα
2834 4253 3209 4325 πεποιηκέναι,
3238 4252 3329 4305 ὅτε
3353 4250 3449 4305 καὶ
3476 4249 3579 4303 τῶν
3603 4248 3720 4301 ἁπο-

2162 4351 2363 4406 στόλων
2408 4348 2574 4403 αὐτοῦ
2612 4347 2712 4412 τὰς
2751 4347 2964 4411 εἰκόνας
2996 4344 3208 4398 Παύλου
3244 4344 3341 4397 καὶ
3387 4342 3607 4414 Πέτρου,
3634 4336 3721 4389 καὶ

2162 4437 2327 4491 αὑτοῦ
2377 4436 2443 4508 δὴ
2492 4433 2589 4489 τοῦ
2637 4434 2895 4507 Χριστοῦ,
2944 4433 3032 4488 διὰ
3059 4432 3368 4508 χρωμάτων
3415 4434 3473 4485 ὲν
3504 4429 3717 4502 γραφαῖς

484 4538 636 4585 ratas
675 4530 729 4584 in
763 4530 964 4586 tabulis
1001 4529 1317 4584 viderimus.
1353 4528 1560 4599 Quippe
1587 4526 1751 4607 prisci
1793 4528 1904 4595 illi,
1934 4531 2056 4585 abs-

2170 4528 2483 4601 σωζομένας
2535 4530 2920 4601 ἱστορήσαμεν,
2981 4525 3058 4589 ὡς
3116 4524 3266 4588 εἰκὸς
3333 4521 3444 4576 τῶν
3496 4516 3716 4607 παλαιῷν

485 4637 590 4692 que
631 4624 741 4681 ullo
787 4620 1101 4678 discrimine
1145 4628 1371 4676 cunctos
1411 4619 1477 4674 de
1522 4634 1582 4675 se
1644 4622 1782 4674 bene
1832 4621 2056 4677 meritos

487 4710 674 4777 gentili
711 4711 946 4779 quadam
996 4708 1390 4763 consuetudine
1441 4715 1698 4775 tanquam
1751 4718 2058 4764 servatores

489 4802 664 4855 colere
704 4802 1016 4871 huiusmodi
1057 4800 1357 4855 honoribus
1393 4809 1804 4855 consueverant.

485 4911 661 4984 aulum
683 4912 965 4981 faderatis,
988 4915 1246 4971 Iordanis
1271 4914 1511 4983 deinceps
1533 4915 1853 4984 appellatur.
1878 4917 2051 4973 Porro

488 4983 540 5055 in
570 4987 951 5055 manuscriptis
979 4988 1256 5042 codicibus
1293 4984 1455 5043 Mam.
1486 4983 1623 5039 Med.
1658 5001 1722 5041 ac
1767 4986 1900 5042 Fuk.
1938 4989 2054 5041 Πα-

485 5052 603 5127 νίου
629 5053 789 5127 ὅρους
822 5052 1099 5124 scribitur,
1141 5073 1249 5112 non
1301 5071 1398 5125 per
1428 5057 1846 5127 diphthongum,
1902 5069 1959 5112 ιιι
1999 5061 2055 5114 in

486 5124 675 5179 Codice
706 5124 894 5193 Regio.

558 5193 670 5267 (59)
696 5196 957 5267 Σφὰγιόν
978 5215 1034 5252 τι
1062 5198 1561 5253 καταϐάλλεσθαι.
1605 5194 1862 5251 Solebant
1882 5196 2057 5267 genti-

487 5263 569 5319 les
590 5263 846 5337 in'l‘ontes'
871 5285 932 5322 ac
955 5280 1143 5337 puteos
1177 5285 1311 5337 quos
1333 5268 1607 5328 colebant,
1636 5263 1898 5337 victimas
1904 5266 2059 5330 jace-

488 5335 1028 5410 re._llinc_Public0|a
1059 5335 1731 5410 inter—rogatAugustinum
1756 5336 1809 5390 in
1836 5337 2063 5410 epistola

489 5406 613 5470 155,
652 5409 696 5462 si
732 5407 855 5461 licet
878 5410 946 5462 de
978 5410 1123 5464 fonte
1148 5406 1362 5471 bibere,
1402 5407 1489 5462 vel
1517 5409 1583 5462 de
1623 5416 1809 5476 puteo,
1853 5407 1942 5461 ubi
1997 5409 2063 5463 de

489 5479 762 5531 Sacriﬁcio
792 5479 989 5547 aliquid
1023 5478 1246 5532 missum
1280 5488 1385 5531 est.

559 5548 674 5618 (60)
712 5547 831 5616 Τὴν
854 5544 965 5618 γὰρ
985 5548 1448 5616 αἱμορῤοοῦσαν.
1476 5546 1690 5600 Citatur
1719 5545 1805 5599 hic
1842 5544 2057 5618 Eusebii

488 5615 720 5689 locus’in
760 5615 988 5687 septima
1013 5615 1238 5689 synodo,
1263 5624 1477 5673 actione
1506 5625 1722 5689 quarta,
1765 5629 1888 5683 pag.
1909 5615 2056 5689 _508.

490 5684 636 5761 Vide
661 5703 779 5761 qua:
809 5684 1411 5761 nagrrachilostorgius
1444 5688 1497 5741 in
1522 5685 1613 5740 lib.
1651 5698 1886 5752 vu,cap.
1909 5684 1965 5751 5,
2001 5696 2056 5740 et

490 5769 559 5810 ex
586 5758 675 5810 illo
704 5757 1058 5825 Nicephorns.

562 5826 674 5899 (6|)
712 5823 902 5896 Μέχρι
954 5827 1060 5899 τοῦ
1095 5824 1531 5899 maleﬁdam...
1580 5823 2058 5899 drldr.___Rulinus

495 5894 853 5954 buuc'locum'
911 5899 984 5951 ita
1040 5896 1330 5960 intellexit,
1379 5897 1533 5959 quasi
1569 5898 1749 5953 Planta
1781 5894 1873 5950 illa
1930 5904 2060 5950 tunc

2162 4619 2596 4694 ἀπαραλλάκτως
2638 4616 2747 4690 (62)
2806 4610 2892 4669 οἷα
2946 4617 3194 4687 σωτῆρας
3242 4612 3428 4683 ἐθνικῇ
3458 4693 3461 4694 ν
3487 4603 3717 4678 συνηθείᾳ

2161 4708 2290 4779 παρ’
2320 4708 2531 4769 ἑαυτοῖς
2564 4704 2749 4756 τοίτον
2781 4702 2944 4772 τιμᾲν
2964 4698 3230 4751 εἰωθότων
3258 4695 3346 4747 τὸν
3370 4693 3583 4764 τρόπον.

2160 4917 2377 4971 demum
2413 4912 2600 4969 eﬂicax
2632 4910 2698 4968 ad
2732 4914 3008 4969 sanandos
3043 4913 3264 4966 morbos
3290 4924 3412 4965 esse
3434 4909 3710 4972 incaaperit,

2160 4996 2446 5057 postquam
2486 4986 2551 5057 ad
2578 4985 2847 5039 ﬁmbriam
2870 4997 3047 5052 usque
3078 4980 3407 5057 Dominicaj.“
3431 4977 3607 5057 vestis_
3628 4987 3711 5057 ex-

2163 5044 2451 5111 crevisset.
2487 5054 2659 5120 Quem
2696 5069 2916 5108 sensum
2949 5044 3174 5106 secutus
3214 5060 3300 5103 est
3347 5044 3707 5113 Christuphor-

2163 5140 2351 5188 sonus,
2383 5133 2435 5178 et
2466 5133 2593 5177 ante
2643 5123 2791 5177 illum
2824 5124 3187 5195 Nicephorus.
3219 5120 3327 5175 Sed
3394 5129 3570 5195 tamen
3597 5124 3707 5195 cuin

2164 5197 2219 5250 id
2250 5195 2514 5249 Eusebius
2544 5204 2732 5260 aperte
2761 5209 2866 5246 non
2900 5192 3068 5254 dicat,
3101 5193 3333 5260 quisque
3374 5204 3470 5260 pro
3499 5189 3708 5260 arbitrio

2165 5248 2268 5319 suo
2291 5248 2509 5318 statuet.
2549 5248 3068 5331 Mihi.probabtlius
3120 5248 3603 5331 Miletum-idcirco
3650 5248 3710 5331 ob

2165 5334 2400 5390 Eusebio
2424 5323 2746 5388 nominatim
2778 5337 2879 5388 hoc
2904 5332 3144 5385 additum
3181 5329 3370 5393 fuisse,
3389 5326 3524 5392 quod
3550 5323 3707 5393 planta

2165 5405 2254 5458 illa
2280 5418 2445 5472 supra
2489 5403 2760 5458 ﬂmbriam
2798 5402 3095 5456 Dominica:
3126 5401 3429 5472 vestis‘nou
3482 5404 3707 5472 assurge-

2165 5487 2300 5539 ret,
2346 5467 2502 5542 quasi
2565 5473 2710 5527 hanc
2765 5469 3460 5542 reverentiamexhibens
3490 5467 3704 5542 Domino:

2160 5535 2339 5612 Atque
2364 5535 2437 5597 ita
2472 5546 2614 5596 hunc
2640 5543 2817 5598 locum
2846 5542 3053 5609 accepit
3078 5541 3255 5594 etiam
3277 5538 3625 5608 Nicephorusy
3655 5535 3706 5580 ιιι

2161 5614 2345 5669 videre
2373 5623 2455 5667 est
2490 5613 2543 5665 in
2583 5628 2702 5680 cap.
2737 5613 2804 5666 15
2827 5613 2919 5666 lib.
2956 5626 3030 5665 vt.

2232 5662 2345 5754 (ἐξ)
2376 5662 3161 5754 τλάᾶρᾶὰᾶάᾷιὲὡξλῃὶοιιτι.
3189 5676 3557 5754 Πεβῐο,’ὃί³ξεν
3586 5662 3704 5754 PE;

2160 5744 2549 5824 etfsaviliam;
2617 5744 2879 5808 scribitur
2916 5822 2921 5824 Α
2953 5744 3470 5824 ἀπαραφυλάκτως..
3496 5744 3709 5824 Διὶιιιίιιιιξ

2160 5818 2328 5878 vertit
2357 5823 2739 5891 indigerent".
2771 5822 2923 5887 Quod
2950 5864 2965 5881 .
2998 5816 3217 5891 inquit,
3262 5820 3392 5872 mihi
3427 5816 3707 5891 riduurﬂftt=

2159 5875 2421 5957 mnium
2455 5875 2829 5947 c'onauetudiiie
2855 5875 3221 5955 indilfrrr'nter
3265 5898 3583 5945 usurpatum.
3609 5875 3707 5940 ES”
