3876 6478
199 466 282 522 683

1155 459 1501 521 ΗΙΞΤΟῐιΙίΕ
1540 458 2097 519 ΕΩΕΕΕΞῙΑΒΤΙΟᾸΣ
2136 460 2264 517 LIB.
2304 458 2416 517 VII.

3282 461 3384 516 686

194 577 357 648 όμενος
394 575 421 627 ό
468 570 682 646 Ἰσραὴλ
718 571 890 637 οὕτως
936 572 1205 645 ὲδίψησεν,
1254 574 1326 638 ὡς
1360 575 1593 627 Μωῦσοῦ
1633 576 1723 646 μὲν

1834 592 1920 638 ne,
1946 591 2045 646 per
2076 590 2236 646 quam
2266 576 2370 629 iter
2389 573 2653 631 facientes
2676 570 2934 633 Israelita
2967 582 3113 632 tanta
3141 580 3387 648 oppressi

192 662 447 733 καταὸοᾷν,
477 663 669 733 ῥυῆναι
715 662 759 715 δ’
792 663 975 726 αὐτοῖς
1002 663 1152 735 παρὰ
1180 664 1272 717 τοῦ
1303 665 1578 735 θαυμάσια
1614 684 1729 719 ποι-

189 756 344 817 οῦντος
377 754 534 823 μόνου
573 755 639 806 ὲκ
667 752 869 824 πέτρας
915 754 1216 825 ἀκροτόμου
1260 756 1418 809 ποτόν
1443 774 1457 787 ·
1511 758 1639 811 ποτὲ
1671 758 1728 811 δὲ

185 846 405 901 τοσοῦτον
434 846 790 918 ὲπλήμμυρεν
821 846 955 916 (72),
989 846 1068 910 ὡς
1090 849 1263 901 πᾶσαν
1285 847 1380 918 τὴν
1404 849 1726 922 περίχωρον,

184 938 267 1001 τάς
291 955 345 990 τε
369 936 515 1001 ὁδοὺς
564 938 658 990 καὶ
692 938 819 1000 τοὺς
862 938 1066 1008 ἀγροὺς
1096 936 1477 1004 ἑπικλύσαντα,
1506 943 1605 1011 τῆς
1637 941 1729 994 ἐπὶ

182 1029 287 1081 Νῶε
306 1027 595 1099 γενομένης
620 1027 714 1081 τοῦ
743 1028 933 1092 ὓδατος
958 1030 1133 1100 φορᾶς
1154 1030 1451 1098 ἐπαγαγεῖν
1477 1031 1726 1102 ἀπειλήν*

183 1121 254 1173 ἀεὶ
280 1121 331 1173 δὲ
354 1120 542 1190 αἵματι
562 1120 656 1172 καλ⁵
691 1120 890 1189 φόνοις,
916 1121 1010 1175 καὶ
1043 1126 1494 1193 καταποντισμοῖς
1519 1124 1729 1177 κάτεισι

185 1212 544 1283 μεμιασμένος,
596 1211 706 1275 οἷος
755 1212 859 1265 ὑπὸ
889 1215 1113 1267 Μωῦσεῖ
1149 1214 1335 1284 γέγονε
1390 1213 1468 1286 τῷ
1509 1215 1726 1287 Φαραὼ.

183 1301 468 1373 μεταϐαλὼν
513 1303 594 1366 εἰς
623 1297 760 1373 αἷμα
786 1303 879 1357 καὶ
902 1305 1180 1369 ἐποξέσας.
1217 1307 1325 1360 Καὶ
1355 1312 1506 1361 ποῖον
1535 1309 1728 1378 γένοιτ’

181 1392 235 1445 ἂν
261 1391 343 1444 τοῦ
374 1392 550 1447 πάντα
586 1394 941 1467 καθαίροντος
971 1395 1160 1460 ὓδατος
1188 1395 1331 1469 ὕδωρ
1370 1398 1496 1452 ἄλλο
1524 1399 1729 1470 καθάρ-

181 1499 272 1534 σιον
294 1500 307 1547 ;
326 1482 441 1546 Πῶς
462 1482 528 1536 ἂν
549 1486 578 1537 ὁ
597 1484 761 1548 πολὺς
784 1484 877 1537 καὶ
896 1485 1198 1557 ἀπέραντος
1219 1488 1525 1561 ἀνθρώποις
1553 1490 1732 1545 Ὠκεα-

179 1575 251 1637 to;
270 1574 557 1644 ἐπιχυθεὶς,
596 1574 693 1647 τὴν
723 1575 925 1647 πικρὰν
954 1577 1157 1649 ταύτην
1179 1581 1492 1651 ἁποσμήξαι
1527 1581 1727 1636 θάλασ-

182 1682 289 1726 σαν;
313 1666 344 1737 ἢ
365 1666 480 1730 πῶς
509 1666 576 1720 ἂν
604 1668 632 1719 ὁ
662 1667 833 1736 μέγας
872 1669 1115 1740 ποταμὸς
1151 1673 1179 1725 ὁ
1200 1672 1632 1744 ἐκπορευόμενος
1670 1673 1728 1739 ἐξ

190 1754 343 1824 Ἐὄὲμ,
374 1755 470 1818 τὰς
494 1755 767 1826 τέσσαρας
812 1757 985 1828 ἀρχὰς
1015 1760 1095 1823 εἰς
1134 1759 1200 1824 ἃς
1234 1762 1545 1833 ἀφορίζεται
1599 1778 1727 1832 μετ’

179 1844 441 1915 οχετεύσας
469 1848 550 1911 είς
572 1846 699 1918 μίαν
722 1846 815 1901 τοῦ
839 1848 1010 1918 Γηὼν,
1042 1849 1345 1905 ἀποπλύναι
1362 1851 1423 1904 τὸ
1442 1852 1659 1923 λύθρονς
1692 1852 1724 1924 ἢ

1831 676 1958 720 sunt
1988 664 2105 728 siti,
2132 674 2190 717 ut
2223 663 2483 718 adversus
2507 662 2713 719 Mosem
2735 664 3021 721 vociferari
3046 681 3151 719 non
3178 666 3387 722 desine-

1832 764 1972 822 rent,
2007 756 2183 824 quoad
2218 754 2418 809 virtute
2463 754 2607 811 illius
2632 754 2722 824 qui
2749 755 2896 811 solus
2927 756 3201 811 mirabilia
3234 755 3384 821 facit,

1830 859 1895 899 ex
1924 854 2196 915 praerupta
2235 858 2367 914 rupe
2387 858 2526 913 aqua
2558 844 2689 913 ipsis
2720 846 2786 898 ad
2826 855 3010 915 potum
3040 843 3268 902 efﬂuxit.
3295 844 3387 900 ln-

1830 938 2039 991 terdum
2084 951 2214 992 vero
2253 946 2536 1006 tantopere
2584 938 2916 1002 exundavit,
2959 944 3017 991 ut
3060 938 3390 994 circumsita:

1833 1031 2037 1102 regioni
2065 1031 2275 1099 viisque
2300 1038 2353 1084 et
2386 1030 2530 1098 agris
2555 1029 2807 1083 omnibus
2830 1028 3147 1098 superfusus
3170 1069 3185 1095 ,
3221 1043 3388 1099 aqua-

1831 1138 1949 1176 rum
1981 1122 2242 1177 diluvium
2290 1120 2589 1188 cujusmodi
2634 1119 2965 1187 temporibus
3004 1118 3121 1175 Noe
3168 1120 3381 1185 accidit,

1832 1211 2026 1265 minari
2058 1210 2355 1265 videretur.
2396 1210 2658 1263 Caeterum
2696 1207 2929 1263 caedibus
2979 1218 3035 1262 et
3078 1223 3288 1274 cruore,
3332 1217 3388 1264 et

1834 1301 2299 1357 submersionibus
2380 1302 2658 1355 hominum
2731 1302 3001 1355 continuis
3076 1300 3387 1370 inquinatus

1829 1395 2115 1456 evolvitur,
2141 1393 2320 1462 qualis
2341 1392 2465 1447 olim
2495 1408 2524 1445 a
2559 1392 2707 1446 Mose
2737 1393 3010 1461 przestitus
3040 1401 3125 1447 est
3153 1392 3390 1474 Pharao:

1829 1490 1905 1553 ni,
1950 1488 2002 1542 in
2052 1484 2369 1556 sanguinem
2421 1497 2716 1539 conversus
2747 1498 2809 1537 ac
2864 1482 3080 1539 fetidus.
3128 1485 3386 1551 Qumnam

1830 1580 1995 1647 igitur
2020 1577 2159 1630 unda
2200 1575 2435 1629 lustrare
2466 1574 2661 1644 poterit
2688 1588 2879 1641 aquam
2919 1588 3022 1643 qua
3055 1575 3232 1629 omnia
3259 1588 3389 1645 pur-

1828 1666 2058 1740 gantur?
2103 1665 2384 1733 Quomodo
2426 1674 2612 1720 vastus
2652 1664 2740 1718 ille
2782 1678 2882 1718 nec
2921 1663 3227 1720 hominibus
3264 1680 3389 1736 per-

1830 1758 2078 1813 meabilis
2115 1757 2399 1821 Oceanus.
2456 1756 2561 1811 hoc
2600 1770 2843 1810 amarum
2886 1755 3109 1825 pelagus
3152 1771 3386 1825 unquam

1831 1848 2178 1904 absterserit?
2202 1849 2308 1902 Aut
2335 1847 2603 1917 quomodo
2645 1846 2831 1916 ingens
2872 1844 2960 1900 ille
2984 1844 3175 1900 ﬂuvius
3199 1847 3288 1916 qui
3320 1859 3386 1899 ex

181 1942 288 1994 πότε
329 1944 357 1995 ό
392 1940 763 2013 τεθολωμένος
810 1944 913 1997 ὑπὸ
954 1944 1064 1997 τῶν
1103 1946 1350 2017 πονηρῶν
1397 1944 1723 2014 πανταχόθεν

1830 1941 1974 1996 Eden
2002 1939 2240 2008 proﬂuit,
2272 1940 2486 1996 etiamsi
2508 1948 2740 2009 quatuor
2773 1938 2891 1992 illos
2928 1939 2980 1991 in
3022 1953 3158 2008 quos
3196 1938 3389 1993 dividi-

179 2033 563 2102 ἀναθυμιάσεων
589 2033 719 2105 ἀὴρ,
757 2032 1049 2107 εἰλικρινὴς
1075 2034 1316 2102 γένοιτο;
1351 2035 1588 2088 Τοιοῦτοι
1616 2035 1723 2107 γὰρ

180 2122 267 2175 ἀπὸ
293 2124 387 2193 τῆς
410 2125 516 2193 γῆς
550 2124 736 2193 ἀτμοὶ,
771 2124 865 2177 καὶ
896 2124 1002 2177 ἀπὸ
1026 2124 1300 2195 θαλάσσης
1327 2126 1538 2195 ἄνεμοι,
1567 2142 1725 2179 ποτα-

180 2214 275 2283 μῶν
293 2232 345 2266 τε
373 2211 536 2285 αὖραι
566 2216 662 2268 καὶ
689 2215 920 2287 λιμένων
939 2217 1225 2287 ἁνιμήσεις
1253 2217 1629 2280 ἁποπνέουσιν,
1649 2216 1723 2279 ὡς

181 2306 472 2375 σηπομένων
513 2307 572 2359 ὲν
614 2309 746 2360 πᾶσι
774 2310 882 2371 τοῖς
912 2307 1290 2378 ὑποκειμένοις
1329 2307 1609 2377 στοιχείοις
1638 2324 1724 2361 νε-

180 2396 303 2467 κρῶν
326 2397 526 2469 ἰχῶρας
550 2392 691 2451 εἶναι
718 2397 815 2461 τὰς
836 2397 1076 2469 δρόσους.
1113 2394 1244 2451 Εἶτα
1277 2397 1610 2469 θαυμάζουσι
1631 2399 1723 2452 καὶ

178 2485 481 2559 διαποροῦσι,
531 2486 695 2541 πόθεν
738 2489 787 2541 οἱ
829 2491 1067 2558 συνεχεῖς
1105 2487 1280 2559 λοιμοὶ
1310 2489 1445 2559 (75),
1472 2489 1634 2542 πόθεν
1667 2489 1723 2541 αἱ

181 2578 385 2646 χαλεπαὶ
405 2579 574 2642 νόσοι,
613 2578 776 2632 πόθεν
807 2581 859 2632 αἱ
891 2580 1225 2633 παντοδαπαὶ
1257 2579 1471 2653 φθοραὶ,
1507 2580 1668 2633 πόθεν
1696 2582 1725 2634 ό

182 2670 391 2735 ποικίλος
434 2672 532 2726 καὶ
566 2671 733 2735 πολὺς
765 2670 871 2724 τῶν
899 2670 1197 2742 ἀνθρώπων
1250 2671 1501 2744 δλεθρος’
1553 2673 1640 2725 διὰ
1672 2671 1723 2725 τί

184 2762 349 2831 μηκέτι
385 2762 641 2817 τοσοῦτον
666 2763 866 2834 πλῆθος
904 2764 1200 2837 οἰκητόρων
1229 2765 1262 2835 ἡ
1296 2763 1525 2835 μεγίστη
1570 2763 1723 2827 πόλις

180 2855 225 2906 ἐν
262 2856 386 2927 αὐτῇ
418 2856 599 2929 φέρει,
640 2854 751 2909 ἀπὸ
774 2857 981 2927 νηπίων
1015 2855 1291 2928 ἀρξαμένη
1326 2856 1528 2909 παίδων
1564 2856 1723 2928 μέχρι

177 2946 265 3000 τῶν
289 2948 362 3012 είς
391 2949 561 3021 ἄκρον
587 2948 991 3017 γεγηρακότων,
1020 2948 1175 3011 ὅσους
1208 2947 1589 3019 ὠμογέροντας
1612 2936 1722 3019 (7i)

178 3036 253 3101 οὓς
280 3040 455 3093 ἐκάλει
484 3041 753 3114 πρότερον
775 3040 932 3104 ὄντας
956 3038 1177 3111 ἔτρεφεν
1200 3056 1214 3069 ⁸
1250 3038 1365 3094 ἀλλ’
1398 3040 1445 3091 0!
1467 3056 1726 3111 τεσσαραο

179 3131 427 3185 κοντοῦται
471 3135 570 3187 καὶ
606 3133 770 3205 μέχρι
814 3132 920 3187 τῶν
951 3133 1316 3204 ἑϐδομήκοντα
1355 3131 1514 3199 ἐτῶν,
1541 3129 1726 3185 τοσοῦ-

178 3238 250 3274 rev
274 3225 508 3288 πλείονες
540 3224 686 3292 τότε,
730 3225 867 3279 ὥστε
916 3224 989 3297 μὴ
1026 3224 1467 3297 συμπληροῦσθαι
1507 3223 1601 3277 νῦν
1632 3224 1722 3280 τὸν

176 3304 376 3379 ἀριθμὸν
417 3310 602 3363 αὐτῶν
627 3312 1148 3383 προσεγγραφέντων
1172 3316 1266 3367 καὶ
1299 3312 1721 3382 συγκαταλεγέν-

177 3410 264 3451 των
296 3402 371 3465 είς
395 3402 456 3455 τὺ
490 3402 749 3475 δημόσιον
792 3405 1114 3476 σιτηρέσιον,
1158 3405 1266 3459 τῶν
1294 3405 1403 3460 ἀπὸ
1431 3422 1723 3475 τεσσαρεσα⁸

177 3488 370 3545 καίδεκα
406 3492 545 3546 ἐτῶν
579 3493 741 3564 μέχρι
771 3494 879 3548 τῶν
901 3495 1224 3566 ὀγδοήκοντα
1243 3515 1258 3530 ο
1311 3496 1404 3549 καὶ
1437 3498 1721 3565 γεγόνασιν

175 3575 265 3634 οἷον
290 3583 572 3654 ἡλικιῶται
609 3585 718 3639 τῶν
763 3586 929 3640 πάλαι
972 3589 1326 3659 γεραιτάτων,
1375 3590 1422 3641 οἱ
1453 3588 1571 3659 ὄψει
1595 3588 1727 3640 νεώ·-

175 3685 318 3725 τατοι.
364 3674 474 3727 Καὶ
516 3672 665 3728 οὕτω
701 3674 1017 3745 μειούμενον
1060 3676 1146 3729 ἀεὶ
1197 3678 1291 3730 καὶ
1340 3675 1724 3748 δαπανώμενον

175 3759 378 3831 ὁρῶντες
412 3763 473 3817 τὸ
514 3763 611 3817 ἐπὶ
638 3766 743 3835 γῆς
770 3762 1067 3831 ἀνθρώπων
1103 3764 1279 3835 γένος,
1314 3766 1375 3818 οὐ
1410 3765 1720 3835 τρέμουσιν,

176 3852 441 3924 αὐξομένου
489 3855 590 3909 καὶ
634 3854 1029 3927 προκόπτοντος
1083 3856 1178 3911 τοῦ
1226 3855 1520 3919 παντελοῦς
1547 3855 1723 3908 αὐτῶν

175 3940 474 4016 άσανισμοῦ.
506 3965 527 3998 ι

1747 3276 1791 3334 C

1825 2040 1911 2086 tur
1958 2031 2162 2098 alveos,
2217 2031 2272 2085 in
2316 2046 2480 2085 unum
2523 2030 2723 2086 Gennis
2773 2030 2983 2085 alveum
3029 2028 3387 2092 transfundat.

1827 2132 2033 2177 tantam
2064 2124 2205 2178 hanc
2245 2123 2425 2178 abluet
2463 2121 2713 2176 saniem?
2752 2122 3043 2191 Ecquando
3066 2121 3389 2178 Scelestissi-

1825 2215 1927 2269 mis
1966 2213 2325 2286 undecunque
2361 2215 2652 2291 vaporibus
2692 2214 3042 2272 obnubilatus
3081 2232 3196 2283 aer,
3220 2231 3389 2286 purus

1827 2305 2040 2358 tandem
2068 2319 2402 2374 serenusque
2428 2304 2715 2359 reddetur?
2733 2304 3049 2377 llujusmodi
3081 2307 3226 2362 enim
3251 2307 3389 2362 halio

1828 2404 1911 2450 tus
1943 2409 2010 2451 ex
2043 2406 2225 2462 terra;
2257 2410 2321 2451 ex
2368 2396 2503 2450 mari
2551 2397 2729 2462 venti;
2778 2412 2843 2453 ex
2874 2397 3185 2453 ﬂuminibus
3215 2412 3388 2464 aurae,

1824 2501 1890 2541 ex
1919 2490 2186 2557 portubus
2230 2488 2486 2559 [uligines
2527 2490 2757 2560 spirant,
2801 2501 2861 2547 ut
2900 2491 3291 2548 tabescentium
3333 2492 3388 2547 in

1824 2578 2079 2632 omnibus
2110 2579 2524 2647 subjacentibus
2547 2580 2832 2636 elementis
2855 2582 3181 2637 cadaverum
3210 2581 3391 2637 sanies

1824 2683 1924 2737 pro
1973 2685 2096 2726 rore
2130 2672 2223 2725 sit.
2268 2671 2333 2724 Et
2376 2680 2500 2741 post
2540 2672 2655 2728 haec
2694 2674 2963 2729 mirantur
3013 2684 3069 2730 et
3109 2674 3390 2746 ambigunt

1825 2761 2094 2828 homines,
2130 2764 2398 2818 undenam
2428 2765 2696 2819 continuae
2728 2774 2926 2835 pestes,
2963 2766 3232 2821 uudenam
3266 2780 3390 2837 gra-

1824 2864 1918 2904 ves
1947 2851 2117 2905 morbi
2163 2852 2449 2924 omnisque
2496 2856 2711 2925 generis
2752 2856 2921 2921 labes.
2965 2865 3021 2912 et
3061 2857 3392 2927 multiplices

1824 2943 2072 3012 variique
2118 2945 2395 2999 hominum
2441 2946 2693 3002 interitus
2723 2966 2736 3001 :
2772 2948 2901 3016 quid
2945 2963 3126 3004 causa;
3156 2950 3256 3014 sit,
3291 2964 3392 3005 cur

1825 3034 1957 3089 urbs
1985 3035 2217 3089 maxima
2253 3045 2460 3092 tantum
2490 3038 2689 3093 civium
2714 3054 2997 3095 numerum
3024 3042 3253 3110 amplius
3282 3056 3389 3097 non

1825 3124 1986 3190 ferat,
2020 3127 2236 3182 etiamsi
2276 3128 2344 3182 ab
2376 3128 2506 3196 ipsis
2539 3128 2836 3185 infantibus
2872 3133 2938 3185 ad
2969 3132 3271 3201 decrepitos
3301 3147 3394 3186 us-

1826 3231 1932 3286 que
1953 3230 2113 3271 senes
2146 3226 2519 3284 numerentur,
2549 3232 2680 3289 quot
2706 3228 2863 3275 antea
2890 3223 3089 3277 crudos
3127 3235 3288 3276 senes
3312 3221 3395 3275 sic

1831 3318 2051 3362 vocatos
2097 3308 2250 3363 aluit.
2290 3309 2492 3365 Verum
2544 3320 2669 3365 tunc
2718 3315 2980 3383 temporis
3026 3314 3163 3368 adeo
3208 3313 3394 3384 plures

1829 3407 1987 3453 crant
2016 3401 2459 3471 quadragenarii,
2489 3412 2545 3456 et
2570 3417 2732 3472 supra
2763 3403 2864 3460 bos
2896 3418 3067 3474 usque
3088 3405 3154 3460 ad
3177 3413 3395 3476 septua-

1826 3490 2089 3561 gesimum
2113 3493 2290 3548 atatis
2320 3508 2521 3547 annum
2558 3497 2863 3565 progressi,
2895 3505 2955 3551 ut
2998 3512 3260 3553 numerus
3298 3512 3395 3555 eo-

1827 3597 1946 3636 rum
1978 3597 2123 3641 uunc
2148 3586 2349 3653 expleri
2382 3602 2484 3641 non
2511 3588 2682 3657 possit
2709 3589 2962 3657 ascriptis
2990 3587 3115 3644 licet
3141 3599 3196 3644 et
3224 3589 3275 3643 in
3308 3589 3393 3643 al-

1824 3672 1951 3726 bum
1977 3671 2160 3729 relatis
2187 3675 2252 3729 ad
2276 3690 2545 3730 annonam
2572 3692 2636 3730 ex
2667 3675 2881 3745 publico
2902 3676 3273 3747 accipiendam
3302 3676 3390 3732 his

1824 3764 1913 3833 qui
1938 3765 2349 3834 quattuordecim
2387 3782 2561 3823 annos
2605 3769 2716 3823 nati
2747 3778 2901 3832 sunt,
2939 3784 3114 3838 usque
3139 3769 3207 3823 ad
3235 3780 3393 3823 octo-

1824 3856 2096 3924 genarios.
2150 3856 2215 3911 Et
2262 3860 2353 3927 qui
2395 3860 2576 3929 specie
2633 3863 2744 3929 ipsa
2796 3861 3186 3917 adolescentuli
3229 3860 3398 3933 ,σε

1823 3956 1972 4013 sunt,
2004 3948 2241 4017 aequales
2268 3951 2668 4020 quodammodo
2697 3968 2840 4009 nunc
2872 3953 3003 4009 facti
3043 3966 3170 4009 sunt
3205 3969 3392 4010 eorum

176 4037 248 4103 qui
279 4039 400 4094 olim
434 4055 598 4094 senes
654 4050 833 4096 erant.
861 4041 1100 4110 Cumque
1136 4042 1189 4096 in
1236 4041 1401 4096 terris
1443 4042 1737 4095 humanum
1777 4057 1950 4111 genus
2002 4052 2283 4113 tantopere
2359 4046 2708 4102 imminutum
2753 4058 2809 4105 et
2859 4058 3235 4120 consumptum
3307 4049 3393 4105 vi-

175 4128 335 4197 deant,
380 4141 714 4203 augescente
764 4133 817 4186 in
868 4134 985 4188 dies
1007 4142 1061 4187 et
1113 4142 1387 4189 crescente
1438 4133 1677 4203 ipsorum
1720 4136 1962 4190 exscidia
1997 4151 2102 4191 non
2137 4138 2537 4194 intretniscunt.
2580 4160 2595 4192 ι

651 4265 1046 4320 ΚΕΦΑΛΑΙΟΝ
1078 4267 1206 4320 KB'.
1751 4300 1796 4354 Ι)

172 4373 288 4443 Περὶ
324 4375 432 4446 τῆς
469 4378 896 4447 ἐπισκεψὰσης
922 4381 1109 4434 νόσου
1148 4377 1287 4451 (Nic.
1317 4377 1387 4431 11.
1415 4376 1479 4431 Ε.
1503 4395 1578 4443 Vl,
1603 4377 1715 4448 20).

226 4489 366 4545 Μετὰ
386 4492 561 4546 ταῦτα
587 4492 840 4564 λοιμικῆς
866 4492 954 4546 τὸν
987 4492 1219 4564 πόλεμον
1248 4492 1605 4563 διαλαϐούσης
1635 4491 1721 4546 νό-

172 4594 265 4644 ωιι.
294 4588 387 4655 τῆς
418 4603 475 4639 τε
511 4586 709 4656 ἑορτῆς
742 4584 1158 4655 πλησιαζούσης,
1191 4580 1347 4648 αὖθις
1376 4583 1465 4637 διὰ
1506 4584 1718 4655 γραφῆς

169 4674 260 4736 τοῖς
283 4675 526 4745 ἀδελφοῖς
549 4675 749 4747 ὁμιλεῖ,
781 4673 849 4728 τὰ
870 4675 971 4745 τῆς
992 4677 1272 4747 συμφορᾶς
1300 4676 1720 4748 ἐπισημαινόμε-

226 4887 326 4959 (72)
366 4887 669 4943 Τοσοῦτον
698 4888 1100 4960 ἐπλὴμμυρεν.
1131 4889 1396 4953 Τοσοῦτος
1425 4893 1543 4945 cod.
1576 4888 1709 4960 Reg.

167 4956 276 5028 Quin
308 4956 473 5013 lectio
512 4974 620 5013 non
644 4956 877 5028 omnino
898 4956 1221 5028 'rejiicienda.
1268 4960 1481 5028 Reliqui
1534 4956 1713 5014 tamen

166 5027 358 5098 codices
380 5028 527 5098 Max1
553 5041 617 5082 ac
642 5026 813 5093 Med.,
838 5043 960 5083 cum
994 5027 1130 5085 Fuk.
1155 5038 1209 5083 et
1233 5026 1427 5097 Savih,
1452 5030 1714 5098 scriptum

168 5094 346 5150 habent
368 5095 647 5152 τοσοῦτον.

225 5166 328 5237 (75)
354 5170 419 5237 Gl
453 5164 741 5234 συνεχεῖς
762 5169 977 5236 λοιμοί.
1022 5167 1140 5224 1am
1171 5167 1292 5223 inde
1323 5182 1353 5222 a
1387 5167 1718 5237 temporibus

166 5234 284 5289 Galli
305 5234 359 5291 et
382 5235 689 5308 volusiani,
717 5237 830 5290 lues
848 5234 1021 5308 totum
1045 5253 1177 5308 pene
1205 5240 1397 5308 orbem
1416 5234 1716 5308 Romanum

169 5309 394 5376 vastavit.
425 5306 592 5361 Certe
634 5306 925 5376 Eutrapius
969 5306 1326 5376 principatum
1362 5307 1499 5360 Galli
1527 5315 1583 5359 et
1614 5306 1721 5360 Vo-

166 5372 338 5429 lusiani
390 5376 506 5431 sola
552 5372 863 5443 pestilentia
904 5372 1086 5430 notum
1139 5372 1305 5433 fuisse
1356 5376 1506 5430 dicit.
1553 5376 1720 5429 Addit

166 5444 401 5500 Aurelius
432 5445 647 5507 Victor,
670 5443 823 5498 Gallo
846 5445 1243 5514 Volusianoque
1277 5446 1517 5499 favorem
1552 5460 1619 5498 ex
1654 5459 1720 5500 eo

167 5516 431 5579 quaesitum
476 5514 670 5576 fuisse,
717 5515 858 5583 quod
910 5517 1211 5570 tenuissimi
1257 5514 1521 5582 cujusque
1568 5529 1721 5570 exse-

166 5585 307 5654 quias
325 5586 558 5639 sollicite
581 5584 942 5638 curavissent.
971 5584 1046 5639 De
1066 5586 1167 5641 hac
1191 5597 1338 5654 peste
1363 5583 1722 5654 Hieronymus

167 5650 211 5724 ill
261 5653 520 5708 Chronico
576 5655 650 5706 ita
708 5655 898 5724 scribit
941 5668 1085 5709 anno
1125 5650 1301 5724 primo
1351 5653 1484 5723 imp.
1535 5650 1718 5708 Galli:

168 5718 408 5777 Pestilens
439 5724 657 5776 morbus
687 5722 877 5775 multas
907 5724 1065 5777 totius
1087 5718 1226 5778 orbis
1247 5718 1542 5792 prouincias
1566 5738 1720 5775 occu-

166 5793 318 5857 parit,
367 5796 704 5863 maximeque
755 5792 1128 5863 Alexandriam
1183 5791 1605 5863 et’zEgyptum;
1668 5803 1724 5844 ut

167 5864 330 5914 scribit
362 5861 676 5932 Dionysius,
702 5872 748 5913 et
778 5861 1027 5931 Cypriani
1053 5866 1115 5915 de
1136 5861 1459 5919 mortalitate
1488 5864 1629 5916 testis
1650 5872 1725 5916 est

2362 4269 2593 4327 CAPUT
2643 4271 2807 4327 XXII.

1989 4380 2065 4435 De
2085 4381 2262 4436 morbo
2291 4388 2382 4453 qui
2408 4395 2529 4438 tunc
2556 4386 2803 4453 temporis
2824 4397 3097 4456 grassatus
3130 4396 3228 4441 est.

1898 4493 2097 4549 Secuta
2124 4496 2320 4551 dehinc
2353 4510 2475 4566 post
2502 4498 2697 4554 bellum
2725 4510 2874 4568 peste
2895 4539 2912 4564 ,
2956 4516 3079 4554 cum
3129 4499 3396 4569 paschalis

1826 4586 2145 4643 solemnitas
2177 4587 2509 4655 immineret,
2536 4591 2735 4643 iterum
2764 4591 3051 4661 Dionysius
3078 4589 3276 4646 fratres
3300 4606 3397 4661 per

1823 4677 2032 4732 litteras
2055 4678 2316 4735 allocutus
2337 4689 2442 4744 est,
2471 4680 2521 4733 in
2542 4682 2739 4749 quibus
2763 4681 3087 4736 calamitatis
3109 4679 3251 4736 illius
3279 4696 3395 4736 ma-

1821 4889 1972 4943 liber.
2000 4888 2193 4960 Postea
2224 4887 2455 4960 Gallieni
2481 4888 2814 4960 temporibus
2858 4888 2976 4942 lues
3005 4887 3199 4960 iterem
3235 4904 3388 4960 gras-

1821 4968 1939 5013 sata
1964 4967 2051 5012 est
2085 4956 2270 5010 Romae
2304 4966 2358 5010 et
2398 4958 2450 5011 iu
2487 4956 2800 5022 provinciis,
2832 4966 2889 5011 ut
2916 4959 3108 5013 scribit
3132 4956 3303 5014 Pollio
3335 4960 3386 5014 iu

1822 5028 2084 5088 Gallieno,
2108 5037 2161 5080 et
2183 5027 2431 5081 Aurelius
2464 5028 2668 5083 Victor.

1894 5097 2005 5170 (74)
2043 5095 2486 5170 Ὠμοτέροντας,
2518 5095 2858 5150 Alexandria:
2909 5096 3283 5168 ὠμογέροντες
3312 5097 3395 5170 ἀξ-

1821 5166 2084 5237 cebantur
2109 5183 2138 5219 a
2163 5166 2583 5235 quadragesimo
2606 5179 2746 5237 anno
2769 5180 2939 5234 usque
2964 5166 3033 5221 ad
3057 5166 3396 5237 septuagesi-

1825 5252 1994 5291 mum.
2021 5235 2221 5289 Eorum
2254 5238 2475 5306 nomina
2522 5236 2574 5289 in
2624 5235 2744 5289 albo
2799 5237 3068 5306 descripta
3104 5235 3284 5298 erant,
3329 5249 3397 5289 eo

1822 5306 1969 5376 quod
2030 5318 2302 5376 annonam
2354 5305 2623 5374 publicam
2672 5305 3009 5376 acciperent.
3059 5313 3134 5376 ut_
3165 5312 3401 5376 testatur

1830 5373 2283 5445 Dionysiusﬂis
2322 5373 2591 5442 p’rzeerant
2628 5374 3057 5445 archigergutes.
3106 5374 3173 5445 de
3199 5373 3398 5445 quibus

1829 5447 1889 5500 fit
1922 5440 2123 5497 mentio
2158 5444 2210 5497 in
2257 5440 2372 5513 lege
2422 5445 2592 5511 prima
2641 5440 2838 5513 Codice
2888 5440 3271 5513 Theodosiano
3319 5440 3399 5495 De

1827 5513 2169 5567 Alexandria:
2196 5511 2359 5581 plebis
2386 5512 2716 5574 primatibus.
2744 5511 2861 5567 Huc
2889 5513 3052 5568 etiam
3088 5511 3276 5566 referri
3302 5525 3400 5581 po-

1831 5594 1938 5639 test
1957 5583 2100 5650 quod
2121 5583 2309 5637 scribit
2328 5582 2624 5651 Gregorius
2648 5582 2783 5636 Naz.
2829 5584 2881 5636 in
2909 5583 3158 5637 oratione
3185 5582 3278 5647 21,
3319 5580 3400 5635 De

1829 5654 1889 5708 S.
1931 5653 2239 5717 Athanasio,
2275 5652 2668 5707 Alexandrinos
2706 5669 2803 5721 per
2832 5668 2990 5707 sexus
3028 5661 3082 5706 et
3106 5662 3314 5715 aetates,
3344 5660 3400 5703 et

1830 5733 1981 5777 artes
2008 5723 2217 5793 solitos
2260 5737 2381 5775 esse
2428 5723 2698 5790 distribui,
2726 5725 2941 5793 quoties
2988 5722 3151 5777 alicui
3181 5724 3401 5777 obviam

1831 5793 1974 5847 irent
2005 5792 2225 5846 honoris
2248 5806 2431 5847 causa.
