3876 6510
379 4746 388 4815 l

459 411 561 468 687
1159 417 1425 474 EUSEBII
1462 417 1936 476 CESARIENSlS
1969 417 2124 476 OPP.
2161 419 2342 477 PARS
2376 422 2419 478 Ι.
2455 452 2529 465 -
2564 419 2958 478 HISTORICA.
3600 428 3703 483 688

459 525 797 595 gnitudinem
813 528 1071 585 describit
1087 528 1171 586 his
1185 531 1365 586 verbis
1383 548 1400 586 :
1425 550 1448 585 ‹
1472 532 1608 588 Aliis
1622 534 1838 604 quidem
1855 535 1980 591 hom

2096 552 2221 599 ,νος
2258 535 2405 607 πάθη
2440 536 2528 589 διὰ
2557 535 2793 590 τούτων·
2834 555 2853 589 s
2889 537 3013 600 Τοῖς
3050 533 3150 607 μὲν
3191 535 3372 600 ἄλλοις
3398 536 3705 611 ἀνθρώποις

461 621 624 677 nibus
651 634 889 689 praesens
914 620 1019 677 hoc
1044 628 1253 691 tempus
1274 637 1381 677 non
1404 624 1648 680 videatur
1668 639 1791 681 esse
1813 634 1980 696 tempt

2125 628 2225 681 οὐκ
2254 627 2319 681 ἂν
2345 627 2513 693 δόξειε
2547 628 2735 699 καιρὸς
2762 629 2957 699 ἑορτῆς
2994 622 3138 681 εῖναι
3172 627 3239 680 τὰ
3269 629 3533 701 παρόντα.
3574 630 3703 684 Οὐδὲ

462 708 792 767 festivitatis.
817 708 1000 781 Neque
1034 726 1166 767 vero
1196 712 1303 767 illis
1332 723 1544 785 tempus
1573 715 1884 771 festivitatis
1917 733 1977 773 es

2125 718 2271 774 ἔστιν
2315 719 2497 784 αὐτοῖς
2541 718 2663 773 οὔτε
2703 716 2856 783 οὗτος
2901 714 3025 773 οὔτε
3066 735 3153 783 τις
3189 719 3397 791 ἕτερος,
3433 723 3533 791 οὐχ
3558 722 3705 787 ὅπως

461 817 561 858 nec
590 802 696 858 hoc
722 803 865 872 quod
896 817 926 856 a
958 802 1114 858 nobis
1135 802 1481 870 celebratur,
1522 821 1625 862 nec
1654 806 1821 862 ullum
1855 808 1980 865 aliut

2122 810 2231 863 τῶν
2280 810 2557 885 ὲπιλύπων
2604 812 2740 881 (75),
2776 811 2889 865 ἀλλ’
2922 810 3030 865 οὐδ’
3061 810 3118 865 εῐ
3152 829 3234 875 τις
3259 812 3565 885 περιχαρὴς
3594 814 3703 883 (76)

460 903 568 944 non
609 889 784 945 dicam
830 904 1015 944 eorum
1062 906 1183 961 qua:
1229 891 1478 949 luctuosa
1529 903 1681 962 sunt,
1722 897 1817 951 sed
1858 898 1980 952 etiat

2122 900 2182 956 ὃν
2209 884 2442 975 οἰηθεῖεν
2472 902 2726 974 μάλιστα.
2770 902 2884 957 Νῦν
2921 903 3019 975 μέν
3044 920 3109 972 γε
3142 886 3328 976 θρῆνοι
3357 884 3533 958 πάντα
3552 920 3566 933 ·
3610 904 3705 958 καὶ

456 994 643 1036 eorum
678 996 798 1050 qua:
827 980 915 1034 vel
947 984 1183 1037 maxime
1216 983 1337 1038 lteta
1375 993 1431 1038 et
1467 985 1665 1041 hilaria
1711 987 1980 1043 existimat

2124 994 2371 1047 πενθοῦσι
2407 994 2625 1057 πάντες,
2645 994 2739 1048 καὶ
2770 992 3127 1065 περιηχοῦσιν
3148 995 3385 1064 οἰμωγαὶ
3414 995 3514 1066 τὴν
3549 994 3703 1048 πόλιν

457 1080 564 1123 tur.
600 1069 755 1126 Nunc
788 1070 1004 1140 quidem
1037 1082 1188 1127 certe
1217 1074 1376 1142 plena
1420 1086 1547 1130 sunt
1589 1078 1770 1134 omnia
1813 1080 1980 1135 lamen

2120 1081 2210 1136 διά
2243 1083 2305 1135 τὸ
2339 1083 2541 1155 πλῆθος
2572 1083 2679 1136 τῶν
2701 1081 3038 1155 τεθνηκότων
3075 1082 3300 1136 καὶτῶν
3332 1081 3705 1153 ἀποθνησκόν-

456 1163 716 1216 tationutn
747 1177 763 1216 :
791 1162 975 1232 lugent
1003 1165 1182 1220 cuncti
1225 1182 1240 1218 :
1280 1175 1337 1222 et
1359 1167 1431 1222 ob
1473 1179 1811 1225 mortuorum
1844 1171 1980 1227 homi

2119 1192 2227 1227 των
2251 1175 2537 1247 ὁσημέραι.
2584 1175 2670 1239 Ὠς
2698 1173 2806 1247 γάρ
2841 1174 2935 1227 ἐπὶ
2961 1174 3071 1227 τῶν
3094 1174 3452 1246 πρωτοτόκων
3480 1174 3591 1227 τῶν
3610 1177 3704 1229 Al—

453 1268 580 1308 num
632 1268 696 1308 ac
742 1256 985 1324 quotidie
1033 1257 1381 1313 morientium
1440 1260 1862 1330 multitudinem,
1910 1271 1980 1317 tot

2120 1266 2362 1335 γυπτξων
2390 1268 2716 1338 γέγραπται,
2760 1266 2930 1329 οὕτως
2967 1266 3064 1320 καὶ
3099 1265 3194 1319 νῦν
3219 1265 3450 1337 ἐγενήθη
3487 1267 3703 1339 κραυγὴ

452 1346 580 1401 urbs
603 1348 896 1419 gemitibus
938 1350 1330 1407 circumsonat.
1379 1353 1614 1409 Prorsus
1658 1354 1805 1409 enim
1854 1366 1917 1410 ut
1954 1357 1980 1411 d

2124 1360 2354 1431 μεγάλη.
2399 1360 2474 1413 υὺ
2517 1359 2626 1431 γάρ
2653 1360 2801 1412 ἐστιν
2835 1358 2982 1413 οἰκία
3009 1360 3068 1413 ὲν
3099 1352 3131 1433 ᾖ
3161 1359 3261 1412 οὐκ
3294 1359 3441 1412 ἐστιν
3479 1361 3537 1412 ὲν
3564 1360 3703 1432 αὐτῇ

449 1436 825 1509 primogenitis
845 1438 1225 1512 Egyptiorum
1270 1444 1324 1498 in
1356 1445 1531 1500 sacris
1569 1444 1723 1501 libris
1758 1448 1980 1517 scriptut

2117 1450 2425 1523 τεθνηκώςο
2474 1451 2569 1505 καὶ
2608 1450 2797 1520 ὄφελόν
2837 1467 2903 1519 γε
2937 1450 3080 1522 (77)’
3128 1449 3299 1503 πολλὰ
3329 1450 3427 1521 μὲν
3452 1449 3562 1523 γὰρ
3610 1452 3702 1504 καὶ

450 1524 700 1590 habetur,
738 1529 812 1582 ita
851 1545 996 1585 Dllllc
1039 1547 1255 1603 quoque
1293 1534 1499 1588 clamor
1529 1534 1721 1604 ingens
1750 1537 1980 1592 excitatu

2116 1541 2262 1595 δεινὰ
2281 1544 2375 1596 καὶ
2402 1541 2469 1595 τά
2485 1543 2592 1614 πρὸ
2612 1542 2802 1596 τούτου
2836 1541 3237 1613 συμϐεϐηκότα.
3265 1541 3484 1614 Πρῶτον
3509 1542 3608 1613 μὲν
3636 1542 3703 1613 ἡ·

444 1624 552 1669 est.
584 1614 740 1671 Nulla
767 1619 969 1689 quippe
1001 1619 1194 1676 domus
1219 1633 1300 1676 est
1342 1623 1393 1677 in
1428 1638 1534 1693 qua
1563 1639 1667 1680 non
1696 1626 1770 1682 sit
1803 1628 1980 1697 aliquo

2121 1640 2228 1710 μᾶς
2248 1638 2451 1710 ἤλασαν
2472 1638 2611 1707 (78)·
2647 1638 2742 1692 καὶ
2764 1637 2914 1709 μόνοι
2943 1637 3080 1710 πρὸς
3099 1636 3351 1690 ἀπάντων
3379 1635 3701 1707 διωκόμενοι

446 1706 627 1764 funus.
659 1710 836 1780 Atque
865 1713 1073 1768 utinam
1095 1729 1285 1781 unum,
1310 1714 1577 1772 duntaxat
1602 1718 1655 1773 in
1694 1735 1980 1790 unaquaqu

2116 1706 2211 1786 καὶ
2240 1706 2646 1801 θανατούμενοι,
2691 1706 3029 1802 ἑορτάσαμεν
3074 1729 3170 1783 καὶ
3212 1727 3353 1783 τότε.
3384 1726 3497 1782 Καὶ
3535 1728 3646 1791 πᾶς
3671 1730 3701 1781 ὁ

446 1801 609 1855 domo
632 1804 808 1857 esset!
850 1803 1016 1859 Multa
1044 1806 1265 1875 quidem
1299 1819 1355 1864 et
1382 1814 1578 1867 acerba
1608 1820 1737 1867 ante
1769 1813 1907 1868 hanc
1933 1828 1980 1867 cz

2115 1828 2233 1896 τῆς.
2253 1822 2374 1878 καθ’
2407 1823 2635 1876 ἕκαστον
2667 1801 2898 1893 θλίψεως
2929 1823 3112 1885 τόπος,
3147 1820 3522 1893 πανηγυρικὸν
3567 1822 3699 1891 ἡμῖν

447 1891 746 1948 lamitatem
793 1896 949 1953 nobis
1001 1899 1369 1968 contigerunt.
1422 1902 1664 1958 Primum
1713 1905 1855 1959 enim
1917 1920 1980 1958 nu

2117 1873 3205 1988 +2;.;;‘,..;za,i,.ig,‘ista,se,
3241 1873 3700 1983 πζνέοχεῖονίὶε-

446 1985 580 2041 urbe
610 1987 956 2057 expulerunt.
1008 1988 1253 2061 Cumque
1291 1992 1392 2047 soli
1421 1995 1490 2049 ab
1514 1995 1766 2051 omnibus
1798 1994 1980 2065 fugare

2117 1985 2444 2079 σμωτήριον,
2478 1985 2840 2078 φαιδροτάτην
2883 2005 2940 2059 δὲ
2973 2005 3163 2059 πασῶν
3196 2005 3400 2075 ἤγαγον
3423 2004 3620 2076 ἑορτὴν
3650 2005 3696 2056 οἱ

446 2094 567 2133 mur
616 2091 780 2150 atque
827 2082 1285 2152 Opprimeremur,
1337 2087 1685 2142 nihilominus
1725 2098 1853 2142 tunc
1879 2103 1980 2159 quo

2112 2099 2306 2151 τέλειοι
2342 2098 2617 2171 μάρτυρες
2657 2096 3024 2170 εὐωχηθέντες
3079 2097 3136 2149 ἐν
3175 2095 3407 2168 οὐρανῷ.
3446 2093 3606 2149 Μετά
3640 2094 3698 2147 δὲ

442 2185 548 2241 que
574 2173 738 2228 festos
761 2175 970 2244 egimus
995 2178 1135 2232 dies.
1160 2178 1348 2245 Quivis
1374 2179 1611 2248 denique
1640 2179 1793 2235 locus
1829 2179 1880 2233 in
1906 2196 1974 2249 qu

2110 2187 2303 2251 ταῦτα,
2324 2187 2555 2257 πόλεμος
2578 2189 2672 2242 καλ⁸
2686 2187 2843 2257 λιμὸς
2862 2184 3123 2248 ἐπέλαϐεν
3141 2201 3155 2214 ·
3178 2183 3215 2237 ἀ
3242 2186 3355 2246 τοῖς
3378 2182 3559 2235 ἔθνεσι
3582 2197 3699 2233 συν-

441 2266 624 2319 varias
665 2280 936 2322 aerumnas
970 2268 1286 2340 singillatim
1322 2266 1645 2340 pertulimus
1674 2285 1689 2324 :
1732 2286 1895 2341 ager,
1931 2272 1980 2326 in

2108 2278 2493 2350 διηνέγκαμεν,
2528 2279 2676 2349 μόνοι
2702 2279 2798 2349 μὲν
2825 2276 3176 2340 ὑποστάντες,
3204 2276 3305 2329 ὅσα
3325 2277 3459 2346 ἡμῖν
3487 2274 3695 2344 ἐλυμή-

440 2371 628 2425 quatn,
664 2357 942 2424 solitudo;
986 2362 1173 2427 navis;
1211 2363 1514 2429 stabulum;
1564 2378 1791 2430 carcer,
1844 2363 1980 2416 insta

2109 2388 2287 2434 ναντο,
2316 2371 2836 2443 παραπολαύσαντες
2854 2370 2909 2423 δὲ
2926 2370 3019 2423 καὶ
3033 2363 3107 2423 ὧν
3130 2367 3393 2439 ἀλλήλους
3413 2365 3699 2438 εἰργάσαν-

442 2447 623 2517 templi
660 2449 727 2505 ad
774 2465 959 2506 sacros
1007 2460 1309 2507 conventus
1362 2456 1698 2525 peragendos
1737 2452 1858 2508 luit.
1902 2452 1980 2508 Set

2106 2464 2167 2517 τό
2208 2481 2268 2517 τε
2312 2465 2405 2518 καὶ
2455 2462 2789 2516 πεπόνθασι·
2846 2462 2939 2515 καὶ
2970 2464 3035 2532 τῇ
3068 2459 3306 2532 Χριστοῦ
3336 2457 3502 2511 πάλιν
3536 2458 3695 2527 ἐνηυ-

437 2541 683 2596 omnium
718 2541 1054 2601 laetissimam
1092 2544 1444 2600 festivitatem
1482 2556 1715 2617 egerunt
1755 2561 1979 2601 consum

2108 2554 2424 2627 φράνθημεν
2454 2555 2666 2627 εἰρήνῃ,
2699 2553 2766 2625 ἢν
2810 2551 2990 2623 μόνοις
3023 2552 3153 2622 ἡμῖν
3182 2548 3373 2602 ἔδωκε.
3411 2545 3696 2619 Βραχυτά-

436 2633 566 2688 ntali
592 2646 879 2708 martyres,
910 2639 998 2708 qui
1030 2639 1082 2693 in
1117 2639 1258 2694 cmlo
1293 2638 1494 2708 epulati
1536 2648 1685 2694 sunt.
1733 2638 1864 2694 Post
1892 2640 1980 2693 has

2104 2665 2205 2719 της
2243 2646 2296 2700 δὲ
2326 2646 2488 2717 ,ἡμῶν
2515 2662 2574 2698 τε
2610 2646 2703 2699 καὶ
2742 2644 2923 2697 αὐτῶν
2952 2643 3218 2714 τυχόντων
3244 2640 3546 2710 ἀναπνοῆς,
3574 2640 3694 2691 ἐπι-

432 2723 632 2782 bellum
674 2739 732 2785 et
772 2730 942 2787 fatnes
986 2734 1200 2803 excepit
1244 2750 1259 2787 :
1302 2748 1423 2801 quae
1473 2734 1690 2802 quidem
1738 2748 1840 2788 nos
1882 2748 1980 2787 cun

2105 2735 2445 2807 κατέσκηψεν
2491 2736 2524 2807 ἡ
2557 2735 2712 2799 νόσος
2740 2733 2901 2805 αῦτη,
2942 2734 3173 2805 πρᾶγμα
3201 2730 3367 2801 φόϐου
3402 2746 3462 2783 τε
3494 2728 3694 2791 παντὸς

432 2816 724 2883 gentilibus
757 2819 992 2889 junctim
1018 2825 1359 2893 pertulimus.
1389 2822 1457 2878 Et
1484 2838 1546 2878 ea
1579 2824 1799 2893 quidem
1859 2825 1980 2878 mal:

2104 2827 2475 2900 φοϐερώτερον
2510 2826 2759 2891 ἐκείνοις,
2789 2826 2882 2879 καὶ
2906 2824 3187 2896 συμφορᾶς
3218 2820 3541 2894 ἡστινοσοῦν
3566 2836 3687 2890 σχε-

430 2911 626 2980 quibus
668 2926 770 2966 nos
802 2914 1158 2976 attriverunt,
1204 2914 1304 2969 soli
1336 2914 1717 2970 sustinuimus.
1744 2914 1879 2982 Quae
1909 2930 1976 2969 au

2100 2921 2413 2994 τλιώτερον,
2445 2921 2539 2974 καὶ
2562 2919 2638 2983 ὡς
2667 2919 2797 2983 ἴδιός
2822 2936 2904 2982 τις
2933 2917 3109 2970 αὐτῶν
3126 2913 3432 2986 ἀπήγγειλε
3454 2929 3690 2985 συγγρα-

430 3012 535 3058 tetu
571 3004 671 3073 ipsi
702 3004 805 3059 sibi
832 3005 1073 3060 vicissim
1111 3006 1411 3061 intulerunt
1443 3020 1507 3059 ac
1540 3006 1681 3073 passi
1717 3016 1869 3072 sunt,
1905 3023 1980 3063 eo.

2102 3014 2255 3081 φεῦς,
2288 3014 2521 3085 πρᾶγμα
2555 3011 2713 3083 μόνον
2742 3009 2806 3081 δὴ
2837 3013 2937 3082 τῆς
2958 3008 3174 3062 πάντων
3201 3006 3418 3069 ἐλπίδος
3439 3009 3690 3077 κρεῖσσον

427 3109 545 3148 rum
577 3103 787 3164 partem
818 3096 1189 3153 toleravimus.
1217 3098 1322 3154 Sed
1355 3113 1544 3153 rursus
1571 3100 1865 3154 oblectavit
1898 3116 1980 3153 nos

2100 3104 2386 3175 γενόμενον
2404 3121 2417 3133 ·
2448 3106 2581 3175 ἡμῖν
2609 3103 2666 3157 δὲ
2694 3103 2754 3155 οὐ
2776 3100 2982 3155 τοιοῦτο
3022 3100 3140 3169 μὲν,
3176 3099 3483 3170 γυμνάσιον
3512 3097 3567 3151 δὲ
3593 3096 3689 3150 καὶ

425 3197 527 3251 pax
560 3184 669 3250 illa,
698 3199 858 3254 quam
895 3185 1145 3241 Christus
1194 3188 1351 3242 nobis
1394 3190 1531 3246 solis
1575 3191 1821 3245 indulsit.
1859 3189 1978 3244 Cun

2097 3197 2342 3268 δοκίμιον
2374 3196 2585 3260 οὐδενος
2610 3195 2718 3249 τῶν
2750 3195 2924 3249 ἄλλων
2958 3195 3193 3248 ἔλαττον.
3250 3192 3552 3262 ’Δπέσχετο
3586 3188 3687 3260 μὲν

425 3284 601 3331 autem
634 3277 960 3332 brevissimo
998 3281 1258 3349 temporis
1299 3282 1476 3351 spatio
1529 3297 1629 3338 nos
1686 3295 1739 3338 et
1785 3282 1859 3336 illi
1910 3296 1993 3335 re-

422 3371 807 3437 spirassetnus,
843 3383 1067 3441 repente
1103 3373 1306 3443 ingruit
1330 3375 1448 3430 lues
1479 3375 1591 3443 illa,
1614 3377 1743 3445 ipsis
1774 3378 1991 3446 quidem

422 3471 513 3512 res
557 3461 798 3514 omnium
845 3460 1351 3518 formidolosissima
1395 3476 1451 3520 et
1474 3466 1989 3523 calamitosissima:

420 3558 477 3603 et
508 3564 630 3620 qua:
671 3552 785 3607 sola
806 3594 823 3621 ,
864 3565 923 3608 ut
954 3559 1202 3625 proprius
1235 3559 1456 3628 quidam
1491 3560 1728 3629 ipsorum
1761 3562 1994 3629 scriptor

421 3643 585 3715 269
614 3644 869 3715 loquitur,
919 3651 1158 3704 omnium
1205 3665 1355 3720 spem
1408 3653 1830 3724 opinioitemque
1901 3671 1993 3708 su-

420 3740 649 3803 peravit.
681 3737 850 3793 Nobis
879 3756 1007 3795 vero
1046 3757 1149 3796 non
1183 3744 1445 3810 ejusmodi
1501 3745 1599 3799 fuit
1631 3764 1646 3800 :
1677 3748 1771 3801 sed
1806 3747 1984 3816 potius

421 3828 862 3886 meditamentum
917 3833 1186 3903 quoddam
1221 3850 1284 3889 ac
1310 3836 1728 3905 probamenturn
1764 3838 1987 3908 perinde

488 4005 602 4078 (75)
640 4009 761 4077 Οὐχ
795 4008 954 4077 ὅπως
980 4010 1097 4065 τῶν
1118 4012 1445 4067 ἑπιλύπων.
1480 4012 1569 4067 Sic
1592 4012 1813 4067 omnino
1846 4012 1989 4065 scri-

417 4075 652 4152 bendum
686 4075 788 4141 est,
819 4091 875 4132 ut
904 4075 1099 4152 habent
1124 4084 1473 4152 tnauuscripti
1508 4084 1725 4136 codices
1752 4081 1889 4134 Maz.
1926 4098 1990 4135 ac

415 4144 582 4221 Bl_ed.,
615 4161 737 4200 cum
771 4151 1067 4221 Saviliano.
1100 4144 1569 4221 Opponitur'enim
1597 4152 1658 4205 τὸ
1676 4152 1987 4205 summm

412 4216 491 4287 τῷ
522 4218 845 4291 περιχαρής
902 4222 1044 4291 quod
1100 4216 1219 4276 mox
1269 4222 1537 4290 sequitur,
1589 4223 1755 4291 vulg.,
1784 4221 1987 4274 ἐπιλοί-

412 4289 677 4361 ταον.-γΕει
701 4300 880 4361 autem
922 4289 1384 4361 elegantissimum
1434 4292 1537 4346 hoc
1566 4289 1847 4346 exordium
1884 4293 1985 4346 Pa-

410 4357 880 4433 schalisepistolte
905 4357 1305 4415 sive'orationis
1325 4361 1589 4433 Dionysii.
1619 4362 1779 4422 Aliis.
1809 4365 1984 4432 inquit

411 4427 721 4501 Dimtysitts,
749 4429 1049 4501 inﬁdelibus
1080 4432 1273 4485 scilicet
1321 4450 1383 4485 ac
1424 4427 1726 4501 gentilibus,
1755 4427 1981 4497 pra'sens

2095 3289 2207 3363 γάρ
2234 3289 2355 3343 οὐδὲ
2393 3288 2571 3360 ἡμῶν,
2597 3286 2765 3359 πολλὴ
2798 3287 2854 3341 δὲ
2878 3286 3098 3358 ἐξῆλθεν
3128 3284 3238 3359 (79)
3271 3287 3354 3349 εις
3376 3287 3447 3338 τὰ
3474 3282 3619 3354 ἔθνη.
3656 3299 3680 3334 s

2096 3380 2317 3444 Τούτοις
2362 3379 2489 3451 ἑξῆς
2532 3379 2779 3451 ἐπιφέρει
2828 3380 3001 3448 λέγων
3032 3396 3045 3410 ·
3101 3398 3120 3430 ι
3157 3378 3220 3431 Οἱ
3260 3374 3397 3445 γοῦν
3443 3374 3683 3429 πλεῖστοι

2092 3470 2201 3523 τῶν
2229 3469 2468 3538 ἀδελφῶν
2491 3468 2645 3539 ἡμῶν
2673 3468 2739 3521 δι’
2769 3467 3212 3539 ὑπερϐάλλουσαν
3230 3465 3460 3536 ἀγάπην
3488 3462 3581 3517 xui.
3600 3478 3684 3530 φι-

2093 3560 2377 3629 λαδελφίαν
2406 3559 2751 3629 ἀφειδοῦντες
2779 3560 2984 3612 ἑαυτῶν
3002 3558 3096 3613 καὶ
3132 3556 3380 3628 ἀλλήλων
3412 3555 3680 3627 ἐχόμενοι,

2092 3651 2517 3714 ἐπισκοποῦντες
2560 3651 2886 3721 ἀφυλάκτως
2924 3652 3051 3713 τοὺς
3084 3648 3396 3712 νοσοῦντας,
3434 3643 3682 3717 λιπαρῶς

2090 3743 2542 3817 ὑπερητούμενοι,
2595 3742 2986 3814 θεραπεύοντες
3034 3743 3092 3795 ὲν
3128 3740 3372 3813 Χριστῷ,
3407 3737 3679 3809 συναπηλ-

2089 3837 2346 3891 λάττοντο
2376 3834 2602 3899 ἐκείνοις
2632 3833 2742 3906 (80)
2773 3833 3167 3905 ἀσμενέστατα,
3194 3831 3289 3886 τοῦ
3314 3832 3447 3903 παρ’
3477 3829 3677 3902 ἑτέρων

2097 4010 2256 4088 τοέλέ
2275 4009 2507 4088 asiam
2529 4012 2861 4088 περιχαρῆο,
3003 4079 3017 4088 .
3194 4079 3208 4088 .
3547 4077 3560 4088 .
3653 4074 3671 4088 .

2167 4081 2256 4151 (77
2265 4076 2288 4148 ί
2311 4082 2417 4135 Kal
2451 4076 2798 4151 ὅφελόνῗπεε.
2820 4079 3105 4151 Turnebus
3142 4079 3208 4131 ad
3236 4093 3391 4133 oram
3437 4076 3560 4151 libri
3589 4076 3670 4129 sui

2167 4098 2281 4151 (ll)
2311 4098 2417 4135 ttat
2451 4098 2675 4149 οφελον
2774 4120 2788 4135 .
2822 4098 2848 4134 'I
2869 4098 3105 4135 urnenns
3142 4098 3207 4131 an
3236 4098 3391 4133 oram
3439 4098 3560 4132 llDl'l
3589 4098 3670 4129 sul

2092 4153 2399 4227 emendayit
2441 4151 2535 4204 καὶ
2564 4098 2979 4227 ὅφελόῖγε-εἶς.
3012 4148 3141 4227 Quae
3173 4157 3356 4227 tamen
3397 4149 3671 4227 scriptura

2096 4222 2147 4275 in
2172 4221 2426 4276 omnibus
2452 4218 2650 4275 nostris
2679 4218 2960 4275 codicibus
2995 4235 3098 4272 nott
3124 4219 3349 4288 legitur.
3397 4218 3453 4269 In
3484 4218 3673 4288 codice

2094 4291 2264 4360 Hegio
2286 4293 2545 4354 scriptum
2573 4292 2779 4351 inveni.
2813 4292 2906 4343 καὶ
2932 4283 3235 4360 ὄφελόνᾲγέο
3264 4289 3345 4351 εἰς
3376 4287 3550 4360 πολλά
3571 4283 3671 4357 μὲν

2089 4357 2201 4433 γὰρ
2227 4361 2519 4433 καὶδεινά,
2550 4361 2688 4414 sicut
2712 4363 2873 4433 etiam
2914 4361 3073 4433 habet
3100 4358 3463 4433 Nicepltorus.
3503 4357 3670 4411 Recte

2092 4430 2256 4493 igitur
2308 4430 2612 4499 Turnebus,
2648 4430 2764 4499 qui,
2794 4430 2906 4483 sola
2946 4430 3387 4497 interpunctione
3437 4436 3663 4489 mutata,

409 4509 610 4570 tempus
640 4498 854 4570 minime
886 4510 1231 4568 Opportunum
1256 4498 1497 4555 videatur
1527 4503 1596 4553 nd
1624 4502 1812 4569 festum
1844 4506 1981 4555 diem
2016 4541 2060 4570 η
2090 4502 2234 4555 hunc
2267 4500 2522 4570 Dionysiii
2555 4498 2729 4570 locum
2759 4499 3027 4570 restituit,
3055 4509 3113 4552 ut
3139 4499 3273 4553 dixi.

407 4566 797 4640 celebrandum,
817 4566 1010 4639 quippe
1038 4587 1155 4623 cum
1177 4574 1321 4624 luctu
1351 4581 1398 4624 et
1430 4566 1671 4624 lamentis
1696 4571 1847 4640 pleno
1874 4574 1980 4626 sint

406 4639 605 4688 omnia.
650 4635 841 4691 Verum
882 4635 975 4693 nec
1020 4643 1183 4692 nllum
1236 4642 1448 4694 omnino
1477 4635 1705 4707 tempus,
1731 4657 1833 4694 non
1861 4644 1979 4695 dico

406 4707 723 4779 luctuosum,
749 4708 1045 4770 cuiusmodi
1073 4709 1170 4762 hoc
1194 4717 1392 4779 tempus
1421 4726 1532 4764 esse
1555 4710 1765 4778 fateor;
1797 4714 1886 4763 sed
1913 4728 1977 4765 ne

408 4772 733 4848 latissimum
788 4780 1015 4844 quidem.
1048 4781 1153 4831 illis
1188 4772 1505 4839 hominibus.
1541 4772 1594 4833 id
1627 4788 1703 4833 est
1746 4781 1973 4848 inﬁdeli-

405 4844 541 4919 b_us._
568 4855 853 4919 optumest
892 4849 961 4919 ad
1005 4848 1342 4919 festivitatem
1376 4852 1761 4904 celebrandam.
1806 4844 1979 4919 'lmpii

403 4913 661 4988 siquidem
717 4928 764 4968 et
823 4917 949 4970 ntali
993 4913 1247 4980 homines,
1293 4935 1558 4987 nunquam
1604 4921 1820 4973 omnino
1866 4913 1977 4974 dies
2024 4970 2043 4988 ,

404 4979 567 5048 festos
600 5000 754 5053 agere
786 4999 1026 5053 possunt,
1064 4988 1183 5040 licet
1218 4979 1423 5041 hostias
1456 4988 1745 5049 immolent,
1804 5002 1850 5041 et
1906 4990 1976 5042 li-

402 5053 670 5128 bamenta.
694 5054 941 5128 oﬂ’erant.
999 5058 1112 5112 Soli
1165 5066 1354 5128 virtute
1401 5061 1615 5128 prwditi
1662 5058 1824 5127 festos
1865 5062 1976 5113 dies

400 5132 586 5199 agunt.
632 5120 753 5199 Soli:
795 5128 982 5199 quippe
1020 5128 1187 5199 ofﬁcio
1216 5120 1531 5199 funguntur,
1583 5140 1631 5183 et
1662 5120 1788 5183 'vota
1819 5139 1977 5198 atque

399 5195 705 5265 incruentas
732 5195 931 5248 hostias
968 5195 1194 5265 offcium
1217 5195 1355 5252 Deo.
1392 5198 1552 5250 Multa
1603 5201 1655 5253 in
1687 5199 1825 5253 hanc
1850 5195 1979 5254 sen-

400 5259 630 5316 tentiam
664 5265 824 5318 habet
850 5259 1110 5333 Origenes
1154 5269 1204 5320 in
1237 5268 1329 5321 lib.
1363 5285 1459 5325 vut
1514 5267 1714 5323 Contra
1741 5266 1975 5331 Celsum,

400 5342 521 5408 quae
568 5342 696 5386 sunt
744 5348 775 5387 e
822 5332 1132 5408 Stoicorum
1160 5338 1494 5408 philosophia
1549 5342 1871 5408 desumpta,
1905 5356 1971 5394 ex

398 5400 599 5467 quibus
659 5419 909 5474 magnam
962 5400 1391 5475 lucem-accipit
1446 5410 1535 5464 hic
1587 5400 1827 5480 Dionysii
1858 5400 1868 5405 ’
1898 5411 1975 5464 lo-

398 5482 515 5524 cus.
1501 5524 1505 5533 .

468 5540 585 5617 06)
631 5544 960 5617 Περιχαρὴς
1006 5544 1082 5617 ὃν
1123 5545 1392 5614 οἰηθεῖεν.
1424 5544 1578 5616 Apud
1610 5547 1970 5617 Nicephorum

401 5608 599 5687 legitur
620 5613 673 5665 εῖ
705 5608 805 5679 τις
832 5608 1130 5687 περιχαρὴς
1167 5608 1242 5671 ὧν
1273 5608 1503 5687 οἰηθείη.
1537 5619 1665 5684 Quae
1700 5608 1968 5684 scriptura

400 5677 530 5757 [εἶέξὶ
560 5697 664 5757 non
693 5677 1048 5752 potﬁestfcu'ui
1076 5677 1297 5757 verbum
1325 5677 1627 5757 όὶηθέίηῖιι
1651 5677 1864 5756 passiva
1897 5690 1972 5740 si-

372 5751 901 5828 'gttilicatit_irie_smni
921 5771 1024 5809 non
1046 5757 1235 5825 possit.
1259 5751 1410 5828 Dixit
1422 5751 1552 5828 ergo
1568 5751 1854 5828 Dionysius
1876 5774 1972 5811 πε-

401 5820 631 5893 ριχαρὴς
645 5822 703 5878 ὃν
718 5822 972 5894 οἰηθεῖεν,
989 5820 1085 5893 pro
1100 5841 1166 5881 eo
1186 5828 1329 5895 quod
1356 5827 1446 5880 alii
1471 5820 1736 5894 diccrctti,
1758 5826 1820 5880 ὃν
1834 5828 1970 5882 οῖον-

2163 4571 2275 4637 (78)
2326 4563 2566 4637 Πρῶτον
2618 4568 2735 4638 μὲν
2788 4567 2948 4637 ἡμᾶς
2992 4568 3255 4637 ἤλασαν.
3306 4566 3525 4635 Repetit
3576 4563 3667 4618 hic

2092 4640 2397 4710 Dionysius,
2448 4649 2504 4694 et
2543 4639 2709 4710 quasi
2759 4642 3086 4710 campendio
3134 4647 3422 4710 enumerat
3475 4644 3666 4710 cuncta

2086 4726 2205 4779 quae
2229 4705 2527 4764 Christiani
2562 4705 2713 4778 passi
2766 4705 2985 4779 fuerant
3023 4708 3373 4779 Alexandriae
3393 4707 3506 4779 jam
3541 4705 3669 4758 inde

2087 4777 2156 4833 ab
2188 4781 2343 4833 initio
2373 4780 2454 4833 sui
2492 4779 2865 4847 pontiﬁcatus.
2900 4778 3084 4832 Primo
3127 4777 3292 4834 enim.
3337 4777 3532 4842 inquit.
3565 4787 3670 4825 nos

2085 4850 2352 4919 persecuti
2385 4861 2529 4903 sunt.
2567 4848 3005 4919 Persecutionem
3045 4847 3667 4919 intelligjt‘qumt‘tnpla

2084 4913 2167 4973 est
2190 4934 2335 4973 anno
2365 4920 2552 4973 ultimo
2574 4918 2803 4987 Philippi
2831 4916 3192 4986 imperatoris.
3222 4913 3665 4987 Belluvitdeimle,

2084 4990 2183 5052 ait,
2242 4998 2473 5042 secutum
2527 4999 2604 5042 est
2668 4982 2999 5042 intestinum.
3055 4986 3130 5039 De
3173 4988 3274 5040 hoc
3324 4985 3472 5037 civili
3527 4982 3670 5035 bello

2081 5058 2735 5123 Alexandrinorutn,vide
2757 5057 3039 5126 epistolam
3066 5056 3305 5126 Dionysii
3341 5056 3407 5105 atl
3435 5052 3665 5126 Fabium

2082 5142 2243 5197 Supra
2274 5128 2323 5180 in
2361 5127 2455 5182 lib.
2482 5143 2555 5190 vr,
2587 5142 2708 5195 cap.
2734 5123 2824 5179 4i.
2855 5125 3054 5180 Deinde
3088 5123 3219 5178 cuni
3242 5126 3543 5197 paululum,
3577 5123 3673 5173 in-

2082 5199 2219 5266 quit,
2251 5213 2345 5250 nos
2370 5207 2416 5249 et
2444 5197 2524 5250 illi
2547 5199 2939 5262 quieuissemus,
2972 5196 3211 5266 incubuit
3258 5196 3506 5266 lues__illa
3536 5208 3671 5261 gre-

2081 5262 2317 5329 uissima,
2373 5280 2437 5320 ea
2502 5268 2711 5320 scilicet
2763 5280 2884 5334 quae
2927 5267 3027 5319 sub
3064 5263 3219 5319 Gallo
3263 5274 3318 5318 et
3373 5262 3671 5316 Volusiano

2080 5348 2326 5406 grassata
2356 5344 2461 5394 est.
2493 5352 2613 5389 cum
2659 5336 2771 5405 jam
2800 5344 2973 5401 antea
3029 5338 3129 5387 sub
3168 5334 3335 5388 Decio
3381 5337 3669 5406 «sapisset.

2080 5403 2328 5482 Aliquot_
2359 5408 2503 5482 enim
2560 5403 2773 5482 diaconi
2827 5418 2892 5457 ea
2952 5413 3131 5482 peste_
3163 5403 3473 5482 consumpti
3523 5410 3672 5482 sum!

2081 5472 2418 5542 temporibus
2455 5476 2622 5540 Decii,
2676 5484 2735 5528 ut
2771 5483 2919 5544 patet
2954 5472 3018 5529 ex
3048 5474 3278 5540 epistola
3314 5472 3556 5541 Dionysii
3586 5474 3670 5523 ad

2083 5547 2371 5599 Domitium
2396 5543 2788 5616 etDidymurn,
2815 5546 2865 5596 in
2902 5560 3024 5616 cap.
3057 5543 3113 5616 ll
3142 5544 3479 5616 hujus_libt_'i.

2149 5616 2261 5685 (79)
2290 5616 2501 5683 Πολλὴ
2527 5611 2596 5668 δέ
2619 5613 2896 5686 ἐξῆλθεν.
2932 5611 3276 5686 Πολύ-ςοᾴεχ
3305 5611 3533 5686 Regius;
3560 5611 3669 5686 sed

2080 5686 2131 5739 in
2157 5678 2382 5755 reliquis
2410 5678 2808 5755 exetttplartbus
2835 5685 3061 5747 Mazar.,
3083 5681 3223 5755 Med.
3258 5699 3323 5755 ac
3356 5678 3488 5735 Fuit.
3522 5678 3668 5734 scri-

2077 5753 2436 5828 ιιίιιιιξπολλή,
2466 5753 2701 5828 rectius;
2730 5754 3050 5828 subauditur
3074 5754 3234 5828 enini
3256 5753 3434 5828 νόσος.

2148 5824 2257 5897 (80)
2284 5821 2860 5895 Συφλαπηλιάττοντο
2887 5822 3164 5889 ἐκείνοις.
3199 5821 3329 5879 Post
3360 5827 3458 5878 bss
3496 5831 3664 5875 voces
