3876 6566
532 459 629 516 69!

1249 455 1519 514 EUSEBII
1557 456 2029 514 CJESARIENSIS
2060 455 2211 514 OPP.
2252 458 2431 515 PARS
2466 460 2507 515 1.
2546 490 2617 501 ——
2652 437 3043 517 HISTORICA.‘
3648 459 3726 517 692

532 585 708 634 bant:
760 586 850 631 aut
888 588 1130 633 mortuos
1176 575 1473 645 insepultos
1520 576 1905 647 projiciebant,
1935 591 2089 630 avera

2205 578 2355 641 πίας,
2406 582 2506 650 τῆς
2557 579 2695 634 κατὰ
2738 581 2830 635 τὸν
2875 580 3164 653 Γαλλιηνδν
3203 580 3427 652 εἰρήνης
3468 580 3721 655 ὑπομιμνη-

522 680 716 726 ςειιηιεε
738 667 927 724 mortis
949 668 1420 738 participationem
1448 684 1513 723 ac
1542 668 1894 734 societatem;
1927 680 2088 737 quam

2200 686 2405 725 σκεται.

524 773 707 816 tamen
761 760 887 816 licet
936 760 1218 831 multiplici
1275 761 1518 816 adhibita
1580 764 1832 819 cautione
1890 776 1953 816 ac
2003 763 2303 835 diligentia,
2358 765 2563 819 evitare
2654 780 2759 821 non
2817 775 3089 835 poterant.
3122 783 3143 819 ι
3204 762 3333 819 Post
3381 764 3528 819 hanc
3564 763 3730 832 episto-

520 854 657 918 .lam,
685 869 806 909 cum
833 868 924 909 res
956 854 1009 908 in
1033 853 1167 908 urbe
1194 852 1523 909 Alexandria
1550 863 1756 923 pacatae
1818 865 2026 924 essent,
2075 858 2143 910 ad
2182 855 2381 912 fratres
2417 871 2513 926 per
2574 855 2868 929 Egyptum
2922 858 3249 914 constitutos
3285 854 3597 910 Paschalem
3642 869 3733 907 rur-

525 958 619 999 sus
642 945 927 1013 epistolam
951 945 1240 1017 Dionysius
1263 947 1505 1015 scripsit,
1561 949 1804 1019 aliasque
1866 960 1988 1020 post
2038 951 2175 1005 hanc
2201 950 2456 1020 deinceps
2492 951 2759 1005 exaravit.
2796 950 2986 1005 Exstat
3037 950 3202 1006 etiam
3259 946 3487 1016 epistola
3541 948 3643 1013 eius
3679 946 3730 999 de

526 1034 764 1091 Sabbato
815 1051 832 1090 :

888 1048 941 1093 et
999 1039 1103 1094 alia
1156 1040 1222 1095 de
1259 1042 1672 1099 exercitatione.
1742 1043 2012 1100 Praeterea
2066 1046 2131 1099 ad
2192 1044 2669 1101 Hermammonem
2740 1045 3048 1115 fratresque
3103 1045 3158 1098 in
3218 1043 3457 1113 Egypto
3522 1040 3734 1108 degentes

524 1131 807 1196 epistolam
840 1130 1004 1203 27o
1036 1136 1301 1201 scribens,
1356 1148 1638 1207 postquam
1685 1139 1751 1194 de
1806 1141 1936 1211 imp.
2000 1140 2152 1196 Decii
2214 1147 2265 1195 et
2329 1151 2705 1195 successorum
2768 1138 2911 1193 illius
2961 1137 3311 1205 improbitate
3360 1134 3627 1198 disseruit,
3665 1147 3738 1200 pa-

526 1224 605 1279 cis
649 1239 769 1293 quae
834 1225 1006 1296 viguit
1061 1227 1362 1297 principatu
1419 1228 1684 1294 Gallieni,
1734 1231 2063 1285 mentionem
2094 1226 2246 1283 facit.
3678 1213 3682 1217 έ

1085 1316 1311 1373 CAPUT
1338 1317 1526 1373 XXIII.

1019 1407 1094 1462 De
1113 1409 1331 1479 imperio
1355 1409 1605 1467 Gallieni.

595 1496 701 1553 Sed
727 1498 839 1567 ipsa
867 1499 988 1569 ejus
1024 1501 1188 1556 verba
1215 1502 1387 1557 satius
1431 1502 1597 1559 fuerit
1626 1504 1838 1569 audire,
1869 1520 1989 1574 quae
2016 1504 2093 1560 sic

2730 1317 3127 1371 ΚΕΦΑΛΑΙΟΝ
3151 1316 3276 1371 Kl".

2194 1412 2333 1479 Περὶ
2358 1410 2466 1479 τῆς
2491 1411 2835 1477 Γαλλιηνοῦ
2857 1408 3178 1474 βασιλείας
3209 1406 3344 1479 (Nic.
3376 1378 3449 1461 Π.
3480 1405 3540 1459 E.
3559 1421 3628 1470 'l,
3647 1405 3737 1475 2|).

2268 1501 2432 1555 Οὐδὲν
2479 1502 2535 1555 δὲ
2585 1495 2717 1564 οἷον,
2774 1501 2836 1554 τὸ
2887 1500 2982 1554 mi.
3028 1501 3232 1553 τούτων
3266 1492 3371 1553 ὧδέ
3403 1515 3521 1561 πως
3546 1497 3743 1569 ἐχόντων

525 1591 726 1647 habent
753 1606 768 1645 :
803 1611 822 1644 σ
853 1593 915 1646 Ει
944 1593 1031 1647 ille
1053 1594 1269 1664 quidem
1301 1610 1422 1649 cum
1450 1596 1838 1665 imperatorum
1870 1613 2089 1651 suorum

2202 1593 2425 1648 ἀκοῦσαι
2450 1612 2463 1624 σ
2502 1612 2521 1645 ι
2561 1595 2797 1657 Ἐκεῖνος
2818 1592 2915 1664 μὲν
2934 1588 3028 1645 οὖν
3059 1591 3168 1662 (87)
3199 1592 3308 1644 τῶν
3338 1590 3445 1662 πρὸ
3471 1589 3628 1643 αὑτοῦ
3665 1589 3741 1659 βα-

526 1683 756 1738 alternm
784 1683 1135 1753 prodidisset,
1171 1685 1327 1740 alteri
1359 1686 1559 1742 bellum
1617 1687 1909 1750 intulisset,
1942 1687 2091 1741 brevi

525 1788 647 1828 cum
689 1775 942 1829 universa
992 1774 1193 1830 familia
1257 1778 1503 1847 stirpitus
1533 1778 1762 1834 interiit.
1817 1777 2093 1834 Gallienus

523 1877 654 1919 vero
682 1864 1027 1920 renuntiatus
1051 1876 1106 1920 et
1139 1869 1411 1922 communi
1435 1869 1674 1924 omnium
1708 1884 1973 1924 consensu
1999 1884 2092 1938 ap-

2200 1685 2390 1739 σιλέων
2437 1686 2526 1740 τὸν
2564 1685 2662 1757 μὲν
2693 1686 3015 1758 προέμενος,
3057 1684 3134 1756 τῷ
3162 1683 3218 1737 δὲ
3244 1682 3584 1754 ἐπιθέμενος,
3626 1696 3745 1748 παγ-

2198 1776 2331 1846 γενῆ
2350 1777 2559 1846 ταχέως
2578 1778 2671 1831 καὶ
2700 1775 2994 1848 πρόρριζος
3014 1774 3344 1847 ἐξηφανίσθη
3366 1791 3379 1804 ·
3411 1772 3676 1844 ἀνεδείχθη
3701 1772 3747 1826 δὲ

2197 1870 2290 1923 καὶ
2339 1868 2820 1939 συνανωμολογήθη
2852 1867 3005 1939 παρὰ
3031 1867 3247 1921 πάντων
3275 1868 3305 1919 6
3334 1865 3637 1936 Γαλλιηνὸς,
3663 1882 3752 1919 πα-

525 1954 785 2024 probatus
843 1966 973 2013 est:
1026 1970 1183 2015 vetus
1231 1960 1396 2015 simul
1445 1962 1740 2031 imperator
1796 1976 1860 2016 ac
1890 1974 2089 2026 novus,

2202 1961 2342 2024 λαιός
2401 1961 2514 2032 άμα
2563 1960 2816 2031 βασιλεὺς
2853 1959 2949 2013 καὶ
2979 1959 3118 2021 νέος,
3155 1958 3372 2029 πρῶτος
3411 1955 3486 2010 ὣν
3527 1958 3617 2010 καὶ
3652 1958 3749 2027 μετ’

524 2046 679 2113 prior
711 2046 839 2114 illis,
890 2062 954 2103 ac
1007 2059 1127 2119 post
1176 2050 1297 2105 illos
1318 2051 1478 2105 etiam
1509 2060 1817 2119 superstes:
1856 2051 2010 2120 juxta
2039 2050 2091 2104 id

522 2137 664 2207 quod
690 2135 890 2194 dictum
917 2150 1001 2195 est
1035 2138 1184 2196 Isaizc
1219 2143 1491 2209 prophetae
1520 2157 1535 2194 :
1567 2160 1586 2193 ι
1618 2141 1747 2208 Quae
1774 2159 1801 2195 a
1830 2143 2092 2213 principio

522 2226 674 2284 fuere
706 2244 832 2285 ecce
859 2242 1149 2298 venerunt,
1183 2244 1235 2289 et
1261 2248 1397 2289 nova
1417 2243 1545 2288 sunt
1576 2248 1695 2303 qua:
1722 2249 1869 2291 mine
1903 2240 2089 2290 orien-

522 2327 630 2375 tur.
673 2340 694 2374 ›
722 2321 857 2377 Nam
885 2326 1337 2393 quemadmodum
1371 2329 1543 2383 nubes
1585 2326 1715 2382 solis
1752 2327 1934 2382 radios
1966 2327 2090 2381 sub-

517 2413 671 2480 .ieus,
702 2415 822 2485 eius
875 2417 1212 2486 splendorem
1243 2419 1395 2474 brevi
1426 2429 1668 2490 tempore
1698 2421 1975 2487 obscurat,
2005 2420 2093 2475 in-

519 2516 627 2571 que
656 2503 774 2572 ejus
823 2504 1000 2561 locum
1031 2509 1322 2563 substituta
1378 2508 1748 2577 conspicitur:
1808 2524 1869 2563 ea
1900 2510 2092 2563 deinde

520 2604 909 2667 prmtergressa
961 2607 1055 2653 aut
1108 2598 1420 2669 liquefacta,
1470 2598 1553 2654 sol
1604 2599 1695 2669 qui
1725 2610 1885 2654 antea
1940 2609 2091 2655 ortus

521 2683 719 2753 fuerat,
770 2704 985 2745 rursum
1034 2691 1188 2760 quasi
1244 2706 1414 2746 novus
1459 2692 1661 2745 exoriri
1717 2692 1931 2746 videtur
1965 2709 1981 2744 ι
2016 2691 2088 2743 ita

520 2775 829 2834 Macrianus
892 2780 982 2848 qui
1038 2780 1275 2851 seipsum
1324 2793 1693 2849 praeposuerat
1726 2791 1780 2833 et
1820 2782 1885 2832 ad
1915 2781 2089 2848 ipsum

519 2867 747 2923 Gallieni
774 2870 1057 2939 imperium
1090 2872 1335 2941 proxime
1366 2872 1704 2935 admoverat;
1732 2872 1847 2938 ipse
1873 2872 2089 2941 quidem

516 2962 623 3025 iam
658 2973 894 3027 nonest,
944 2964 1141 3032 quippe
1164 2966 1256 3034 qui
1294 2980 1396 3019 nec
1436 2974 1595 3018 antea
1618 2971 1772 3018 erat:
1810 2962 2089 3017 Gallienus

517 3061 647 3102 vero
670 3049 751 3103 sui
778 3050 976 3105 similis
1006 3051 1257 3120 idemque
1285 3053 1378 3122 qui
1409 3053 1559 3122 prius
1607 3061 1810 3107 manet.
1845 3051 1965 3122 Ipse
1992 3054 2090 3107 de-

516 3140 680 3210 nique
708 3140 1068 3212 principatus,
1094 3145 1242 3198 velut
1262 3154 1541 3200 senectute
1565 3145 1836 3215 deposita,
1888 3155 1942 3199 et
1976 3146 2089 3214 pri-

516 3231 674 3286 stinae
727 3231 1093 3301 improbitatis
1147 3235 1399 3290 sordibus
1435 3245 1785 3305 repurgalus,
1827 3250 1972 3289 nunc
1996 3234 2090 3289 llo-

2198 2052 2438 2116 ὲκείνους
2469 2051 2678 2125 παρών.
2713 2050 2871 2105 Κατὰ
2910 2050 3021 2123 γὰρ
3049 2050 3110 2103 τὸ
3142 2050 3305 2121 ῥηθὲν
3351 2050 3488 2121 πρὸς
3521 2050 3611 2103 τὸν
3636 2066 3751 2121 προ-

2198 2144 2373 2214 φήτην
2400 2144 2640 2198 Ἡσαΐαν·
2665 2163 2682 2194 ι
2708 2142 2789 2196 Τὰ
2815 2143 2907 2195 ἀπ’
2937 2144 3111 2214 ἀρχῆς
3142 2141 3249 2195 ίδοὺ
3278 2142 3465 2211 ἦκασι,
3496 2141 3587 2194 καὶ
3615 2139 3754 2194 καινὰ

2196 2236 2231 2290 ἃ
2247 2236 2342 2289 νῦν
2371 2236 2633 2290 άνατελεῖ.
2650 2254 2668 2289 ι
2703 2237 2910 2308 Ὥσπερ
2928 2234 3038 2307 γὰρ
3057 2234 3217 2304 νέφος
3235 2233 3593 2303 τὰς’ἡλιακάς
3619 2234 3752 2286 ἀκτῖ-

2196 2344 2293 2391 νας
2321 2326 2629 2397 ὑποδραμὸν
2667 2326 2761 2379 καὶ
2790 2325 2928 2396 πρὸς
2954 2323 3132 2392 ὀλίγον
3179 2322 3532 2392 ἐπηλυγάσαν
3549 2362 3563 2381 ,
3587 2320 3756 2373 ἐσκία-

2199 2435 2289 2471 σεν
2318 2418 2477 2472 αὑτὸν
2505 2418 2599 2471 καὶ
2619 2418 2730 2470 ἀντ’
2752 2415 2913 2469 αὐτοῦ
2936 2415 3239 2487 προεφάνη,
3269 2410 3391 2467 εἶτα
3419 2412 3755 2485 παρελθόντος

2197 2510 2230 2581 ἦ
2260 2509 2606 2573 διατακέντος
2631 2507 2725 2562 τοῦ
2767 2508 2984 2577 νέφους,
3015 2506 3249 2576 ἐξεφάνη
3294 2505 3459 2560 πάλιν
3489 2502 3756 2558 ἐπανατεί-

2196 2601 2294 2665 λας
2321 2603 2350 2655 6
2377 2601 2528 2671 ἥλιος
2553 2603 2580 2654 6
2616 2598 3025 2671 προανατείλας,
3048 2596 3191 2651 οὕτω
3214 2596 3459 2668 προστὰς
3483 2597 3755 2666 καὶπροσ-

2196 2692 2435 2756 πελάσας
2475 2690 2585 2762 (88)
2641 2692 2830 2744 ἑαυτὸν
2883 2694 2912 2744 6
2948 2690 3262 2761 Μακριανὸς
3320 2690 3420 2758 τῆς
3464 2684 3760 2757 ἐφεστώσης

2196 2784 2486 2856 Γαλλιηνοῦ
2524 2784 2816 2854 βασιλείας,
2847 2785 2874 2836 6
2906 2785 3004 2853 μὲν
3030 2783 3130 2835 οὐκ
3159 2782 3329 2845 ἐστιν,
3360 2782 3489 2834 ἐπεὶ
3519 2778 3652 2850 μηδὲ
3677 2773 3760 2849 ἦν’

2194 2877 2224 2929 6
2248 2876 2304 2929 δέ
2332 2879 2479 2930 ἐστιν
2500 2875 2701 2947 ὁμοίως
2724 2874 2912 2946 ὥσπερ
2934 2871 3021 2946 ἦν.
3066 2874 3177 2927 Καὶ
3217 2868 3329 2925 οἷον
3364 2870 3674 2942 ἀποθεμένη
3709 2867 3766 2921 τὸ

2194 2968 2370 3038 γῆρας
2394 2969 2426 3038 ή
2454 2967 2722 3038 βασιλεία,
2755 2967 2850 3019 καὶ
2880 2965 2979 3037 τὴν
3006 2964 3279 3036 προοῦσαν
3313 2959 3764 3032 ἁνακαθηραμένη

2196 3059 2413 3123 κακίαν,
2457 3058 2818 3130 ἀκμαιότερον
2865 3057 2962 3110 νῦν
3004 3056 3242 3119 ἐπανθεῖ,
3290 3056 3387 3109 καὶ
3431 3052 3768 3125 πορρώτερεν

2195 3154 2386 3224 ὁρᾶται
2438 3152 2531 3206 καὶ
2559 3150 2835 3212 ἀκούεται,
2873 3151 2966 3203 καὶ
2988 3150 3240 3219 διαφοιτᾷ
3265 3146 3560 3219 πανταχοῦ.
3600 3164 3619 3197 ι
3660 3130 3776 3196 Εἶθ’

2196 3240 2324 3311 ἑξῆς
2359 3242 2455 3294 καὶ
2500 3240 2591 3293 τὸν
2633 3238 2822 3310 χρόνον
2858 3237 2979 3291 καθ’
3009 3238 3067 3290 ὃν
3100 3237 3249 3289 ταῦτ’
3274 3236 3500 3308 ἔγραψε,
3540 3234 3631 3288 διὰ
3656 3230 3775 3286 τοὺ-

514 3323 726 3378 rentius
759 3325 903 3393 viget
932 3343 946 3378 :
981 3335 1037 3378 et
1069 3325 1280 3394 longius
1307 3296 1552 3380 cernitur
1577 3334 1740 3394 atque
1766 3325 2005 3389 auditur,
2036 3333 2089 3378 et

2202 3296 2390 3403 sunt-o7;
2402 3331 2578 3402 μαίνει
2595 3348 2608 3361 ·
2635 3296 2799 3385 ἹΚαί
2828 3348 2915 3401 μοι
2938 3329 3097 3384 πάλιν
3122 3327 3222 3391 τὰς
3243 3296 3460 3399 ἡμέρας
3488 3296 3597 3380 τῶν
3627 3324 3772 3394 βασι-

514 3426 846 3483 quocunque
875 3415 1212 3470 dill’unditur.
1250 3435 1267 3468 ι
1306 3416 1506 3471 Deinde
1534 3426 1751 3485 tempus
1782 3415 1956 3484 ipsum
1979 3430 2089 3485 quo

516 3505 631 3559 haec
663 3507 961 3571 scribebat,
991 3509 1237 3577 designat
1267 3510 1354 3563 bis
1384 3509 1561 3564 verbis
1586 3526 1600 3562 :
1643 3526 1661 3560 ι
1697 3509 1774 3564 Ac
1804 3509 1936 3562 mihi
1969 3523 2089 3562 rur-

518 3610 609 3652 sus
661 3598 1010 3668 imperatoris
1055 3603 1225 3656 nostri
1291 3617 1464 3657 annos
1510 3600 1863 3668 contemplari
1920 3600 2085 3655 subit.

518 3684 687 3744 ‘lideo
727 3691 871 3744 enim
926 3691 1279 3761 impiissimus
1343 3694 1461 3749 illos
1510 3695 1599 3762 qui
1657 3694 1795 3748 adeo
1848 3692 2092 3748 celebres

520 3783 649 3837 olim
684 3784 1030 3851 exstiterunt,
1075 3786 1221 3840 brevi
1268 3797 1451 3855 postea
1488 3785 1907 3842 obscurissimos
1951 3799 2084 3838 eva-

2196 3420 2361 3476 λικῶν
2381 3421 2517 3475 ἐτῶν
2533 3420 2710 3473 ἔπεισι
2726 3422 2970 3473 σκοπεῖν.
3000 3419 3138 3491 Ὀρῶ
3153 3418 3263 3490 γὰρ
3285 3418 3363 3480 ὼς
3388 3414 3775 3487 ὀνομασθέντες

2199 3512 2297 3582 μὲν
2327 3511 2376 3564 οἱ
2407 3510 2780 3572 ἁσεὸέστατοι,
2833 3511 2948 3581 μετ’
2976 3509 3037 3560 οὑ
3084 3508 3220 3563 πολὺ
3249 3508 3536 3577 γεγόνασιν
3571 3502 3776 3558 ἀνώνυ-

2199 3618 2324 3672 μον
2365 3604 2394 3655 6
2420 3601 2476 3654 δὲ
2501 3599 2789 3672 ὁσιώτερος
2829 3601 2922 3653 καὶ
2962 3598 3354 3670 φιλοθεώτερος
3399 3595 3648 3668 ὑπερϐὰς
3682 3592 3775 3662 τὴν

2197 3692 2576 3765 ἐπταετηρίδα,
2607 3690 2701 3745 νῦν
2728 3691 2971 3744 ἐνιαυτὸν
2998 3690 3183 3745 ἔνατον
3206 3689 3434 3755 διανύει,
3459 3690 3515 3742 ὲν
3542 3682 3590 3756 ᾧ
3618 3685 3781 3757 ἡμεῖς

2192 3787 2432 3856 ἑορτάσω
2439 3801 2556 3854 μεν.
2597 3803 2615 3836 ι
3046 3784 3049 3785 ⁷

518 3877 681 3930 sisse.
737 3874 1200 3945 Religiosissimus
1244 3892 1377 3931 vero
1411 3879 1610 3947 Deique
1658 3875 2061 3930 amantissimus
2123 3876 2420 3942 imperator
2477 3875 2848 3943 septennalem
2890 3873 3151 3928 circulum
3189 3873 3303 3943 jam
3348 3885 3627 3934 enitensus,
3689 3884 3785 3922 no-

519 3985 650 4025 num
681 3970 893 4040 imperii
919 3986 1119 4025 annum
1154 3972 1321 4042 degit,
1343 3986 1448 4040 quo
1477 3985 1575 4025 nos
1601 3969 1738 4024 festa
1764 3966 2093 4024 celebraturi
2128 3981 2334 4020 sumus.
2376 3984 2394 4016 ι

1077 4065 1307 4121 CAPUT
1337 4064 1524 4121 XXIV.

871 4157 946 4212 De
975 4156 1174 4228 Nepote
1202 4167 1249 4212 et
1289 4160 1405 4227 ejus
1438 4157 1736 4211 schismate.

596 4310 674 4366 Ad
705 4311 819 4367 haec
847 4312 984 4367 duos
1000 4310 1166 4367 libros
1191 4310 1265 4365 De
1285 4310 1720 4379 promissionibus
1762 4311 2087 4378 composuit.

521 4402 747 4458 Causam
803 4403 1076 4459 scribendi
1109 4402 1338 4473 praebuit
1388 4398 1569 4469 Nepos
1598 4401 1842 4469 quidam,
1870 4401 2088 4471 episco-

513 4510 613 4565 pus
636 4494 884 4566 Egypti,
921 4495 1015 4564 qui
1074 4494 1465 4563 promissiones
1528 4492 1735 4548 sanctis
1781 4492 2091 4551 hominibus

514 4590 690 4643 factas
723 4590 774 4643 in
801 4588 1001 4645 divinis
1046 4584 1681 4651 voluminibus,Judaico
1730 4599 1893 4641 sensu
1937 4586 2093 4640 exbi-

511 4681 721 4738 beudas
754 4682 1005 4742 docebat,
1031 4690 1087 4734 et
1113 4682 1298 4737 nescio
1339 4683 1483 4750 quod
1512 4681 1659 4736 mille
1680 4695 1949 4734 annorum
1970 4693 2094 4748 Spa-

515 4774 648 4828 tium
693 4774 1072 4842 corporalibus
1107 4773 1363 4828 refertum
1417 4771 1631 4827 deliciis
1690 4771 1744 4825 in
1793 4771 1897 4826 hac
1946 4779 2091 4825 terra

512 4862 628 4919 fore
682 4866 841 4936 271
884 4865 1217 4923 al'lirmabat.
1252 4865 1496 4935 Cumque
1543 4879 1613 4921 ex
1659 4862 1893 4920 Joannis
1925 4862 2095 4917 Reveo

513 4955 712 5018 latione
768 4961 1077 5031 opinionem
1132 4976 1288 5016 suam
1344 4958 1592 5013 stabilire
1630 4970 1691 5013 se
1719 4970 1879 5027 posse
1899 4954 2092 5011 existi-

2699 4062 3097 4115 ΚΕΦΑΛΛΙΟΝ
3135 4062 3261 4114 KA'.

2271 4152 2406 4219 Περὶ
2440 4150 2725 4293 Νέπωτος(
2731 4152 2844 4275 1ξιιιὶ
2866 4151 3126 4275 Ἔῦὲιαί
3151 4149 3341 4290 αὲϋῦὁν
3366 4150 3716 4219 σχίσματος

2438 4252 2441 4255 ·
2778 4239 2845 4278 lc.
2934 4262 2949 4276 .
3030 4261 3045 4278 ο
3074 4235 3148 4284 Vl,
3275 4257 3291 4275 σ

2438 4252 2441 4255 ·
2706 4235 2845 4284 (me.
2876 4235 2949 4276 Π.
2980 4235 3045 4278 15.
3074 4235 3148 4284 Vl,
3177 4235 3291 4284 '21).

2277 4313 2399 4368 Ἐπὶ
2425 4313 2632 4377 τούτοις
2662 4312 2831 4366 ἅπασι
2860 4308 3217 4376 σπουδάζεται
3246 4309 3394 4381 αὐτῷ
3425 4308 3518 4364 καὶ
3544 4306 3625 4362 τὰ
3651 4304 3797 4373 Περὶ

2196 4404 2564 4476 ἐπαγγελιῶν
2608 4403 2703 4459 δύο
2731 4404 3156 4476 συγγράμματα.
3188 4404 3255 4456 Ἠ
3277 4402 3320 4454 δ’
3346 4400 3612 4463 ὑπόθεσις
3643 4394 3805 4466 αὐτῷ

2198 4498 2395 4560 Νέπως
2420 4492 2487 4567 ἦν
2517 4496 2814 4559 ἐπίσκοπος
2842 4496 2949 4549 τῶν
2974 4497 3095 4549 κατ’
3118 4495 3417 4563 Αἴγυπτον,
3471 4487 3803 4545 Ἰουδαῖκώ·

2197 4606 2353 4660 τερον
2392 4589 2491 4652 τὰς
2536 4587 2953 4661 ἐπηγγελμένας
3000 4590 3111 4651 τοῖς
3157 4586 3337 4655 ἁγίοις
3375 4588 3433 4638 ὲν
3458 4587 3590 4648 ταῖς
3617 4582 3809 4643 θείαις

2199 4682 2441 4753 Γραφαῖς
2487 4680 2816 4750 ἐπαγγελίας
2856 4678 3286 4748 ἀποδοθήσεσθαι
3340 4677 3659 4741 διδάσκων,
3713 4672 3812 4725 καί

2197 4790 2317 4827 τινα
2347 4773 2561 4844 χιλιάδα
2586 4773 2724 4826 ἐτῶν
2757 4771 2970 4843 τρυφῆς
3002 4770 3321 4841 σωματικῆς
3351 4769 3440 4822 ἐπὶ
3462 4769 3571 4844 τῆς
3628 4764 3821 4836 ξηρᾶς

2197 4790 2317 4827 τινα
2347 4773 2561 4844 χιλιάδα
2586 4773 2724 4826 ἐτῶν
2757 4771 2970 4843 τρυφῆς
3002 4770 3321 4841 σωματικῆς
3351 4769 3440 4822 ἐπὶ
3628 4769 3821 4836 ξηρᾶς

2196 4863 2396 4934 ταύτης
2426 4862 2642 4917 ἔσεσθαι
2686 4863 3092 4933 ὑποτιθέμενος.
3136 4860 3306 4925 Δόξας
3347 4769 3705 5147 γοῦνὲὲτος
3752 4858 3822 4908 ἐκ

2196 4954 2292 5025 τῆς
2346 4952 2764 5023 Ἀποκαλύψεως
2822 4951 3069 5007 Ἰωάννου
3131 4950 3230 5022 τὴν
3296 4949 3433 5002 ἰδίαν
3522 4945 3822 5018 patuisset

2266 5100 2376 5147 (88)
2410 5100 2873 5147 Ποοσπελάιγηρ.
2910 5100 3003 5147 Sic
3033 5100 3085 5147 in
3124 5098 3301 5147 tribus
3328 5105 3475 5147 nostr
3571 5094 3822 5147 codici-

2195 4954 2292 5025 τῆς
2346 4952 2764 5023 Ἀποκαλύψεως
2822 4951 3069 5007 Ἰωάννου
3131 4950 3230 5022 τὴν
3296 4949 3433 5002 ἰδίαν
3481 4945 3824 5025 [ipa-cuivs!»

586 5105 700 5187 (87)
766 5106 1044 5187 Ἐκσῖγοςχ
1063 5103 1339 5187 penei”.
1368 5106 1535 5187 [tecte
1562 5104 2089 5187 Cbr‘istopliorsonus

2202 5173 2209 5187 .
2266 5094 3829 5187 (δβλῃρρσπὲλάσαςτ,5ίὶἓη,,ἒτίέξυὲ-,Ἶίὲῗὶἕὲτῗάξξὶῗ

517 5172 849 5235 Macrianum
885 5179 971 5233 hic
1003 5172 1252 5243 'iutelligi
1301 5175 1706 5237 animadvertit,
1759 5172 1918 5238 cuius
1963 5187 2088 5240 pro-

510 5248 716 5303 ditione
751 5247 1075 5303 Valerianus
1109 5249 1161 5301 in
1194 5248 1483 5300 Persarum
1545 5251 1867 5313 potestatem
1916 5243 2084 5313 venit.

516 5318 862 5373 Valerianum
895 5328 1046 5372 certe
1077 5319 1273 5372 ducum
1303 5311 1614 5386 proditione
1665 5313 1901 5386 in__i_llam
1933 5311 2086 5386 cala-

514 5392 764 5443 mitatem
802 5387 1080 5454 incidisse,
1109 5380 1382 5441 testant'ur
1408 5384 1668 5439 Aurelius
1716 5382 1924 5454 Victor,
1948 5380 2086 5454 Syn-

506 5459 680 5514 cellus
723 5468 778 5512 et
810 5457 923 5510 alii.
954 5451 1123 5512 Porro
1162 5458 1281 5512 haec
1309 5454 1567 5525 Dionysii
1599 5454 1761 5525 verba
1807 5451 2087 5525 iungenda

505 5538 629 5582 sunt
665 5543 789 5583 cum
826 5528 934 5581 illis
965 5543 1085 5596 qua:
1115 5541 1279 5596 supra
1316 5522 1504 5580 retulit
1532 5522 1799 5596 Eusebius
1827 5524 1879 5575 in
1906 5536 2028 5596 cap.
2056 5537 2087 5573 χ

508 5599 665 5665 hujus
700 5598 845 5652 libri.
882 5589 1023 5651 Sunt
1046 5589 1198 5652 enim
1227 5610 1291 5651 ex
1324 5597 1517 5650 eadem
1553 5593 1799 5665 Dionysii
1854 5589 1921 5643 ad
1952 5589 2090 5665 lier-

508 5661 874 5722 nnimmonem
910 5667 1173 5736 Epistola.
1205 5668 1284 5720 Ac
1319 5680 1387 5720 ne
1418 5679 1583 5736 unum
1615 5661 1835 5731 quidem
1864 5661 2087 5736 verbum

508 5742 650 5791 inter
689 5738 806 5791 haec
839 5729 1280 5805 duo-fragmenta
1344 5729 1992 5805 interjectunterat._Sed
2030 5731 2086 5805 in

506 5822 627 5873 cap.
670 5807 882 5878 libujus
940 5799 1092 5875 libri;
1138 5799 1501 5878 fragmentum
1549 5801 1791 5872 ejusdem
1840 5799 2091 5873 Epistulae

514 5877 676 5934 ille“
710 5877 993 5933 Eusebius.

2196 5162 2297 5225 bus
2324 5162 2520 5239 legitur
2547 5172 2743 5239 quibus
2774 5162 3046 5224 consentit
3073 5167 3667 5239 etiattrLVicepliorps.
3702 5162 3833 5217 Nec

2197 5233 2402 5295 dubito’
2432 5233 2580 5308 quin'
2623 5240 2970 5294 scribendum
3018 5238 3181 5293 etiam
3214 5237 3285 5290 sit
3310 5233 3639 5308 προσστρς,
3680 5249 3826 5287 cum

2198 5310 2396 5379 duplici
2438 5304 2628 5376 sigma.
2676 5309 3037 5379 scribendum
3085 5322 3302 5379 quoque
3339 5304 3420 5379 est
3446 5306 3477 5379 _6
3508 5304 3833 5374 Μακριά-

2195 5374 2305 5442 νός,
2340 5389 2395 5432 ttt
2423 5374 2617 5447 legitur
2646 5380 2698 5432 itt
2733 5378 2846 5431 Mal
2881 5418 2896 5442 ,
2930 5376 3070 5432 Med.
3100 5391 3166 5447 ac
3191 5374 3326 5430 Fttk.
3360 5374 3577 5428 Idcirco
3611 5386 3843 5447 autem

2200 5443 2498 5519 Dionysius
2519 5450 2584 5501 de
2608 5447 2866 5519 Macriani
2898 5447 3126 5516 imperio
3157 5445 3414 5519 loquitur.
3447 5443 3629 5519 quod
3688 5457 3845 5496 eum

2200 5512 2588 5587 imperatorem
2623 5516 2891 5588 {Egyptus
2925 5512 3048 5570 cum
3080 5512 3333 5572 universo
3372 5512 3627 5588 Qriente
3665 5526 3853 5588 jus-

2200 5582 2440 5658 ceperat.
2478 5588 2641 5642 Docet
2673 5582 2998 5658 iil'vetustus
3032 5601 3287 5641 nummus
3315 5600 3344 5639 a
3377 5583 3619 5658 Joanqe
3664 5582 3858 5658 Tris-

2202 5652 2327 5713 lano
2363 5657 2421 5713 V.
2449 5659 2510 5712 C.
2552 5658 2754 5716 editus.
2814 5657 2863 5709 in
2901 5657 3056 5724 cujus
3084 5660 3309 5709 adversa
3341 5652 3721 5724 parte_l}::e_c_
3744 5653 3858 5724 ξιξ·

2201 5729 2359 5783 betur
2387 5729 2668 5795 inscriptio
2697 5746 2709 5780 :
2738 5719 2985 5781 ATTJC
3011 5726 3085 5779 M.
3111 5725 3313 5781 ΦΟΥΛ.
3344 5719 3846 5782 ΜᾹΚΡΙΑΝΟΣ

2204 5798 2259 5853 In
2289 5799 2458 5854 altera
2488 5809 2641 5868 parte
2670 5796 3164 5855 ΑΛΕΞΑΝΔΡΕΙΑ.
