3876 6506
543 327 647 384 695

1248 326 1516 386 EUSEBII
1551 328 2021 389 CESARIENSIS
2051 332 2204 391 OPP.
2244 332 2425 391 PARS
2459 334 2503 390 Ι.
2541 362 2611 374 -
2646 330 3039 392 HISTORICA.

3655 331 3734 395 696

539 445 762 515 gatione
790 453 845 502 et
869 445 1260 503 assimilatione
1290 448 1494 504 sentire
1539 448 1853 519 patiantur;
1900 452 1995 507 sed
2027 453 2082 507 le

2209 453 2429 519 Τούτοις
2476 452 2593 525 μεθ’
2635 452 2799 524 ἐτερα
2839 449 3088 522 ἐπιφέρει
3129 447 3337 518 λέγων’
3382 466 3403 500 ι
3447 447 3537 502 Ἐν
3562 447 3738 520 μὶνοῦυ

539 538 624 591 via
650 538 893 606 quaedam
951 554 1014 595 ac
1047 539 1312 601 mortalia,
1350 551 1405 595 et
1436 540 1620 611 qualia
1680 557 1823 597 nunc
1858 544 2082 601 homine

2206 546 2284 618 τῷ
2324 545 2662 619 Ἀρσενοείτῃ
2691 544 2802 615 (94)
2835 544 3144 615 γενόμενος,
3175 541 3302 595 ἔνθα
3326 580 3341 604 ,
3367 540 3445 605 ὡς
3473 537 3626 605 οἶδας,
3653 544 3737 615 πρὸ

538 649 764 699 sperare
809 636 984 690 solent
1038 635 1090 689 in
1118 649 1285 707 regno
1310 635 1401 691 Dei
1423 637 1667 706 cogitare
1692 638 1960 706 jubeant;
2010 656 2105 695 ne-

536 738 693 779 cesse
752 734 837 796 est
881 734 941 778 ut
994 723 1251 780 adversus
1312 727 1537 782 fratrem
1604 743 1785 782 meum
1842 728 2101 799 Nepotem

534 815 693 882 quasi
716 822 1060 884 praesentem,
1087 815 1503 885 disputationem
1565 818 1868 873 instituam.
1908 839 1928 872 ι
1964 820 2103 875 Pau-

532 904 613 957 cis
649 903 842 959 deinde
865 905 1336 975 interpositis,ha:c
1352 906 1659 980 subiungit:
1698 930 1715 961 ι
1738 910 1873 966 Cum
1898 926 2097 974 essem.

531 993 731 1066 inquit,
786 996 840 1051 in
877 996 1199 1052 Arsinoitica
1243 998 1587 1068 praefectura.
1641 1001 1694 1055 in
1727 1016 1831 1071 qua
1869 1001 2098 1072 jampri—

529 1086 673 1154 dem,
717 1099 776 1141 ut
820 1088 987 1154 nosti,
1022 1088 1184 1159 272
1240 1090 1544 1146 increbruit
1590 1091 1707 1148 haec
1738 1092 1941 1163 opinio,
1967 1098 2098 1148 adeo

526 1190 588 1235 ut
639 1180 930 1237 schismata
980 1189 1034 1235 et
1063 1181 1393 1248 integrarum
1438 1181 1805 1239 Ecclesiarum
1835 1185 2094 1241 defectio-

524 1286 625 1327 nes
675 1270 888 1338 tierent;
932 1272 1247 1327 convocatis
1298 1274 1629 1345 presbyteris
1660 1291 1725 1330 ac
1779 1277 2096 1333 doctoribus

525 1366 617 1434 qui
646 1379 741 1435 per
772 1364 1018 1435 singulos
1047 1365 1200 1421 vicos
1238 1364 1501 1421 fratribus
1528 1368 1921 1439 praedicabant,
1953 1387 2095 1442 prte-

525 1455 772 1511 seutibus
800 1456 928 1510 item
969 1454 1231 1510 fratribus
1274 1456 1366 1526 qui
1395 1457 1587 1511 adesse
1625 1458 1929 1527 voluerant,
1962 1460 2092 1516 bor-

523 1554 671 1601 tatus
720 1562 837 1602 sum
888 1545 1012 1603 illos
1049 1555 1109 1600 ut
1150 1560 1214 1600 ea
1245 1547 1490 1602 doctrina
1541 1548 1718 1617 palam
1753 1549 1805 1603 in
1833 1551 2091 1607 concione

522 1636 951 1692 examinaretur.
988 1633 1232 1705 Cumque
1266 1636 1409 1692 hunc
1462 1636 1660 1692 librum
1691 1649 1946 1710 tanquam
1974 1657 2091 1698 scu-

523 1739 636 1783 tum
661 1729 932 1798 quoddam
960 1743 1283 1799 murumque
1323 1729 1796 1799 inexpugnabilem
1833 1733 1963 1789 mihi
1991 1751 2087 1805 op-

2206 635 2400 690 πολλοῦ
2423 634 2581 689 τοῦτο
2604 631 2904 697 ἐπεπόλαζε
2934 633 2996 685 τὸ
3024 631 3201 703 δόγμα
3231 629 3365 701 (95),
3398 630 3476 694 ὡς
3518 630 3607 683 καὶ
3643 634 3737 703 σχε-

2205 746 2388 801 σματα
2436 728 2529 782 καὶ
2576 725 2911 789 ἀποστασίας
2935 725 3072 779 ὅλων
3114 720 3452 793 Ἐκκλησιῶν
3475 721 3736 791 γεγονέναι,

2204 818 2542 889 συγκαλέσας
2566 820 2694 882 τοὺς
2731 815 3130 889 πρεσϐυτέρους
3167 814 3265 874 καὶ⁹
3293 811 3634 878 διδασκάλους
3652 814 3738 869 τῶν

2201 915 2259 966 ἐν
2291 913 2412 974 ταῖς
2455 908 2669 982 κώμαις
2700 908 2945 978 ἀδελφῶν
2964 948 2979 972 ,
3009 907 3291 980 παρόντων
3318 906 3413 960 καὶ
3444 905 3553 961 τῶν
3584 899 3737 975 βουλο-

2203 1003 2377 1073 μένων
2398 1000 2663 1071 ἀδελφῶν,
2677 1000 2741 1072 δη
2750 1001 2911 1072 μοσία
2931 999 3031 1071 τὴν
3056 998 3301 1066 ἐξέτασιν
3324 996 3641 1068 ποιήσασθαι
3660 998 3738 1052 τού

2199 1095 2356 1163 λόγου
2390 1092 2829 1166 προετρεψάμην.
2854 1093 2964 1146 Κα)⁵
2993 1089 3153 1145 τοῦτό
3179 1108 3269 1163 μοι
3304 1088 3742 1160 προσαγόντωντὺ

2198 1186 2400 1257 βιϐλίον
2440 1186 2515 1249 ῶς
2548 1204 2599 1239 τι
2635 1185 2799 1239 ὅπλον
2827 1186 2919 1239 καὶ
2945 1185 3123 1255 τεῖχος
3183 1183 3603 1255 ἀκαταμάχητον
3628 1180 3738 1252 (96).

2198 1275 2587 1345 συγκαθεσθεὶς
2611 1275 2793 1338 αὐτοῖς
2813 1273 2978 1347 τριῶν
3000 1273 3128 1343 ἑξῆς
3149 1272 3372 1345 ἡμερῶν
3394 1271 3453 1338 ἐξ
3474 1270 3552 1324 ἐω
3577 1271 3740 1341 μέχρις

2196 1371 2453 1441 ἑσπέρας,
2476 1368 2767 1422 διευθύνειν
2787 1366 3081 1439 ἐπειράθην
3102 1366 3171 1419 τὰ
3197 1365 3573 1437 γεγραμμένα.
3597 1363 3738 1416 Ἔνθα

2194 1462 2288 1515 κα)⁵
2316 1461 2378 1514 τὸ
2408 1460 2664 1523 εὐσταθὲς
2695 1460 2791 1513 καὶ¹
2821 1458 2882 1512 τὸ
2913 1457 3223 1528 φιλάληθες,
3251 1457 3343 1509 καὶ
3367 1455 3431 1508 τὸ
3459 1456 3740 1525 εὐπαρακο-

2192 1553 2449 1624 λούθητον
2471 1552 2581 1624 (97)
2599 1552 2694 1607 καὶ
2719 1551 2934 1606 συνετὸν
2962 1548 3351 1622 ὑπερηγάσθην
3372 1546 3479 1602 τῶν
3504 1546 3739 1616 ἀδελφῶν,

2190 1644 2266 1708 ὡς
2296 1645 2353 1698 ἐν
2398 1643 2547 1707 τάξει
2580 1645 2672 1697 καὶ
2709 1644 2825 1714 μετ’
2869 1642 3169 1705 ἐπιεικείας
3208 1641 3309 1704 τὰς
3351 1640 3639 1712 ἐρωτήσεις
3665 1640 3742 1691 καὶ

2188 1736 2288 1801 τὰς
2317 1738 2704 1809 ἐπαπορήσεις,
2723 1736 2817 1790 καὶ
2846 1734 2943 1800 τὰς
2969 1733 3391 1803 συγκαταθέσεις
3419 1730 3738 1801 ἐποιούμεθα.

519 1820 850 1891 posuissent,
878 1830 991 1877 tres
1016 1821 1302 1877 continuos
1353 1822 1467 1877 dies
1494 1837 1522 1875 a
1552 1823 1728 1892 prima
1778 1824 1898 1881 luce
1921 1842 2082 1899 usque

2191 1829 2252 1882 τὸ
2286 1830 2384 1899 μὲν
2418 1831 2482 1882 ἐκ
2514 1828 2713 1891 παντὸς
2751 1829 2953 1900 τρόπου
2988 1828 3082 1881 καὶ
3125 1824 3444 1895 φιλονείκως
3484 1822 3588 1877 τῶν
3617 1822 3742 1886 ἅπαξ

519 1913 588 1966 ad
620 1926 904 1982 vesperam
946 1926 1069 1966 cum
1105 1911 1234 1982 ipsis
1264 1911 1479 1979 sedens,
1534 1926 1869 1985 quaecunque
1920 1916 1974 1970 in
2026 1932 2091 1971 eo

517 2002 659 2057 libro
679 2003 884 2072 scripta
916 2011 1094 2069 erant,
1146 2003 1425 2059 discutere
1465 2018 1752 2073 aggressus
1786 2023 1928 2063 sum.
1951 2007 2088 2064 Tum

516 2108 651 2158 vero
706 2095 935 2150 fratrum
971 2095 1361 2162 constantiam,
1424 2104 1479 2150 et
1526 2095 1967 2172 ardentissimum
1996 2116 2088 2156 co-

517 2189 841 2260 gnoscenda:
885 2191 1137 2246 veritatis
1169 2192 1427 2257 studium,
1485 2203 1541 2248 et
1564 2194 1896 2251 docilitatem
1927 2206 2088 2267 atque

514 2280 926 2352 intelligentiam
979 2298 1305 2354 tnagnOpere
1376 2299 1493 2340 sum
1567 2288 1886 2343 admiratus.
1938 2290 2086 2346 Adeo

516 2375 800 2429 moderate
864 2384 919 2430 et
972 2377 1165 2432 ordine
1220 2376 1677 2448 interrogationes
1736 2380 2085 2453 rationesque

516 2467 821 2534 dubitandi,
874 2476 930 2523 et
973 2469 1319 2526 assensiones
1349 2486 1378 2525 a
1407 2471 1563 2526 nobis
1615 2470 1835 2525 ﬁebant.
1866 2471 1945 2527 Ac
1966 2485 2082 2528 stu-

513 2561 667 2616 diose
691 2560 907 2630 quidem
968 2561 1311 2627 cavebamus,
1368 2577 1434 2617 ue
1465 2577 1527 2618 ea
1558 2578 1677 2631 qua:
1731 2562 1892 2619 semel
1928 2567 2083 2621 nobis

511 2649 865 2720 placuissent,
909 2651 1124 2707 tametsi
1159 2652 1292 2707 falsa
1348 2666 1471 2709 esse
1525 2655 2079 2722 deprehenderentur,

510 2741 872 2810 pertinaciter
888 2741 1303 2800 deleuderemus
1332 2761 1349 2798 :
1388 2758 1487 2800 nec
1540 2742 1772 2799 aliorum
1804 2743 2076 2812 objectio-

508 2849 607 2889 nes
638 2833 1186 2906 subterfugiebamus.
1230 2835 1338 2893 Sed
1360 2835 1533 2907 quoad
1574 2834 1690 2890 ﬁeri
1732 2845 1959 2906 poterat,
2011 2837 2078 2891 ad

508 2942 571 2979 ca
604 2927 671 2982 de
715 2927 913 2998 quibus
954 2927 1195 2983 inStituta
1227 2937 1345 2984 erat
1380 2928 1676 2999 disputatio
1722 2929 1876 2996 eniti,
1907 2944 2077 3000 eaque

505 3017 751 3074 stabilire
814 3019 1185 3076 conabamur:
1234 3019 1318 3074 sin
1360 3029 1541 3074 autem
1600 3021 1905 3077 rationibus
1947 3036 2076 3077 cou-

507 3111 631 3167 victi
663 3127 929 3180 essemus,
953 3128 1060 3169 non
1090 3113 1323 3182 pudebat
1356 3128 1455 3168 nos
1488 3122 1701 3169 mutare
1724 3114 2070 3183 sententiam,

2190 1920 2455 1986 δοξάντων
2511 1921 2888 1993 περιέχεσθαι,
2932 1921 2985 1973 εἰ
3023 1918 3117 1975 καὶ
3166 1917 3240 1989 μὴ
3278 1916 3548 1988 φαίνοιντο
3589 1914 3741 1989 ὀρθῶς

2192 2012 2404 2083 ἔχοντα,
2423 2014 2913 2084 παραιτησάμενοι,
2936 2012 3071 2084 μήτε
3100 2010 3157 2064 δέ
3179 2010 3279 2073 τὰς
3306 2008 3609 2076 ἀντιλογίας
3629 2007 3742 2060 timo-

2191 2103 2552 2175 στελλόμενοι,
2596 2102 2710 2157 ἀλλ’
2740 2104 2797 2166 ἐς
2841 2103 2963 2155 ὅσον
3003 2098 3112 2155 οἷόν
3142 2118 3203 2155 τε
3247 2099 3359 2153 τῶν
3387 2097 3741 2170 προκειμένων

2188 2193 2528 2248 ἐπιϐατεύειν
2547 2192 2656 2265 (98)
2675 2193 2767 2247 καὶ
2786 2191 3074 2265 κρατύνειν
3095 2190 3235 2245 αύτά
3254 2190 3600 2261 πειρώμενοι,
3624 2187 3743 2257 μήτε

2186 2287 2235 2339 εξ
2286 2285 2444 2355 λόγος
2472 2288 2636 2358 αἱρεῖ,
2674 2283 3095 2357 μεταπείθεσθαι
3128 2284 3223 2336 καὶ
3266 2281 3639 2352 συνομολογεῖν
3671 2280 3744 2332 αξ-

2183 2377 2455 2449 δούμενοι,
2498 2377 2615 2431 ἀλλ’
2665 2376 3056 2447 εύσυνειδήτως
3095 2375 3191 2428 καὶ
3230 2372 3622 2444 ἀνυποκρίτως,
3664 2368 3744 2421 καὶ

2182 2472 2304 2534 ταῖς
2348 2468 2597 2541 καρδίαις
2642 2468 2780 2539 πρὸς
2816 2468 2908 2521 τὸν
2951 2467 3083 2520 Θεὸν
3123 2465 3474 2537 ήπλωμέναις
3518 2463 3658 2529 (99),
3683 2459 3745 2512 τὰ

2181 2564 2302 2625 ταῖς
2339 2560 2641 2627 ἀποδείξεσι
2671 2560 2764 2613 καὶ
2807 2558 3173 2623 διδασκαλίαις
3201 2558 3311 2612 τῶν
3336 2557 3506 2626 ἀγιων
3531 2552 3742 2625 Γραφῶν

2183 2652 2610 2722 συνιστανόμενα
2638 2651 3077 2723 καταδεχόμενοι.
3113 2651 3224 2704 Καὶ
3246 2650 3401 2714 τέλος
3422 2650 3451 2702 ὅ
3473 2665 3532 2702 τε
3558 2647 3655 2717 τῆς
3676 2645 3744 2698 δι-

2178 2743 2346 2815 δαχῆς
2378 2743 2581 2814 ταύτης
2615 2743 2856 2814 ἀρχηγὸς
2902 2745 2995 2797 κα),
3037 2743 3333 2813 εἰσηγητὴς
3374 2745 3404 2795 ό
3432 2739 3742 2809 καλούμενος

2178 2836 2486 2908 Κορακίων,
2510 2835 2566 2888 ἐν
2594 2835 2814 2907 ἐπηκόῳ
2844 2835 3060 2889 πάντων
3079 2834 3187 2888 τῶν
3218 2834 3500 2905 παρόντων
3521 2826 3745 2898 ἀδελφῶν

2177 2926 2491 2997 ὡμολόγησε
2510 2928 2602 2980 καὶ
2620 2925 3011 2998 διεμαρτύρατο
3032 2927 3183 2998 ἡμῖν,
3205 2922 3580 2997 μηκέτιτούτῳ
3595 2933 3746 2992 προσ-

2179 3017 2351 3083 έξειν,
2391 3017 2524 3090 μηδέ
2551 3016 2889 3083 διαλέξασθαι
2928 3016 3056 3089 περὶ
3100 3016 3313 3078 τούτου,
3371 3014 3503 3087 μηδὲ
3550 3009 3747 3083 μεμνῆ-

2181 3110 2323 3174 σθαι,
2358 3109 2492 3182 μηδὲ
2516 3108 2744 3175 διδάξειν
2764 3148 2778 3171 ,
2805 3108 2881 3171 ὡς
2915 3106 3114 3171 ἱκανῶς
3146 3106 3251 3160 ὑπὸ
3287 3104 3396 3159 τῶν
3423 3099 3745 3171 ἀντιλεχθέν-

505 3213 560 3259 et
612 3202 737 3261 aliis
781 3206 1054 3261 assentiri.
1102 3204 1243 3274 Quin
1293 3206 1468 3275 potius
1539 3220 1660 3260 cum
1729 3208 1864 3261 bona
1908 3206 2075 3261 animi

2189 3219 2289 3256 των
2322 3201 2596 3273 ᾑρημένος
2616 3216 2629 3231 ο
2670 3199 2779 3254 τῶν
2818 3216 2876 3253 τε
2914 3198 3090 3253 ἄλλων
3123 3195 3368 3267 ἀδελφῶν
3409 3197 3457 3249 oi
3495 3191 3746 3265 παρόντες

505 3294 866 3363 conscientia,
900 3296 1104 3367 absque
1138 3296 1241 3350 ulla
1294 3294 1665 3362 simulatione,
1697 3298 1952 3367 expansis
2003 3297 2070 3351 ad

2189 3292 2398 3364 ἔχαιρον
2430 3291 2521 3345 ἐπὶ
2561 3293 2626 3363 τῇ
2660 3288 2960 3360 κοινολογίᾳ
2992 3288 3087 3342 καὶ
3123 3290 3189 3359 τῇ
3221 3287 3360 3359 πρὸς
3390 3285 3595 3346 πᾶιντας
3623 3296 3739 3347 συγ-

506 3385 675 3440 Deum
707 3387 985 3454 cordibus,
1007 3402 1344 3459 quascunque
1392 3390 1716 3445 certissimis
1742 3387 2077 3459 argumentis

2189 3382 2481 3440 καταϐάσει
2513 3381 2590 3454 (1)
2616 3383 2711 3436 καὶ
2736 3380 3091 3436 ωνδιαθέσει.
3135 3399 3153 3432 ι
3512 3393 3536 3409 δ

506 3488 562 3534 et
596 3480 918 3535 auctoritate
957 3497 1125 3538 sacra:
1155 3479 1453 3550 Scriptura:
1483 3480 1806 3537 confirmata
1837 3490 2039 3543 essent,
2074 3474 2523 3544 suscipiebamus.
2559 3471 2799 3528 Tandem
2829 3472 3062 3542 denique
3086 3469 3336 3535 Coracio,
3362 3466 3453 3539 qui
3477 3464 3636 3533 hujus
3660 3459 3748 3514 do-

506 3575 698 3630 ctrinae
753 3584 947 3629 auctor
993 3582 1048 3629 et
1123 3575 1346 3645 signifer
1405 3573 1619 3640 fuerat,
1659 3572 2005 3628 audientibus
2051 3569 2265 3627 cunctis
2293 3568 2384 3639 qui
2414 3568 2640 3621 aderant
2667 3564 2948 3632 fratribus,
2979 3563 3252 3635 pollicitus
3275 3562 3432 3616 nobis
3479 3569 3533 3616 et
3566 3562 3749 3613 conte-

508 3676 686 3723 status
706 3675 814 3732 est,
844 3681 902 3721 se
926 3668 1257 3737 inposterum
1286 3668 1423 3722 hanc
1448 3665 1758 3737 opinionem
1792 3664 2170 3734 amplexurum
2227 3678 2333 3718 non
2391 3675 2533 3731 esse,
2558 3675 2659 3715 nec
2709 3658 2777 3715 de
2811 3673 2873 3714 ea
2924 3656 3351 3727 disputaturum,
3399 3667 3499 3707 nec
3542 3650 3749 3737 loculu-

507 3774 657 3825 rum,
684 3774 785 3815 nec
814 3734 1010 3831 populo
1048 3759 1461 3831 prmdicaturum
1544 3756 1741 3827 quippe
1773 3756 1863 3826 qui
1895 3753 2225 3823 argumentis
2253 3752 2517 3824 oppositis
2536 3751 2672 3808 satis
2690 3762 2962 3821 superque
2989 3749 3275 3804 convictus
3300 3744 3511 3799 fuisset.
3538 3734 3747 3795 Fratri-

510 3854 611 3911 bus
631 3864 811 3911 autem
832 3854 924 3925 qui
949 3854 1200 3918 aderant,
1231 3853 1347 3907 haec
1369 3852 1660 3924 disputatio
1692 3862 1749 3908 et
1794 3849 2036 3906 omnium
2078 3849 2221 3905 inter
2244 3864 2303 3906 se
2331 3846 2701 3905 reconciliatio
2734 3856 2895 3916 atque
2943 3843 3230 3901 consensio
3263 3855 3371 3897 non
3424 3836 3747 3893 mediocrem

511 3948 693 4036 attulit
719 3948 1062 4019 voluptatem.
1092 3966 1111 3999 ι

1078 4040 1305 4099 CAPUT
1331 4041 1497 4099 XXV.

946 4132 1025 4188 De
1054 4132 1281 4188 Joannis
1305 4132 1643 4204 Apocalypsi.

575 4292 781 4353 Deinde
828 4292 1106 4365 aliquanto
1159 4302 1283 4364 post
1360 4293 1433 4349 de
1496 4290 1846 4349 Revelatione
1894 4288 2064 4345 Joan-

576 4480 687 4553 (96)
728 4482 825 4535 Ἐν
849 4480 968 4553 μὲν
986 4476 1100 4537 οὖν
1130 4481 1211 4549 τῷ
1252 4482 1650 4553 Ἀρσ-ενοείτῃ,
1691 4481 1885 4537 Mirum
1908 4491 1995 4539 est
2023 4483 2082 4539 in

502 4552 679 4608 tribus
731 4552 935 4607 nostris
979 4553 1257 4623 codicibus
1300 4565 1357 4608 et
1408 4554 1549 4623 apud
1600 4552 1964 4622 Nicephorum
2009 4569 2077 4610 ac

505 4623 859 4693 Ptolemaeum
892 4622 967 4693 ita
1005 4621 1132 4693 legi,
1158 4638 1280 4678 cum
1313 4621 1527 4678 constet
1553 4621 1902 4693 scribendum
1952 4638 2078 4679 esse

514 4691 880 4773 :Apatvoeim.
909 4691 1001 4748 Sic
1048 4691 1194 4748 enim
1221 4694 1365 4748 dicta
1394 4703 1482 4749 est
1506 4694 1623 4749 haec
1656 4692 1977 4764 praefectura
2007 4694 2076 4750 ab
2124 4693 2131 4701 '

501 4764 734 4817 Arsinoe
772 4764 982 4830 regina.

572 4830 685 4903 (95)
746 4832 1101 4894 Ἐπεπόλαζε
1141 4833 1207 4886 τὸ
1236 4832 1444 4903 δόγμα.
1469 4832 1684 4901 Langus
1712 4842 1768 4889 et
1800 4833 2076 4891 Masculus

501 4901 959 4970 interpretantur,
1002 4905 1234 4957 emersit.
1311 4901 1839 4967 Cttrist0phorsonus
1892 4913 2073 4959 autem

501 4972 670 5042 vertit
740 4972 937 5042 prodiit
972 4974 1026 5025 in
1067 4973 1256 5042 lucem.
1305 4972 1418 5042 Ego
1465 4986 1593 5025 vero
1643 4972 1809 5026 malui
1846 4981 2074 5036 vertere,

501 5040 822 5105 increbruit,
857 5055 964 5105 quo
1000 5057 1160 5095 sensu
1194 5040 1461 5098 Eusebius
1504 5043 1643 5097 hanc
1695 5056 1882 5097 vocem
1915 5057 2073 5096 usur-

498 5120 596 5180 pat
626 5110 680 5180 in
706 5125 824 5179 cap.
860 5110 930 5165 29
963 5111 1121 5179 hujus
1154 5110 1299 5166 libri.

573 5179 688 5251 (96)
739 5180 1248 5251 Ἂκᾳζαμάχητον.
1308 5179 1485 5251 Vulg"
1538 5182 1767 5251 ἄμαχον.
1827 5182 2072 5249 Scriptu-

500 5248 620 5307 ratn
651 5248 809 5307 codd.
856 5248 997 5306 Med.
1030 5248 1082 5305 et
1108 5252 1246 5305 Maz.
1282 5248 1603 5306 admisimus
1645 5248 1701 5304 ut
1741 5252 1899 5312 longe
1953 5248 2071 5305 rec.

505 5324 702 5376 tiorem
751 5338 767 5388 ;
830 5320 912 5374 sic
959 5323 1125 5377 etiam
1187 5322 1449 5377 scribitur
1507 5322 1565 5375 in
1608 5322 1767 5376 codd.
1828 5319 1965 5376 Fuit.
2015 5329 2072 5374 et

502 5392 675 5446 Savil.

573 5461 1364 5533 (97)E13:zapaxo.lod6qtor.
1432 5461 1690 5533 Feliciter
1753 5459 1889 5533 mihi
1941 5473 2069 5513 ver-

501 5530 634 5605 tisse
668 5530 859 5605 videor
894 5530 1243 5605 docilitatem.
1295 5532 1425 5605 Nam
1461 5530 1889 5605 παρακολουθεῖν
1941 5544 2069 5598 pro-

501 5603 626 5669 prie
651 5602 912 5656 dicuntur
939 5603 1239 5663 auditores.
1268 5603 1360 5671 qui
1389 5602 1613 5658 sensum
1663 5603 1951 5655 verborum
1980 5617 2069 5653 as-

505 5681 833 5743 sequuntur.
871 5671 1009 5727 Male
1042 5687 1175 5741 ergo
1215 5671 1486 5743 Musonius
1532 5683 1587 5728 et
1624 5671 2069 5743 Christophorso-

506 5757 609 5798 nus
633 5741 935 5811 obsequium
972 5742 1308 5811 interpretati
1334 5754 1479 5798 sunt.

2103 4201 2156 4263 υ

2686 4028 3081 4083 ΚΕΦᾹΛΑΙΟΝ
3117 4028 3247 4081 KE'.

2209 4124 2350 4195 Περὶ
2395 4121 2507 4193 τῆς
2550 4117 3330 4259 ἸωάννοιιιἉὲ-ἓοκὲύψεως
3361 4112 3499 4187 (Nic.
3530 4113 3609 4165 H.
3657 4105 3724 4163 E.

2242 4282 2358 4345 Εἶθ’
2391 4284 2518 4357 ἑξῆς
2541 4280 2749 4346 ὑποϐὰς
2780 4280 2909 4352 περὶ
2933 4279 3033 4351 τῆς
3056 4276 3473 4349 ’Δποκαλύψεως
3502 4274 3750 4330 Ἰωάννου

2258 4478 2389 4552 (98)-
2415 4476 2544 4532 Τῶν
2592 4470 2995 4552 προκειμένων
3023 4466 3429 4552 ἐπιϐατεύειν.
3446 4550 3457 4552 Α
3475 4463 3751 4552 Masculus

2180 4536 2574 4615 veititﬁnstare
2593 4536 2885 4618 proposito.
2926 4540 3099 4618 multo
3132 4539 3337 4594 rectius
3364 4536 3755 4618 quam-fibris-

2180 4605 2567 4691 tophorsonus,
2594 4605 2700 4686 qui
2720 4614 2879 4669 vertit
2904 4630 2919 4667 :
2954 4608 3034 4665 Ea
3054 4625 3173 4677 qua:
3200 4618 3351 4663 erant
3382 4605 3448 4660 ab
3472 4605 3603 4660 aliis
3630 4622 3754 4672 pro-

2176 4685 2373 4760 posita,
2414 4685 2641 4760 munire.

2247 4744 2373 4832 (99)
2411 4753 2833 4832 Ἠπλωμέναις.
2870 4751 2996 4832 Iulio.
3018 4762 3236 4832 quoque
3272 4746 3542 4832 Masculus
3576 4744 3757 4832 multo

2184 4817 2393 4887 rectius
2419 4817 2619 4898 vertit;
2659 4817 2823 4896 quam
2866 4817 3397 4898 Chrisiophorsonus
3427 4817 3754 4898 etjsangus.

2174 4900 2309 4955 Nam
2339 4888 2863 4962 Christophorsunus
2897 4888 3282 4962 vertitﬂpuris
3312 4905 3437 4958 erga
3476 4888 3759 4962 Dentatuac

2175 4954 2502 5033 simplicibus
2533 4954 2746 5018 animis.
2794 4965 2970 5028 Atque
3003 4954 3074 5013 ita
3111 4954 3229 5013 fere
3261 4954 3490 5033 Langus.
3528 4954 3761 5033 μελισ.

2172 5024 2360 5094 sculus
2402 5045 2549 5090 recte
2596 5024 2983 5094 interpretatus
3024 5036 3126 5094 est,
3179 5024 3423 5081 cordibus
3467 5028 3540 5079 ad
3580 5024 3759 5077 Deitas

2172 5100 2443 5175 expansis.
2499 5104 2604 5175 sed
2650 5114 2705 5156 et
2743 5094 2905 5163 longe
2942 5108 3069 5153 ante
3129 5096 3424 5175 Musonium
3483 5094 3758 5175 Ruﬁnus,

2176 5163 2328 5233 recte
2373 5177 2517 5231 hunc
2544 5174 2719 5227 locum
2766 5175 3120 5240 exposuerat,
3162 5167 3440 5237 patefactis
3488 5163 3760 5219 cordibus

2172 5247 2321 5388 Dea.)
2361 5311 2827 5388 Συγκαταόάσει.
2847 5306 2978 5388 .Hoc
3009 5308 3131 5388 loco_
3152 5305 3563 5388 cumtdﬁ‘agt';
3597 5317 3673 5372 po

2171 5370 2262 5441 tur‘
2293 5370 2401 5440 non
2433 5370 2530 5454 pro
2565 5380 2991 5454 dispensatione,
3036 5379 3132 5434 seti
3175 5370 3274 5447 pro
3305 5370 3668 5454 σύμϐιϐἀσει,
3703 5370 3762 5425 id

2170 5469 2279 5518 est,
2311 5446 2579 5517 unitione,
2608 5446 2667 5507 ut
2690 5453 2769 5506 sic
2803 5451 3006 5513 dicam,
3045 5459 3101 5503 et
3135 5446 3618 5518 reconciliatione,
3635 5454 3762 5518 sua

2170 5509 2304 5582 voce
2329 5525 2500 5579 utitur
2528 5509 3002 5595 Dionysius‘paulo
3020 5534 3209 5595 supra.
3250 5518 3344 5571 καὶ
3372 5509 3767 5595 συμϐιϐἀζοει-

2171 5615 2239 5652 σα
2268 5596 2394 5659 τοὺς
2442 5584 2989 5664 ἀντιδιατιθεμένους.
3020 5584 3217 5646 Eodem
3238 5602 3405 5664 sensu
3442 5584 3670 5664 Paulus
3706 5584 3766 5633 in

2174 5668 2346 5733 Epist.
2375 5657 2462 5717 ad
2505 5657 2802 5720 Colossens'.
2841 5676 2962 5732 cap.
3013 5676 3075 5729 tt,
3116 5657 3465 5733 συμϐιϐἀζειν
3503 5663 3572 5709 et
3609 5666 3766 5725 συμ-

2171 5736 2434 5809 ϐ.ϐασμόν
2462 5737 2617 5793 dixit.
