3876 6504
211 337 308 396 097

1192 321 1541 382 HISTORUE
1580 322 2140 381 ECCLESIASTICE
2179 322 2308 380 LIB.
2349 320 2464 379 VII.

3332 317 3435 380 698

207 452 364 513 ταῦτά
389 467 524 523 φησι
548 464 564 480 ο
601 467 621 500 ι
660 445 818 512 Τινὲς
849 444 946 517 μὲν
978 438 1074 499 οῦν
1100 443 1208 501 τῶν
1243 444 1350 515 πρὸ
1385 443 1540 516 ἡμῶν
1577 443 1748 516 seem

1877 443 1958 499 nis
2014 443 2089 497 ita
2172 443 2411 498 scribit:
2468 459 2487 492 ι
2548 437 2803 495 Nonnulli
2859 439 3076 510 quidem
3130 445 3202 497 ex
3241 438 3321 497 iis
3351 436 3447 513 qui

209 563 296 602 σαν
315 542 408 598 καὶ
434 538 808 596 ἀνεσκεύασαν
834 536 1008 607 πάντη
1033 535 1095 589 τὸ
1125 534 1350 606 βιϐλίον,
1386 533 1509 587 καθ’
1540 534 1770 587 ἕκαστον

206 635 479 707 κεφάλαιον
494 628 885 694 διευθύνοντες,
898 626 1173 696 ἀγνωστόν
1193 644 1252 680 τε
1274 625 1367 679 καὶ
1388 623 1770 692 ἀσυλλόγιστον

202 725 605 795 ἀποφαίνοντες·
638 717 926 791 ψεύδεσθαί
947 735 1006 771 τε
1029 716 1128 788 τὴν
1155 714 1484 787 ἐπιγραφήν.
1522 712 1767 767 Ἰωάννου

201 817 297 890 γὰρ
318 817 419 870 οὑκ
449 812 593 868 εἶναι
633 811 881 881 λέγουσιν
907 826 920 841 ·
951 807 1067 863 ἀλλ’
1094 806 1203 862 οὐδ’
1235 803 1576 875 ἀποκάλυψιν
1608 797 1765 869 εἶναι,

198 909 285 980 τὴν
314 902 529 976 σφοδρῷ
550 902 649 956 καὶ
681 902 846 971 παχεῖ
866 898 1287 971 κεκαλυμμένην
1310 895 1389 967 τῷ
1416 897 1515 968 τῆς
1547 893 1768 964 ἀγνοίας

200 996 646 1070 παραπετάσματι
678 992 776 1064 (2)·
796 992 891 1047 καὶ
916 991 1014 1063 οὑχ
1042 992 1191 1055 ὅπως
1214 989 1323 1045 τῶν
1355 987 1666 1042 ἀποστόλων
1689 1007 1768 1042 τι-

200 1091 277 1156 νὰ,
306 1089 418 1144 ἀλλ’
448 1087 560 1141 οὐδ’
588 1086 728 1150 ὅλως
754 1084 861 1137 τῶν
882 1083 1053 1153 ἁγίων
1078 1083 1112 1155 ἢ
1142 1082 1250 1135 τῶν
1281 1080 1388 1135 ἀπὸ
1412 1081 1513 1151 τῆς
1540 1079 1767 1153 Ἐκκληο

202 1184 306 1246 σίας
342 1182 529 1236 τούτου
578 1177 860 1249 γεγονέναι
905 1175 1133 1248 ποιητὴν
1164 1174 1267 1248 τοῦ
1312 1175 1761 1247 συγγράμματος.

200 1272 450 1346 Κήρινθον
494 1271 553 1326 δὲ
584 1271 678 1325 τὸν
721 1271 817 1324 καὶ
857 1270 955 1323 ἀπ’
994 1268 1202 1325 ἐκείνου
1235 1266 1526 1338 κληθεῖσαν
1556 1267 1764 1338 Κηριν-

197 1365 368 1436 θιανὴν
392 1364 805 1434 συστησάμενον
834 1361 1066 1432 αἵρεσιν,
1091 1358 1401 1424 ἀξιόπιστον
1434 1359 1765 1430 ἐπιφημίσαι

199 1456 477 1528 θελήσαντα
500 1453 581 1525 τῷ
606 1451 801 1508 ἑαυτοῦ
827 1450 1104 1522 πλάσματι
1136 1450 1324 1522 ὄνομα.
1354 1449 1522 1503 Τοῦτο
1553 1448 1660 1522 γὰρ
1694 1443 1767 1502 εῖ-

196 1566 270 1602 ναι
290 1546 385 1618 τῆς
409 1546 758 1609 διδασκαλίας
784 1543 950 1598 αὑτοῦ
979 1543 1039 1597 τὸ
1065 1538 1263 1615 δόγμα,
1281 1542 1520 1612 ἐπίγειον
1545 1539 1763 1596 ἔσεσθαι

197 1635 279 1708 τὴν
302 1635 391 1690 τοῦ
415 1636 658 1708 Χριστοῦ
676 1635 969 1707 βασιλείαν,
993 1635 1086 1688 καὶ
1105 1628 1180 1687 ὧν
1195 1622 1765 1706 αὑτὸςὼρέγὲτοφιλο-

199 1726 424 1799 σώματος
455 1726 533 1781 ῶν
565 1729 659 1781 καὶ
684 1727 823 1781 πάνυ
844 1728 1119 1798 σαρκικὺς,
1155 1728 1213 1780 ὲν
1241 1727 1450 1791 τούτοις
1479 1729 1760 1799 ὀνειροπο-

1871 550 1971 590 nos
2017 542 2456 605 praecesserunt,
2511 533 2710 588 librum
2760 532 2906 587 hunc
2954 533 3308 602 repudiarunt
3354 548 3448 603 pe-

1870 626 2019 681 nitus
2098 640 2164 682 ac
2230 626 2571 690 refutarunt,
2643 626 2853 695 singula
2934 625 3052 695 ejus
3111 626 3288 696 capita
3357 641 3444 682 re-

1870 716 2163 782 fellentes,
2229 731 2464 787 eumque
2513 715 2718 787 absque
2773 716 2882 772 ullo
2938 732 3100 773 sensu
3161 726 3217 772 et
3278 716 3446 771 ratio-

1868 806 2142 864 cinatione
2203 809 2463 878 scriptum
2532 823 2653 865 esse
2740 818 3127 865 monstrantes.
3185 809 3266 864 Ad
3325 810 3441 865 haec

1870 898 2031 970 2'73
2067 898 2471 969 inscriptionem
2500 900 2622 954 libri
2660 899 2849 955 falsam
2874 916 2993 956 esse
3024 902 3230 956 dicunt.
3256 900 3441 970 Neque

1866 991 2009 1044 enim
2037 1001 2316 1046 auctorem
2348 992 2465 1061 ejus
2501 1005 2622 1047 esse
2651 991 2936 1046 Joannem.
2970 992 3075 1047 Sed
3104 1007 3277 1063 neque
3317 1007 3436 1046 eam

1870 1082 2277 1138 llevelationem
2310 1098 2451 1151 esse,
2486 1084 2685 1155 quippe
2715 1100 2835 1155 qua:
2871 1094 2976 1140 tam
3008 1098 3196 1139 crasso
3220 1094 3439 1152 tamque

1865 1185 2038 1241 epaco
2088 1172 2411 1240 ignorantiae
2462 1175 2695 1229 obducta
2747 1175 2819 1231 sit
2846 1175 2985 1231 velo.
3026 1174 3091 1228 Et
3136 1190 3242 1229 non
3278 1173 3439 1227 modo

1866 1255 2231 1326 apostolorum
2259 1259 2556 1324 neminem,
2582 1262 2677 1316 sed
2709 1277 2778 1318 ne
2804 1263 2971 1317 ullum
3006 1263 3222 1332 quidem
3245 1278 3275 1317 e
3310 1276 3442 1317 san-

1864 1349 1967 1402 ctis
1993 1358 2045 1402 et
2076 1349 2468 1406 ecclesiasticis
2515 1353 2648 1408 viris
2683 1352 2840 1422 hujus
2875 1354 3042 1408 libelli
3095 1353 3434 1410 conditorem

1863 1440 2031 1497 luisse
2070 1440 2364 1499 allirmant.
2390 1442 2710 1500 Cerinthum
2754 1447 2920 1513 enim,
2950 1448 3040 1516 qui
3086 1447 3321 1502 nomEnis
3352 1447 3435 1503 sui

1865 1542 2068 1587 sectam
2104 1533 2394 1603 conﬂavit,
2442 1551 2564 1593 cum
2607 1553 2814 1608 magna:
2866 1540 3206 1594 auctoritatis
3239 1556 3434 1596 nomen

1863 1626 1930 1677 ad
1960 1622 2263 1680 faciendam
2294 1626 2450 1694 fidem
2497 1630 2820 1683 commentis
2853 1630 2966 1684 suis
3005 1630 3166 1685 vellet
3196 1631 3440 1702 pratlige—

1865 1730 1942 1779 re,
1960 1714 2186 1772 Joannis
2213 1717 2423 1772 titulum
2450 1720 2597 1788 operi
2630 1718 2731 1774 suo
2758 1720 3038 1776 indidisse.
3062 1721 3273 1792 Quippe
3296 1723 3439 1776 hanc

195 1790 288 1870 λεῖν
301 1790 415 1890 (9'),
434 1816 679 1884 ἔσεσθαι,
698 1790 935 1889 γαστρὸς
958 1818 1050 1871 καὶ
1217 1818 1322 1871 ὑπὸ
1348 1790 1605 1889 γαστέρα.
1622 1817 1748 1890 πλη-

1861 1806 2103 1863 Cerinthi
2149 1809 2458 1879 Opinionem
2494 1808 2706 1875 fuisse,
2754 1826 2976 1881 regnum
3023 1790 3224 1867 Christi
3263 1822 3438 1865 terre-

198 1911 416 1980 σμοναῖς,
441 1909 694 1963 τουτέστι
713 1910 900 1975 σιτίοις
928 1910 1023 1963 καὶ
1051 1911 1255 1977 ποτοῖς,
1274 1909 1381 1964 καὶ
1402 1910 1630 1982 γάμοις,
1666 1911 1761 1965 καὶ

193 1999 250 2053 δι’
271 1993 339 2055 ὧν
371 2001 750 2074 εὐφημότερον
781 2001 955 2056 ταῦτα
991 2002 1144 2074 ᾠήθη
1175 2003 1510 2073 ποριεῖσθαι,
1547 2005 1760 2074 ἑορταῖς

193 2092 273 2144 καὶ
303 2092 531 2157 θυσίαις,
562 2093 659 2146 καὶ
693 2093 902 2165 ἱερείων
930 2097 1184 2164 σφαγαῖς.
1230 2092 1370 2162 Ἐγὼ
1396 2094 1453 2147 δὲ
1495 2093 1758 2164 ἀθετῆσαι

196 2182 283 2254 μὲν
308 2185 403 2237 οὐκ
432 2184 500 2238 ἂν
527 2183 864 2257 τολμήσαιμι
906 2185 967 2239 τὸ
1000 2185 1203 2256 βιϐλίον
1222 2227 1237 2251 ,
1271 2179 1480 2239 πολλῶν
1513 2186 1645 2240 αὑτὸ
1672 2185 1759 2241 sia

193 2276 407 2347 σπουδῆς
454 2277 692 2347 ἑχόντων
720 2277 995 2347 ἀδελφῶν,
1030 2277 1253 2348 μείζονα
1301 2277 1356 2330 δὲ
1397 2278 1495 2349 τῆς
1518 2274 1755 2348 ἐμαυτοῦ

192 2368 481 2440 φρονήσεως
504 2368 607 2441 τὴν
643 2368 911 2439 ὑπόληψιν
946 2368 1043 2441 τὴν
1072 2370 1202 2442 περὶ
1242 2370 1408 2424 αὑτοῦ
1438 2370 1752 2441 λαμϐάνων,

190 2460 555 2533 κεκρυμμένην
590 2455 732 2515 εἷναί
758 2478 879 2514 τινα
907 2462 1001 2514 καὶ
1027 2460 1477 2535 θαυμασιωτέραν
1506 2463 1604 2533 τὴν
1631 2461 1753 2516 καθ’

188 2550 391 2607 ἕκαστον
416 2553 648 2625 ἐκδοχὴν
670 2553 1058 2625 ὑπολαμϐάνω.
1079 2554 1187 2607 Καὶ
1207 2554 1315 2626 γὰρ
1340 2556 1387 2606 εἰ
1409 2555 1481 2627 μὴ
1508 2555 1751 2627 συνίημι,

187 2638 286 2692 ἀλλ’
328 2640 536 2694 ὑπονοῶ
567 2658 632 2711 γε
665 2641 788 2695 νοῦν
827 2659 947 2695 τινα
990 2642 1283 2714 βαθύτερον
1329 2645 1609 2713 ἐγκεῖσθαι
1642 2648 1753 2710 τοῖς

189 2732 421 2802 ῥήμασιν.
447 2733 564 2786 Οὑκ
584 2733 698 2806 ἰδίῳ
714 2733 886 2789 ταῦτα
911 2734 1124 2806 μετρῶν
1147 2736 1240 2789 καὶ
1263 2735 1463 2808 κρίνων
1484 2737 1750 2810 λογισμῷ,

188 2823 345 2879 πίστει
369 2826 426 2879 δὲ
454 2826 620 2881 πλέον
645 2827 858 2899 νέμων,
893 2828 1199 2901 ὑψηλότερα
1224 2831 1257 2901 ἢ
1289 2830 1379 2884 ὑπ’
1413 2830 1550 2901 ἐμοῦ
1578 2849 1747 2885 καταο

186 2913 429 2990 ληφθῆναι
471 2918 770 2990 νενόμικα·
812 2921 905 2974 καὶ
944 2921 1043 2974 οὑκ
1088 2922 1475 2992 ἀποδοκιμάζω
1504 2922 1680 2976 ταῦτα
1714 2922 1750 2977 ἃ

189 3008 255 3080 μὴ
278 3009 610 3083 συνεώρακα,
632 3012 898 3084 θαυμάζω
916 3014 972 3068 δὲ
997 3014 1201 3085 μᾶλλον
1216 3016 1296 3069 ὅτι
1320 3015 1394 3088 μὴ
1410 3017 1503 3070 καί⁵
1532 3012 1690 3069 εἶδον.
1722 3035 1742 3069 r

1862 1916 1988 1955 num
2032 1899 2270 1956 futurum
2307 1921 2320 1956 :
2357 1911 2413 1957 et
2459 1904 2512 1957 in
2562 1904 2629 1958 iis
2675 1905 2915 1958 maxime
2950 1904 3115 1960 rebus
3149 1920 3284 1974 quas
3321 1905 3438 1974 ipse

1859 1998 2046 2060 utpote
2104 1991 2364 2057 carnalis,
2392 2003 2448 2047 et
2494 1992 2860 2063 voluptatibus
2918 1994 3165 2063 corporis
3219 1993 3437 2049 deditus

1859 2084 2128 2154 praecipue
2153 2086 2606 2156 concupiscebat,
2643 2088 2915 2143 haesurum
2948 2105 2962 2142 :
3002 2087 3054 2141 in
3100 2088 3307 2142 ventris
3330 2089 3441 2142 sci-

1859 2175 1990 2231 licet
2024 2185 2082 2231 et
2118 2192 2305 2231 eorum
2338 2193 2464 2247 qua:
2491 2177 2593 2233 sub
2629 2190 2824 2232 ventre
2871 2188 3001 2232 sunt
3046 2180 3336 2247 satietate,
3383 2180 3437 2234 id

1858 2277 1961 2335 cst,
2002 2269 2054 2322 in
2091 2269 2227 2323 cibis
2259 2284 2324 2322 ac
2363 2269 2571 2338 poculis
2595 2310 2610 2336 ,
2650 2271 2701 2323 in
2740 2271 2946 2340 nuptiis
2971 2281 3024 2325 et
3055 2272 3107 2325 in
3143 2273 3208 2326 iis
3239 2272 3438 2342 quibus

1802 2394 1818 2404 .
1859 2357 1959 2412 ista
2011 2358 2287 2413 honestius
2320 2359 2500 2426 parari
2551 2374 2713 2429 posse
2746 2360 3135 2427 existimabat,
3173 2361 3327 2415 festis
3355 2362 3438 2415 ni-

1858 2451 2054 2504 mirum
2101 2462 2155 2505 et
2185 2453 2471 2506 sacriliciis
2502 2492 2519 2517 ,
2561 2462 2614 2505 et
2661 2453 2960 2507 hostiarum
2994 2457 3433 2513 mactationibus.

1859 2542 1970 2610 Ego
2000 2558 2126 2598 vero
2155 2545 2353 2597 librum
2383 2544 2533 2599 illum
2586 2547 2809 2614 rejiccre
2845 2547 3068 2601 omnino
3098 2563 3202 2603 non
3235 2548 3432 2611 ausim,

1854 2637 2160 2707 praesertim
2195 2651 2319 2692 cum
2369 2638 2524 2692 multi
2574 2654 2639 2694 ex
2675 2641 2935 2693 fratribus
2981 2657 3100 2691 cum
3137 2640 3313 2709 magni
3352 2639 3434 2693 fac

1854 2728 2019 2782 ciant.
2052 2727 2159 2781 Sed
2192 2727 2501 2798 hujusmodi
2535 2730 2601 2785 de
2643 2729 2738 2786 illo
2782 2732 3093 2799 opinionem
3121 2731 3434 2800 concipiens

1852 2819 2008 2888 quasi
2034 2835 2225 2874 sensus
2255 2819 2360 2874 mei
2395 2823 2612 2874 modum
2640 2824 2872 2877 excedat
2897 2862 2914 2889 ,
2948 2837 3206 2876 arcanam
3236 2836 3433 2892 quam-

1851 2911 1974 2964 dam
2009 2910 2275 2980 planeque
2316 2910 2695 2966 admirabilem
2749 2914 3082 2982 singularum
3124 2929 3309 2968 rerum
3351 2914 3431 2966 in-

1852 3000 2207 3071 telligentiam
2245 3002 2422 3058 latere
2450 3003 2728 3059 existimo.
2759 3003 2892 3058 Nam
2918 3007 3019 3060 etsi
3050 3007 3166 3075 ipse
3205 3021 3313 3060 non
3343 3004 3429 3060 in-

199 3099 304 3153 ’E1:l.
324 3099 530 3163 τούτοις
556 3101 661 3172 τὴν
687 3101 814 3171 ὃλην
850 3104 947 3175 τῆς
989 3103 1410 3174 Ἀποκαλύψεως
1452 3104 1747 3175 βασανίσας

1855 3091 2041 3162 telligo
2067 3133 2083 3159 ,
2116 3095 2364 3163 suSpicor
2394 3105 2573 3149 tamen
2605 3095 2858 3151 altiorem
2888 3096 3174 3166 quemdam
3207 3111 3427 3151 sensum

186 3193 378 3264 γραφὴν
395 3233 409 3257 ,
444 3193 713 3248 ἀδύνατον
762 3193 819 3246 δὲ
846 3194 1014 3266 αὑτὴν
1037 3195 1181 3250 κατὰ
1195 3195 1291 3267 τὴν
1313 3196 1602 3268 πρόχειρον
1622 3198 1748 3251 ἀπο-

1851 3185 2030 3239 verbis
2059 3185 2303 3243 subesse.
2336 3187 2524 3258 anue
2567 3204 2677 3241 non
2715 3202 2834 3243 meo
2874 3187 3045 3256 ipsius
3078 3186 3287 3255 judicio
3319 3203 3432 3243 me-

185 3280 339 3347 δείξας
365 3284 605 3340 νοεῖσθαι
630 3286 889 3351 διάνοιαν,
922 3286 1172 3358 ἐπιφέρει
1200 3286 1376 3355 λέγων
1396 3304 1409 3316 ο
1436 3305 1455 3339 ι
1493 3287 1749 3341 Συντελέ-

189 3389 270 3439 σις
293 3376 352 3448 δὴ
378 3378 580 3445 πᾶσαν,
603 3378 680 3442 ὡς
706 3381 899 3444 εἰπεῖν,
928 3380 1026 3450 τὴν
1061 3380 1422 3451 προφητείαν,
1451 3380 1745 3452 μακαρίζει

183 3463 497 3540 ὀπροφήτης
522 3468 653 3531 τούς
688 3485 748 3521 τε
787 3468 1155 3538 φυλάσσοντας
1190 3468 1391 3540 αὑτὴν,
1426 3470 1520 3522 καὶ
1547 3468 1611 3540 δὴ
1652 3470 1747 3522 καὶ

183 3556 365 3612 ἑαυτόν.
387 3579 405 3611 ι
418 3560 711 3631 Μακάριος
722 3558 849 3631 γὰρ,
869 3560 1055 3632 φησὶν,
1069 3561 1097 3613 ὁ
1114 3561 1295 3633 τηρῶν
1307 3561 1433 3624 τοὺς
1444 3558 1633 3627 λόγους
1643 3558 1744 3628 τῆς

183 3649 487 3720 προφητείας
517 3648 615 3703 τοῦ
649 3649 853 3719 βιϐλίου
885 3651 1077 3705 τούτου
1103 3667 1116 3683 ·
1158 3670 1177 3702 ι
1219 3650 1376 3721 κάγὼ
1422 3650 1674 3720 Ἰωάννης
1715 3651 1744 3703 ὁ

186 3735 369 3805 βλέπων
397 3742 492 3794 καὶ
518 3742 736 3795 ἀκούων
759 3741 953 3796 ταῦτα.
985 3740 1283 3795 Καλεῖσθαι
1329 3740 1427 3813 μὲν
1453 3736 1547 3794 οὖν
1581 3739 1742 3794 αὑτὸν

193 3829 436 3905 Ἰωάννην,
470 3836 569 3889 καὶ
590 3830 731 3888 εἶναι
754 3835 854 3907 τὴν
881 3833 1097 3907 γραφὴν
1120 3834 1368 3888 Ἰωάννου
1398 3834 1621 3905 ταύτην,
1643 3835 1741 3887 οὑκ

182 3919 384 3994 ἀντερῶ.
427 3926 614 3994 Ἀγίου
652 3925 753 3997 μὲν
780 3926 888 3996 γάρ
916 3921 1054 3979 εἷναί
1082 3941 1227 3987 τινος
1261 3926 1357 3979 καὶ
1383 3924 1739 3993 θεοπνεύστου

186 4015 413 4070 συναινῶ.
448 4018 525 4071 Οὑ
572 4018 681 4091 μὴν
715 4018 912 4090 ῥᾳδίως
952 4018 1018 4072 ἂν
1060 4017 1353 4089 συνθείμην
1380 4017 1569 4071 τοῦτον
1602 4013 1740 4071 εἶναι

181 4104 258 4158 τὸν
288 4108 601 4177 ἀπόστολον,
627 4109 719 4164 τὸν
753 4110 866 4163 υἱὸν
905 4110 1213 4175 Ζεϐεδαίου,
1242 4111 1332 4164 τὸν
1377 4110 1603 4180 ἀδελφὸν
1645 4113 1741 4164 Ἰαο

182 4195 340 4252 κὼϐου
359 4239 374 4263 ,
407 4194 467 4255 οὗ
504 4201 567 4255 τὸ
598 4201 927 4270 Εὑαγγέλιον
972 4202 1033 4255 τὸ
1070 4202 1212 4256 κατά
1254 4202 1505 4272 Ἰωάννην
1556 4203 1741 4271 ἐπιγε-

179 4291 492 4362 γραμμένον,
514 4293 613 4347 καὶ
635 4294 670 4364 ἡ
687 4293 970 4366 Ἐπιστολὴ
986 4295 1020 4365 ἡ
1035 4293 1332 4366 Καθολική.
1358 4294 1738 4367 Τεκμαίρομαι

179 4380 271 4452 γὰρ
304 4381 362 4437 ἔκ
386 4401 447 4439 τε
487 4384 583 4439 τοῦ
619 4384 774 4449 ἔθους
824 4384 1120 4458 ἑκατέρων,
1158 4384 1254 4440 καὶ
1284 4383 1379 4439 τοῦ
1412 4384 1520 4439 τῶν
1564 4385 1736 4455 λόγων

1852 3275 1956 3328 tior
1990 3289 2154 3346 atque
2190 3278 2400 3333 aestimo
2434 3299 2447 3333 :
2484 3279 2581 3333 sed
2616 3278 2741 3349 plus
2785 3280 2909 3333 ﬁdei
2953 3281 3220 3347 tribuens,
3260 3280 3431 3336 subli-

1848 3368 2020 3423 miora
2054 3382 2172 3425 esse
2201 3385 2399 3426 censeo
2421 3386 2583 3442 quam
2620 3381 2678 3425 ut
2708 3387 2738 3425 a
2774 3387 2861 3427 tne
2892 3373 3282 3442 percipiantur.
3318 3372 3430 3428 Nec

1845 3474 1912 3515 ea
1964 3465 2272 3518 condemno
2309 3477 2433 3533 quae
2484 3462 2797 3533 intelligere
2845 3479 2952 3518 non
3006 3464 3192 3535 potui,
3239 3480 3427 3520 verum

1847 3553 1973 3609 inde
2014 3555 2261 3611 admiror
2295 3558 2472 3628 magis
2508 3561 2653 3629 quod
2700 3574 2901 3630 capere
2951 3577 3054 3616 non
3104 3577 3347 3632 possum.
3402 3581 3424 3615 ι

1844 3646 1974 3702 Post
2030 3647 2146 3703 haec
2203 3649 2418 3719 integro
2471 3649 2848 3707 Revelationis
2886 3652 3031 3707 libro
3073 3657 3383 3709 examinato
3411 3693 3427 3718 ,

1844 3748 2133 3810 postquam
2180 3743 2531 3811 apertissime
2563 3744 2822 3809 ostendit,
2864 3759 2987 3800 eum
3013 3760 3240 3817 prorsus
3266 3747 3427 3801 intel-

1843 3833 1934 3905 ligi
1967 3850 2079 3888 non
2100 3835 2437 3905 possejuxta
2477 3837 2701 3892 obvium
2729 3838 3021 3893 verborum
3045 3854 3290 3903 sensum,
3313 3841 3427 3895 haec

1841 3925 2058 3996 subjicil
2091 3943 2106 3980 :
2145 3944 2165 3978 ι
2202 3926 2466 3982 Absoluta
2512 3929 2732 3985 demum
2766 3930 3022 3985 universa
3069 3931 3428 4000 praedictione

1845 4036 1940 4077 sua
1969 4063 1983 4088 ,
2009 4021 2279 4091 propheta
2316 4021 2503 4076 beatos
2546 4024 2868 4093 pronuntiat
2914 4033 3028 4078 tum
3057 4038 3152 4079 eos
3181 4026 3271 4095 qui
3303 4042 3422 4081 eam

1841 4113 2197 4179 servaverint,
2216 4121 2326 4167 tum
2342 4113 2599 4183 seipsum.
2625 4130 2647 4167 ι
2677 4113 2896 4180 Beatus,
2915 4115 3111 4185 inquit,
3130 4117 3219 4186 qui
3245 4126 3426 4172 servat

1843 4209 2007 4262 verba
2057 4207 2356 4279 prophetia:
2397 4205 2517 4262 libri
2575 4206 2778 4274 hujus:
2814 4215 2867 4261 et
2917 4223 3019 4277 ego
3050 4209 3163 4277 ipse
3185 4206 3424 4263 Joannes

1840 4302 1931 4372 qui
1966 4301 2083 4367 haec
2118 4300 2228 4354 vidi
2279 4307 2446 4368 atque
2489 4298 2692 4353 audivi.
2736 4315 2757 4350 ι
2792 4297 3054 4353 Joannem
3090 4298 3252 4365 igitur
3279 4299 3423 4353 hunc

1839 4392 2049 4456 vocari,
2085 4397 2141 4444 et
2168 4388 2366 4444 librum
2400 4402 2431 4441 a
2458 4387 2673 4443 Joanne
2709 4388 2973 4457 scriptum
3001 4402 3123 4442 esse
3146 4426 3163 4452 ,
3192 4402 3299 4441 non
3335 4387 3421 4441 in-

179 4471 349 4543 εῑδους,
366 4476 460 4531 καὶ
484 4478 587 4550 τῆς
604 4476 700 4531 τοῦ
721 4476 928 4549 βιϐλίου
953 4477 1293 4550 διεξαγωγῆς
1318 4478 1619 4550 λεγομένης
1640 4478 1736 4552 (5),

1851 4481 2022 4537 licior.
2050 4480 2253 4536 Fateor
2281 4479 2426 4536 enim
2461 4477 2639 4534 sancti
2673 4477 2952 4547 cujusdam
2983 4487 3038 4531 et
3070 4478 3258 4534 divino
3296 4477 3423 4550 Spi-

182 4564 244 4636 μὴ
269 4568 356 4621 τὸν
385 4569 548 4627 αὑτὸν
583 4564 743 4626 εῖναι.
790 4571 849 4625 '0
889 4572 988 4643 μὲν
1019 4570 1128 4642 γὰρ
1161 4570 1551 4644 εὑαγγελιστὴς
1581 4572 1739 4626 ούδα-

180 4657 266 4723 μοῦ
291 4660 350 4713 τὸ
370 4662 539 4734 ὄνομα
571 4663 738 4717 αὑτοῦ
769 4664 1171 4737 παρεγγράφει,
1189 4662 1309 4716 οὑδὲ
1330 4664 1593 4737 κηρύσσει
1613 4667 1739 4719 ἑαυ-

176 4746 252 4802 τὸν
269 4790 284 4815 ,
310 4751 430 4806 οὔτε
469 4754 561 4809 διὰ
583 4754 679 4807 τοῦ
704 4755 1034 4823 Εὑαγγελίου
1054 4797 1068 4821 ,
1098 4755 1221 4810 οὕτε
1250 4756 1337 4810 διὰ
1362 4758 1460 4829 τῆς
1495 4757 1739 4810 Ἐπιστο-

175 4837 276 4911 λῆς.
322 4863 341 4897 ι
374 4843 489 4900 Εἶθ’
518 4848 754 4914 ὑποϐάς,
788 4849 971 4926 πάλιν
993 4848 1175 4904 ταῦτα
1207 4849 1399 4926 λέγει’.
1425 4868 1445 4902 ι
1486 4850 1737 4922 Ἰωάννης

175 4929 221 4983 δὲ
238 4935 351 4990 οὑδὲ
373 4937 447 5003 ὡς
472 4940 603 5012 περὶ
632 4940 825 4995 ἑαυτοῦ
851 4924 978 4996 οὑδὲ
998 4943 1074 5006 ὡς
1096 4943 1225 5016 περὶ
1249 4924 1441 5015 ἑτέρου
1459 4961 1473 4973 ·
1506 4944 1617 4998 ὁηδὲ
1636 4945 1735 5017 τὴν

184 5022 529 5103 ’Δποκάλυψιν
554 5032 794 5105 γράψας,
824 5034 987 5099 εὐθύς
1018 5053 1077 5089 τε
1111 5036 1302 5090 ἑαυτὸν
1335 5037 1393 5091 ὲν
1425 5036 1566 5108 ἀρχῇ
1600 5054 1735 5109 προ-

177 5140 649 5281 “ﬂagri-alae
696 5148 1210 5223 παραπετάσματι.
1273 5152 1504 5224 Niceph.
1565 5155 1737 5210 habet

211 5281 771 5369 ςξ-Ὺονειρςπολεξν.
800 5290 1152 5369 Scribendum
1175 5295 1384 5369 videtur
1409 5294 1740 5369 ὀνειροπολεῖ

174 5356 246 5435 rei
274 5354 641 5435 ὠνειροπόλει.
684 5359 1002 5435 Baulopnst
1040 5365 1131 5418 nbi
1179 5364 1458 5435 legebatur
1500 5354 1734 5435 εύθυρώ-

171 5433 332 5541 ἔξελον.
361 5431 642 5511 emendavi
672 5429 1064 5515 εὑφημότερον,
1096 5449 1158 5489 ex
1184 5429 1341 5489 co'dd.
1372 5434 1533 5499 Maz.,
1568 5429 1730 5498 Méd.,

214 5491 294 5548 ult.
331 5505 387 5550 et
418 5498 612 5560 Savtl.,
642 5502 840 5560 quibus
871 5503 1126 5557 suscnbit
1161 5504 1516 5560 Nicenhorus.
1546 5515 1599 5558 et
1629 5506 1733 5558 Eu-

174 5520 200 5541 ι-
215 5520 294 5548 ιιι.
331 5520 387 5550 et
419 5520 612 5565 oavu.,
682 5520 840 5556 lllDllS
871 5520 1126 5557 suscrnm
1161 5520 1516 5573 mcepnorus.
1546 5520 1599 5558 et
1629 5520 1720 5558 uu-

174 5564 345 5640 sehins
385 5566 494 5635 ipse
527 5569 585 5622 in
620 5520 759 5624 libro
782 5585 862 5638 tu,
923 5588 1042 5642 cap.
1097 5573 1186 5640 27,
1227 5575 1317 5629 ubi
1350 5575 1514 5629 .hunc
1545 5574 1720 5629 locum

173 5624 400 5679 Dmnvsii
428 5639 642 5679 mhlnnit

216 5640 400 5703 :nnysii
427 5640 667 5693 adducit.

233 5702 311 5787 β)
337 5706 707 5787 Δεεξαγωτῆς
724 5711 1071 5781 λεγομένης.
1104 5713 1215 5787 Hoc
1245 5717 1567 5787 vocabulum
1596 5731 1717 5784 pro-

175 5777 335 5836 prium
380 5777 476 5833 fuit
516 5777 897 5852 rethorunt,ttt
945 5777 1048 5840 vui
1080 5785 1171 5843 illa
1201 5785 1501 5861 λεγομένης
1530 5802 1558 5841 a
1593 5777 1718 5845 Dio-

1846 4574 1954 4630 ritu
2004 4573 2169 4629 amati
2201 4573 2303 4628 viri
2349 4572 2404 4626 id
2436 4586 2576 4641 opus
2599 4584 2738 4626 esse.
2776 4569 2882 4625 Sed
2927 4571 3070 4625 hunc
3099 4570 3275 4639 ipsum
3297 4584 3421 4626 esse

1843 4666 2145 4736 aposwlum
2169 4709 2183 4732 ,
2217 4663 2462 4720 Zebedaei
2493 4662 2661 4717 lilium
2685 4705 2699 4731 ,
2730 4661 2919 4718 Jacobi
2966 4661 3191 4717 fratrem
3216 4677 3232 4727 ;
3262 4662 3420 4733 cujus

1841 4769 1925 4813 est
1956 4758 2310 4828 Evangelium
2346 4757 2475 4812 illud
2517 4756 2661 4827 Quod
2702 4755 3004 4812 secundum
3038 4751 3299 4809 Joannem
3335 4756 3417 4809 in-

1840 4851 2123 4911 scribitur,
2157 4857 2212 4904 et
2244 4847 2486 4918 Epistola
2521 4847 2813 4913 catholica,
2838 4846 2981 4901 haud
3007 4844 3168 4900 facile
3195 4860 3418 4901 conces-

1841 4942 2029 4999 serim.
2068 4940 2201 4995 Nam
2230 4957 2297 4996 ex
2332 4940 2615 5010 utriusque
2646 4940 2806 5008 genio
2834 4946 2888 4991 et
2930 4936 3104 4991 forma
3134 4937 3413 5008 loquendi,

1840 5043 1898 5091 et
1924 5048 1991 5088 ex
2020 5031 2187 5086 libelli
2221 5030 2386 5104 274
2412 5033 2576 5087 totius
2614 5033 2779 5087 ductu
2814 5046 2879 5085 ac.
2909 5032 3285 5101 dispositione,
3304 5046 3410 5086 non

1845 5152 2002 5224 nysio
2032 5151 2283 5224 adjuncta
2319 5150 2453 5224 satis
2502 5151 2725 5204 iudicat.
2770 5148 2838 5224 Et
2875 5147 3162 5224 ΔΜυεςιιιιιε
3193 5147 3406 5215 quidem

1844 5218 2129 5276 tractatum
2155 5222 2280 5275 libri
2317 5222 2726 5290 interpretatur.
2759 5218 3283 5288 Cltristophorsonns
3312 5232 3409 5269 au-

1844 5303 1951 5347 tem
1986 5293 2301 5345 discursum.
2359 5289 2469 5359 Ego
2507 5289 2844 5361 διεξαγωγὴν
2866 5290 3402 5361 idem‘esseAcejtseo,

1841 5363 1985 5437 quod
2019 5354 2428 5437 dispositionem
2456 5362 2569 5437 sive
2603 5354 3110 5437 aliovopiav._Nam
3151 5354 3402 5437 διεξαγα-

1839 5424 1975 5507 γεῖν,
2016 5424 2154 5507 idem
2177 5442 2259 5485 est
2282 5446 2347 5485 ac
2377 5429 2620 5507 διοικεῖν.
2647 5442 2702 5484 ut
2734 5424 2925 5507 scribit
2951 5429 3170 5483 Suidas.
3215 5424 3400 5507 ansis
3434 5462 3444 5475 κ

1838 5496 1999 5556 etiam
2045 5501 2388 5570 interpretari
2436 5502 2664 5555 formam
2706 5510 2760 5555 et
2810 5499 3083 5570 rationem,
3123 5496 3396 5570 scribendi

1836 5586 1929 5629 seu
1957 5563 2351 5635 characterem,
2376 5571 2518 5638 quod
2547 5571 2840 5625 conﬁrmat
2868 5569 3177 5639 Dionysius.
3213 5563 3397 5621 Primo

1828 5644 1973 5698 enim
1999 5641 2108 5697 ἀπὸ
2133 5641 2228 5695 τοῦ
2258 5641 2429 5712 ἧθους
2464 5643 2659 5710 probat
2699 5640 3080 5712 Apocalypsim
3131 5652 3236 5692 non
3273 5652 3397 5712 esse

1827 5713 2053 5770 Joannis
2106 5707 2353 5782 apostoli.
2400 5707 2609 5782 Deinde
2645 5725 2711 5766 ex
2748 5707 2985 5781 stylo'et
3030 5707 3207 5782 forma
3252 5709 3392 5766 scri«

1825 5785 2025 5851 bendi;
2057 5782 2112 5842 id
2141 5780 2250 5851 est,
2276 5795 2344 5838 ex
2376 5780 2611 5839 dictione
2646 5780 2812 5853 atque
2837 5780 3140 5839 sententiis.
