3876 6494
497 271 602 326 6.13

1146 328 1165 347 ,
1213 261 1488 320 Ευεεοιι
1526 224 1994 317 οιεεειιιιεκειδ
2029 257 2183 317 OPP.
2224 261 2408 323 psus
2443 265 2489 323 ι.
2529 300 2603 310 -
2633 262 3029 325 msromcs.
3659 264 3739 320 700

494 403 666 446 unum
701 387 1067 456 eumdemque
1087 384 1412 453 scriptorem
1452 398 1571 438 esse
1605 381 1855 452 coniicio.
1876 381 2054 453 Quipp

2159 384 2407 443 τάσσει·
2444 384 2808 453 Ἀποκάλυψις
2839 383 3010 455 Ἰησοῦ
3042 383 3277 454 Χριστοῦ
3303 385 3368 453 ἣν
3394 383 3741 465 ἔδωκεναύτῴ

494 479 835 550 evangelista
881 478 1102 549 quidem
1150 475 1342 531 nullibi
1388 489 1584 530 nomen
1624 488 1781 529 suum
1821 473 2070 536 ascribit,

497 592 601 630 nec
641 575 973 644 semetipse,
1010 580 1104 626 aut
1143 571 1199 626 in
1235 569 1530 640 Evangelia
1554 608 1572 635 ,
1602 578 1697 624 aut
1742 568 1796 623 in
1832 566 2073 637 Epistula

497 667 783 737 praedicat.
842 685 861 717 ι
907 665 973 719 Et
1015 664 1177 734 paulo
1210 671 1335 732 post
1359 661 1584 717 subdit:
1621 679 1641 714 ι
1673 659 1915 717 Joannes
1942 675 2075 717 vero

497 771 796 824 nusquam,
831 768 931 807 nec
961 762 1216 820 tanquam
1251 752 1319 807 de
1354 752 1536 821 seipse
1571 766 1669 807 nec
1710 760 1974 822 tauquam
2006 752 2074 806 de

496 848 687 902 altero.
718 846 903 901 Atille
946 844 1037 914 qui
1089 843 1501 899 Revelati-mem
1543 844 1804 915 scripsit,
1843 846 1898 900 in
1955 847 2073 915 ipso

494 938 679 993 statim
731 938 956 994 exordio
1008 951 1207 992 nomen
1259 951 1416 991 suum
1467 937 1692 1008 praeﬁgit
1756 952 1879 993 cum
1928 939 2006 992 ait
2052 956 2068 993 :

499 1048 520 1080 ι
558 1028 836 1084 Revelatio
862 1028 989 1084 Jesu
1016 1027 1222 1085 Christi
1251 1044 1416 1098 quam
1463 1030 1611 1085 dedit
1643 1030 1745 1100 ipsi
1792 1040 1852 1085 ut
1890 1030 2069 1101 palam

491 1119 698 1174 faceret
737 1119 912 1174 servis
981 1121 1095 1174 suis
1139 1119 1411 1181 celeriter.
1461 1130 1518 1175 et
1570 1121 1898 1190 signiﬁcavit
1945 1122 2073 1178 mit-

492 1222 608 1266 teus
669 1226 765 1281 per
816 1212 1069 1281 angelum
1139 1229 1299 1266 suum
1345 1211 1541 1268 Joanni
1591 1229 1752 1269 servo
1793 1229 1934 1280 suo,
1976 1215 2069 1285 qui

492 1303 816 1361 testiﬁcatus
873 1307 971 1374 esti
1016 1304 1249 1360 Verbum
1287 1304 1383 1360 Dei
1431 1314 1485 1362 et
1521 1307 1898 1363 testimonium
1953 1306 2070 1375 eius

488 1406 824 1464 quaecunque
870 1394 1026 1448 vidit.
1067 1411 1087 1445 ι
1164 1393 1247 1447 ΔιΙ
1317 1396 1432 1449 haec
1489 1393 1786 1465 Epistolam
1833 1398 2063 1453 scribit:

493 1503 517 1538 r
552 1482 828 1550 Joannes,
856 1486 1070 1557 inquit,
1116 1500 1321 1558 septem
1381 1488 1640 1545 Ecclesiis
1683 1506 1805 1561 qua:
1841 1503 1963 1546 sunt
2012 1493 2065 1547 in

484 1576 635 1633 Asia.
692 1577 882 1633 Gratia
928 1579 1081 1634 vobis
1122 1588 1177 1634 et
1207 1597 1332 1650 pax.
1372 1600 1395 1635 ι
1430 1581 1799 1653 Evangelistes
1825 1597 1952 1639 vero
1998 1599 2068 1639 ne

486 1668 767 1727 catholica:
810 1672 1030 1741 quidem
1061 1672 1318 1742 Epistula:
1357 1690 1554 1730 nomen
1598 1691 1757 1731 suum
1805 1677 2061 1748 praeﬁxit,

485 1764 581 1815 sed
612 1762 822 1831 absque
869 1764 978 1819 ulla
1011 1768 1303 1821 verborum
1347 1768 1578 1838 ambage
1603 1771 1673 1824 ab
1720 1770 1835 1839 ipso
1866 1770 2063 1826 divina:

484 1851 854 1909 Revelationis
879 1860 1140 1927 mysterio
1160 1873 1387 1914 exorsus
1409 1868 1492 1914 est
1524 1878 1539 1914 :
1571 1879 1590 1912 ι
1620 1859 1773 1928 Quod
1803 1860 1905 1917 fuit
1929 1901 1948 1929 ,
1980 1863 2064 1918 in-

484 1946 630 2013 quit,
690 1948 759 1999 ab
823 1946 1023 2001 initio:
1059 1950 1204 2017 quod
1254 1951 1564 2007 audivimus
1589 1993 1605 2019 ,
1647 1953 1792 2023 quod
1831 1954 2063 2010 vidimus

480 2038 661 2093 oculis
716 2040 938 2095 nostris.
980 2061 1000 2095 ι
1052 2043 1132 2097 0b
1197 2044 1503 2113 hujusmodi
1559 2046 1703 2102 enim
1751 2047 2060 2106 Revelatio—

484 2145 608 2185 nem
642 2130 861 2188 Petrum
894 2134 1157 2193 Dominus
1206 2138 1426 2194 beatum
1458 2140 1780 2209 prmdicavit
1812 2144 1898 2200 his
1937 2160 2062 2200 ver-

482 2222 568 2276 bis
603 2242 617 2277 :
650 2244 669 2277 ‹
707 2224 908 2281 Beatus
941 2243 999 2283 es
1028 2269 1045 2293 ,
1097 2231 1283 2285 Simon
1332 2232 1402 2285 illi
1446 2231 1597 2288 Jonas
1623 2274 1640 2298 ,
1672 2235 1798 2303 quia
1840 2250 1969 2292 caro
2006 2246 2061 2293 et

480 2317 701 2385 sanguis
749 2334 856 2373 non
910 2321 1178 2376 revelavit
1233 2323 1351 2387 tibi,
1382 2326 1478 2379 sed
1513 2324 1676 2380 Pater
1703 2342 1857 2382 meus
1879 2330 1973 2398 qui
2001 2329 2056 2383 in

479 2407 632 2462 caelis
674 2418 777 2464 est.
812 2429 833 2461 ι
884 2408 991 2465 Sed
1037 2426 1212 2482 neque
1255 2413 1309 2468 in
1357 2415 1594 2469 secunda
1634 2430 1697 2471 ac
1721 2418 1906 2483 tertia,
1937 2432 2059 2487 qua:

476 2495 674 2553 Joauni
717 2503 878 2572 vulgo
920 2503 1293 2568 ascribuntur,
1340 2506 1620 2576 Epistolis,
1652 2509 1905 2578 quamvis
1932 2509 2058 2565 bre-

479 2590 742 2656 vissimis,
770 2590 998 2649 Joannis
1017 2597 1338 2651 vocabulum
1369 2607 1603 2667 prostat,
1638 2614 1827 2656 verum
1852 2603 2057 2672 absque

478 2682 591 2736 ullo
648 2684 872 2741 nomine
921 2683 1115 2742 Senior
1154 2690 1495 2745 inscribitur.
1540 2691 1696 2747 Alter
1737 2703 1920 2749 autem
1964 2695 2057 2752 ille

478 2788 587 2828 non
619 2775 759 2831 satis
789 2776 984 2834 habuit
1013 2782 1232 2837 nomine
1277 2796 1377 2836 suo
1405 2783 1580 2839 semel
1607 2784 1757 2841 edito
1782 2792 2057 2847 narratio-

474 2876 603 2953 nem
639 2866 895 2935 deinceps
924 2872 1179 2940 prosequi
1212 2889 1226 2924 :
1255 2872 1351 2926 sed
1387 2871 1579 2928 iterum
1613 2876 1812 2945 repetit
1840 2896 1854 2932 :
1891 2899 1910 2931 ι
1942 2880 2056 2953 Ego

473 2951 743 3023 Joannes,
796 2953 972 3014 liater
1012 2970 1067 3015 et
1102 2977 1326 3018 consors
1375 2974 1555 3020 vester
1588 2968 1662 3027 in
1705 2951 2056 3029 tribulatione

2176 474 2347 542 δείξαι
2376 478 2490 540 τοῖς
2514 476 2719 540 δούλοις
2746 476 2907 530 αὐτοῦ
2932 478 2989 529 ὲν
3015 476 3191 548 τάχει.
3208 478 3315 531 Καὶ
3336 477 3613 548 ἐσήμανεν
3634 479 3741 532 ἀπο-

2178 569 2392 633 στείλας
2437 567 2527 623 διά
2557 568 2650 622 τοῦ
2682 569 2912 638 ἀγγέλου
2945 569 3111 623 αὐτοῦ
3136 569 3215 641 τῷ
3239 570 3412 642 δούλῳ
3443 571 3610 625 αὐτοῦ
3650 573 3719 627 Ἰω

2176 655 2312 729 άννη
2338 696 2353 719 ,
2402 655 2463 720 ὃς
2507 656 2855 728 ἐμαρτύρησε
2895 656 2986 710 τὸν
3035 658 3207 725 Λόγον
3245 659 3340 711 τοῦ
3376 658 3513 712 Θεοῦ
3542 660 3635 714 καὶ
3660 662 3737 733 τὴν

2177 745 2484 818 μαρτυρίαν
2511 746 2677 800 αὐτοῦ
2705 749 2806 803 ὅσα
2827 744 3019 803 εἶδεν.»
3035 745 3167 803 Εἶτα
3188 750 3283 803 καὶ
3295 750 3616 822 Ἐπιστολὴν
3631 755 3737 825 γρά-

2174 853 2283 905 φει·
2304 855 2324 888 ι
2346 838 2598 908 Ἰωάννης
2619 841 2737 902 ταῖς
2760 840 2901 916 ἑπτά
2928 839 3274 910 Ἑκκλησίαις
3293 842 3412 905 ταῖς
3427 843 3486 894 ἐν
3506 844 3572 912 τῇ
3589 842 3733 915 Ἀσίᾳ,

2173 928 2332 1001 χάρις
2364 929 2495 999 ὑμῖν
2523 930 2618 983 καὶ
2649 932 2864 1002 εἰρήνη.
2901 950 2918 982 ι
2938 931 2997 984 '0
3023 931 3080 984 δέ
3109 948 3172 1000 γε
3199 933 3612 1006 εὐαγγελιστὴς,
3637 935 3734 988 οὐδὲ

2170 1006 2269 1097 τῆς
2281 1025 2578 1094 καθολικῆς
2593 1026 2881 1098 ἐπιστολῆς
2902 1027 3248 1101 προέγραψεν
3271 1027 3466 1083 ἑαυτοῦ
3487 1029 3548 1082 τὸ
3568 1029 3732 1101 ὄνομα,

2170 1116 2308 1171 ἀλλά
2335 1118 2644 1190 άπερίττως
2678 1118 2774 1171 ἀπ’
2805 1119 2972 1173 αὑτοῦ
3003 1119 3096 1173 τοῦ
3135 1121 3435 1193 μυστηρίου
3472 1123 3573 1194 τῆς
3608 1122 3733 1188 θείας

2182 1208 2409 1263 ’Δποκαλ
2422 1210 2596 1279 ύψεως
2638 1210 2857 1282 ἤρξατοο
2888 1232 2907 1263 ί
2940 1213 3006 1265 Ὀ
3047 1208 3115 1284 ἦν
3142 1214 3237 1265 ἀπ’
3271 1214 3466 1286 ἀρχῆς,
3486 1213 3516 1266 ὃ
3557 1215 3733 1286 ἀκηκό-

2169 1318 2331 1371 αμεν,
2349 1302 2378 1354 ὃ
2393 1301 2716 1373 ἑωράκαμεν
2748 1306 2861 1367 τοῖς
2876 1304 3173 1375 ὀφθαλμοῖς
3193 1305 3373 1376 ἡμῶν.
3387 1324 3406 1357 ι
3440 1305 3565 1359 Ἐπὶ
3585 1307 3731 1381 ταύτῃ

2168 1392 2276 1464 γάρ
2294 1396 2359 1465 τῇ
2402 1392 2766 1464 Ἀποκαλόψει
2799 1397 2895 1449 καὶ
2923 1398 2951 1449 6
2980 1396 3182 1468 Κύριος
3208 1397 3298 1449 τὸν
3316 1397 3523 1470 Πέτρον
3547 1398 3731 1469 ἐμακά-

2172 1501 2320 1555 ρισεν
2365 1485 2557 1540 εἰπών’
2592 1507 2612 1539 r
2638 1489 2926 1559 Μακάριος
2975 1484 3045 1552 εἷ,
3086 1489 3271 1560 Σίμων
3323 1489 3428 1562 βάρ
3470 1491 3729 1555 Ἰωνᾶ,ὃτι

2170 1577 2309 1649 σάρξ
2334 1580 2430 1633 καὶ
2456 1573 2594 1652 αἷμα
2617 1580 2718 1634 οὐκ
2742 1580 3061 1651 ἀποκάλυψέ
3093 1598 3197 1645 σοι,
3229 1580 3346 1634 ἀλλ’
3370 1584 3399 1636 6
3425 1583 3612 1655 Πατήρ
3646 1601 3727 1655 μου

2166 1670 2196 1723 ό
2222 1671 2491 1744 οὐράνιος.
2518 1692 2537 1726 ι
2557 1673 2700 1727 Ἀλλ’
2723 1674 2844 1728 οὐδὲ
2872 1676 2930 1728 ὲν
2944 1676 3011 1747 τῇ
3035 1673 3266 1748 δευτέρᾳ
3282 1676 3555 1748 φερομένη
3581 1677 3731 1731 Ἰωάν-

2168 1783 2260 1818 νου
2280 1765 2375 1820 καὶ
2402 1766 2580 1840 τρίτη,
2607 1767 2782 1821 καίτοι
2808 1766 3091 1839 βραχείαις
3119 1765 3309 1832 οῦσαις
3344 1767 3728 1834 Ἐπιστολαῖς,ὸ

2183 1855 2439 1929 Ἰωάννης
2465 1857 2723 1929 ὀνομαστὶ
2746 1858 3055 1930 πρόκειται,
3079 1857 3216 1914 ἀλλά
3251 1857 3533 1931 ἀνώνυμος
3561 1862 3589 1913 6
3605 1862 3728 1929 Πρε-

2170 1950 2465 2019 σϐύτερος
2490 1950 2821 2023 γέγραπται.
2852 1942 3021 2015 Οὗτος
3043 1949 3101 2004 δέ
3127 1966 3193 2020 γε
3218 1949 3338 2004 οὐδὲ
3354 1948 3620 2023 αὓταρκες
3636 1949 3728 2003 ἑνό-

2170 2059 2327 2113 μισεν
2353 2043 2586 2109 εἰσάπαξ
2611 2044 2800 2097 ἑαυτὸν
2836 2044 3141 2116 ὀνομάσας,
3170 2042 3477 2116 διηγεῖσθαι
3505 2043 3572 2097 τά
3598 2042 3724 2113 ἑξῆς,

2165 2135 2303 2191 ἀλλά
2343 2137 2506 2193 πάλιν
2531 2137 2917 2209 ἀναλαμϐάνει’
2947 2158 2968 2194 ι
3009 2138 3150 2209 Ἐγὼ
3195 2139 3447 2211 Ἰωάννης
3472 2138 3501 2191 6
3524 2138 3725 2209 ἀδελφὸς

2165 2226 2340 2299 ὑμῶν,
2374 2228 2472 2282 καὶ
2497 2229 2854 2299 συγκοινωνὸς
2878 2232 2937 2284 ὲν
2952 2233 3018 2303 τῇ
3038 2230 3213 2303 θλίψει
3242 2231 3337 2286 καὶ
3362 2229 3623 2302 βασιλεία,
3648 2231 3726 2283 καὶ

2166 2321 2225 2374 ὲν
2253 2320 2497 2394 ὑπομονῇ
2534 2322 2729 2392 Ἰησοῦ,
2760 2322 3023 2395 ἐγενόμην
3067 2324 3126 2376 ὲν
3165 2326 3233 2396 τῇ
3263 2326 3412 2395 νήσῳ
3440 2325 3507 2396 τῇ
3550 2321 3723 2377 καλου-

2167 2413 2304 2487 μένῃ
2337 2414 2565 2487 Πάτμῳ,
2587 2415 2677 2470 διὰ
2703 2415 2794 2470 τὸν
2817 2416 2987 2485 Λόγον
3016 2416 3110 2470 τοῦ
3135 2414 3272 2469 Θεοῦ
3301 2416 3398 2469 καὶ
3416 2415 3516 2486 τὴν
3547 2430 3725 2486 μαρτυ-

2167 2506 2287 2577 ρίαν
2326 2507 2520 2579 Ἰησοῦ.
2544 2526 2563 2561 ι
2597 2508 2710 2562 Καὶ
2737 2507 2802 2581 δὴ
2833 2509 2928 2562 καὶ
2955 2507 3092 2581 πρὸς
3114 2506 3193 2578 τῷ
3213 2508 3359 2561 τέλει
3386 2507 3555 2561 ταῦτα
3596 2501 3718 2559 εἶπε·

2169 2616 2189 2649 ο
2208 2599 2495 2672 Μακάριος
2522 2601 2550 2653 6
2571 2599 2752 2672 τηρῶν
2783 2601 2908 2665 τοὺς
2932 2600 3125 2669 λόγους
3146 2597 3249 2668 τῆς
3283 2599 3615 2672 προφητείας
3642 2595 3721 2652 τοῦ

2164 2690 2373 2762 βιϐλίου
2404 2691 2615 2749 τούτου.
2634 2691 2806 2762 Κάγὼ
2843 2692 3097 2763 Ἰωάννης
3119 2694 3149 2746 6
3175 2691 3391 2763 βλέπων
3414 2691 3507 2746 καὶ
3530 2690 3720 2744 ἀκούων

2160 2780 2353 2836 ταῦτα.
2376 2802 2396 2836 ›
2419 2783 2540 2838 Ὀτι
2558 2783 2656 2855 μὲν
2676 2779 2768 2838 οῦν
2792 2783 3045 2855 Ἰωάννης
3073 2784 3219 2837 ἐστὶν
3241 2785 3271 2837 ὁ
3295 2782 3467 2838 ταῦτα
3493 2781 3717 2855 γράφων,

2160 2874 2313 2946 αὐτῷ
2336 2874 2544 2945 λέγοντι
2575 2874 2892 2929 πιστευτέον
2910 2892 2924 2905 ·
2958 2877 3108 2939 ποῖος
3134 2874 3194 2929 δὲ
3219 2868 3396 2940 οὗτος,
3428 2874 3631 2947 ἄδηλον.
3652 2873 3715 2926 03

2161 2967 2270 3040 γὰρ
2302 2964 2454 3023 εἴπεν
2485 2967 2677 3023 ἑαυτὸν
2712 2963 2871 3034 εἶναι,
2903 2966 2979 3032 ὡς
3002 2969 3059 3021 ὲν
3085 2967 3166 3040 τῷ
3196 2967 3515 3039 Εὐαγγελίῳ
3544 2964 3717 3021 πολλα-

471 3054 526 3099 et
560 3062 725 3116 regno
760 3050 901 3103 etin
962 3053 1221 3122 patientia
1257 3054 1424 3125 Jesu;
1473 3057 1550 3113 fui
1600 3060 1654 3114 in
1702 3062 1878 3118 insula
1934 3080 2054 3135 qua

2161 3059 2277 3132 χοῦ,
2306 3061 2398 3115 τὸν
2425 3060 2782 3133 ἠγαπημένον
2819 3061 2925 3115 ὑπὸ
2947 3059 3041 3114 τοῦ
3074 3059 3281 3132 Κυρίου
3319 3058 3580 3132 μαθητὴν,
3611 3057 3715 3112 οὐδὲ

470 3135 693 3194 Patmos
728 3152 976 3209 vocatur,
1011 3156 1233 3216 propter
1283 3147 1521 3203 Verbum
1570 3151 1664 3206 Dei
1698 3162 1755 3208 et
1808 3156 2054 3212 testimo-

2159 3152 2251 3206 τὸν
2273 3152 2500 3223 ἀδελφὸν
2540 3152 2820 3218 Ἰακώϐου,
2848 3153 2969 3207 οὐδὲ
3000 3153 3091 3207 τὸν
3133 3152 3413 3224 αὐτόπτην
3451 3152 3542 3207 καὶ
3569 3151 3714 3221 αὐτή-

472 3229 621 3282 nium
672 3228 822 3287 Jesu.
865 3253 884 3285 ι
928 3234 995 3288 Et
1060 3235 1161 3291 sub
1214 3235 1376 3291 linem
1428 3238 1555 3294 libri
1590 3257 1780 3299 rursus
1807 3244 1922 3301 lucc
1956 3248 2054 3303 ad-

472 3321 553 3374 dit
585 3340 655 3376 ιι
696 3323 897 3381 Beatus
926 3328 1018 3397 qui
1043 3338 1227 3384 servat
1270 3328 1432 3385 verba
1474 3334 1773 3403 prophetiae
1797 3337 1922 3393 libri
1953 3340 2053 3394 hu-

463 3408 598 3479 jus,
666 3425 724 3470 et
767 3432 869 3486 ego
912 3417 1153 3475 Joannes
1199 3420 1294 3491 qui
1344 3422 1460 3478 htec
1525 3424 1634 3480 vidi
1683 3437 1742 3481 et
1790 3430 1993 3489 audivi.
2028 3450 2049 3484 ι

462 3500 733 3559 Joannem
763 3507 931 3576 igitur
959 3524 1082 3565 esse
1126 3526 1410 3571 auctorem
1461 3516 1623 3584 hujus
1664 3518 1829 3586 libri,
1864 3521 1967 3592 ipsi
2001 3522 2054 3577 id

474 3593 764 3664 allirmanti
795 3599 1127 3655 credendum
1178 3614 1283 3660 est.
1328 3605 1434 3662 Sed
1471 3608 1725 3678 quisnam
1758 3610 1850 3667 ille
1884 3611 2055 3670 fuerit

468 3683 732 3754 Joannes,
764 3690 1274 3764 incertum.‘Neque
1299 3699 1443 3754 enim
1472 3702 1711 3772 seipsum
1742 3719 1865 3761 esse
1894 3706 2048 3773 dicit,

470 3776 616 3832 sicut
655 3778 708 3833 in
738 3779 1033 3853 Evangelia
1063 3787 1259 3856 saepius
1286 3789 1509 3857 dicitur,
1536 3792 1866 3864 discipulum
1897 3797 2052 3854 illum

468 3881 634 3935 quem
677 3870 869 3927 dilexit
918 3873 1201 3943 Dominus,
1235 3889 1331 3933 aut
1363 3880 1511 3936 illum
1544 3884 1636 3953 qui
1666 3900 1831 3955 supra
1860 3900 2053 3957 pectus

472 3958 689 4017 Domini
727 3968 993 4033 recubuit,
1024 3979 1113 4023 aut
1144 3970 1368 4027 fratrem
1397 3972 1584 4031 Jacobi
1615 3994 1631 4031 :
1662 3988 1756 4032 aut
1788 3978 1936 4033 illum
1960 3982 2053 4035 de-

471 4052 638 4122 nique
672 4057 766 4125 qui
813 4056 1101 4115 Dominum
1152 4061 1287 4118 vidit
1337 4073 1504 4136 atque
1551 4068 1787 4125 audivit.
1828 4070 2052 4140 Aliquid

470 4146 841 4204 enim‘horum
873 4166 995 4221 quae
1028 4167 1329 4210 memorata
1365 4168 1493 4212 sunt
1516 4173 1670 4216 certe
1716 4160 1971 4225 dixisset,
2005 4162 2051 4217 si

469 4237 707 4307 seipsum
762 4242 967 4312 liquido
1016 4246 1279 4302 voluisset
1335 4253 1646 4307 oswndere.
1697 4253 1807 4309 Sed
1859 4254 2051 4309 borum

469 4330 688 4398 quidem
722 4334 856 4389 nihil
882 4338 1067 4405 posuit
1101 4353 1116 4393 :
1156 4339 1375 4396 fratrem
1399 4358 1528 4398 vero
1554 4344 1817 4401 duntaxat
1845 4354 1901 4402 et
1928 4361 2053 4402 eon-

2158 3262 2285 3299 κοον
2312 3243 2407 3297 τοῦ
2444 3245 2650 3318 Κυρίου
2686 3245 2995 3317 γενόμενον.
3032 3240 3168 3298 Εἷπε
3200 3243 3311 3317 γὰρ
3346 3245 3413 3300 ἄν
3453 3261 3506 3298 τι
3535 3242 3712 3296 τούτων

2158 3339 2265 3393 τῶν
2298 3337 2810 3411 προδεδηλωμένων,
2841 3336 3029 3408 σαφῶς
3054 3337 3245 3390 ἑαυτὸν
3287 3336 3579 3409 ἐμφανίσαι
3606 3333 3708 3405 βου-

2155 3428 2400 3502 λόμενος.
2448 3430 2608 3484 Ἀλλά
2634 3429 2840 3484 τούτων
2869 3430 2968 3501 μὲν
2994 3429 3166 3483 οὐδέν.
3215 3428 3466 3498 ’Λδελφὸν
3493 3428 3545 3481 δὲ
3572 3423 3710 3497 ἡμῶν

2156 3521 2253 3576 καὶ
2286 3522 2647 3591 συγκοινωνὸν
2680 3517 2799 3575 εἷπε
2843 3520 2938 3575 καὶ
2986 3520 3238 3593 μάρτυρα
3274 3520 3473 3594 Ἰησοῦ,
3504 3520 3591 3575 καὶ
3622 3533 3713 3590 μα-

2155 3614 2350 3687 κάριον
2377 3616 2469 3669 ἐπὶ
2496 3618 2567 3685 τῇ
2596 3615 2695 3686 θέᾳ
2733 3614 2829 3668 καὶ
2852 3616 2988 3686 ἀκοῇ
3018 3614 3125 3669 τῶν
3155 3613 3564 3685 ἀποκαλύψεων.
3592 3608 3713 3665 Πολ-

2154 3704 2281 3769 λοὺς
2304 3704 2360 3757 δὲ
2387 3703 2709 3775 ὁμωνύμους
2747 3704 2966 3775 Ἰωάννῃ
2992 3702 3068 3774 τῷ
3093 3702 3376 3776 άποστόλῳ
3412 3701 3604 3774 νομίζω
3633 3716 3711 3769 γε·

2153 3796 2389 3865 γονέναι,
2419 3797 2469 3850 οἳ
2497 3795 2585 3849 διὰ
2610 3794 2709 3868 τὴν
2732 3795 2870 3867 πρὸς
2900 3796 3105 3849 ἐκεῖνον
3129 3795 3371 3868 ἀγάπην,
3397 3797 3488 3849 καὶ
3515 3793 3569 3846 τὸ
3598 3791 3711 3844 θαυ-

2156 3887 2349 3959 μάζειν
2384 3890 2479 3941 καὶ
2504 3886 2721 3958 ζηλοῦν,
2748 3886 3100 3958 ἀγαπηθῆναί
3129 3904 3188 3941 τε
3220 3887 3423 3959 ὁμοίως
3448 3884 3584 3955 αὐτῷ
3606 3881 3709 3953 βού-

2152 3980 2341 4033 λεσθαι
2366 3980 2470 4033 ὑπὸ
2501 3976 2596 4032 τοῦ
2632 3976 2839 4050 Κυρίου
2865 4018 2879 4042 ,
2909 3977 3005 4030 καὶ
3044 3977 3143 4049 τὴν
3171 3976 3484 4048 ἐπωνυμίαν
3511 3975 3597 4045 τὴν
3621 3972 3707 4025 αὐ·-

2150 4070 2251 4140 τὴν
2283 4068 2621 4139 ἠσπάσαντο.
2662 4068 2874 4139 Ὠσπερ
2903 4068 3000 4121 καὶ
3026 4070 3055 4121 6
3089 4066 3301 4131 Παῦλος
3344 4067 3506 4130 πολὺς
3543 4064 3624 4118 καὶ
3647 4061 3704 4131 δὴ

2152 4163 2298 4216 καὶὸ
2337 4162 2541 4233 Πέτρος
2588 4163 2646 4214 ὲν
2692 4162 2802 4224 τοῖς
2850 4159 2958 4213 τῶν
3003 4157 3209 4213 πιστῶν
3250 4159 3438 4213 παισὶν
3468 4153 3702 4228 ὀνομάζει

2150 4272 2240 4309 ται
2274 4254 2370 4326 (4).
2406 4254 2561 4306 Ἐστι
2605 4252 2704 4323 μὲν
2742 4249 2836 4305 οῦν
2876 4251 2970 4304 καὶ
3002 4251 3188 4323 ἕτερος
3226 4250 3476 4322 Ἰωάννης
3512 4252 3563 4302 ὲν
3594 4249 3702 4309 ταῖς

2152 4349 2392 4423 Πράξεσι
2434 4348 2543 4403 τῶν
2586 4347 2898 4402 ἀποστόλων
2934 4347 2962 4400 6
3013 4347 3332 4419 ἐπικληθεὶς
3370 4349 3605 4419 Μάρκος*
3646 4343 3701 4396 εν

469 4432 670 4479 sortem
693 4424 858 4496 275
887 4439 1131 4484 nostrum
1161 4446 1282 4488 sese
1308 4433 1619 4505 appellavit,
1649 4444 1706 4493 et
1736 4445 1929 4493 testem
1955 4435 2048 4494 Je-

2159 4441 2436 4515 Βαρνάὸας
2480 4441 2576 4496 καὶ
2614 4438 2827 4503 Παῦλος
2862 4439 3075 4501 ἑαυτοῖς
3120 4438 3564 4513 συμπαρέλαόον,
3589 4432 3700 4505 περὶ

471 4526 570 4575 su;
599 4512 812 4571 beatum
849 4518 1084 4590 denique
1116 4525 1188 4579 ob
1220 4526 1392 4581 visam
1423 4536 1590 4598 atque
1635 4530 1880 4587 auditam
1937 4532 2045 4588 Be-

470 4599 811 4695 velationem.
869 4611 949 4666 Ac
1016 4614 1283 4683 plurimus
1348 4619 1567 4689 quidem
1625 4620 1801 4679 fuisse
1848 4625 2046 4695 opinor

461 4689 655 4751 Joanni
703 4700 952 4767 apostolo
998 4708 1384 4774 cognomines,
1415 4711 1507 4779 qui
1546 4723 1769 4783 propter
1800 4689 2043 4786 singula-

464 4798 579 4838 rem
609 4801 737 4857 erga
772 4789 921 4846 illum
967 4795 1400 4856 benevolentiam
1424 4840 1441 4865 ,
1491 4812 1548 4857 et
1578 4807 1724 4873 quod
1766 4807 2041 4865 hominem

463 4873 796 4934 mirarentur
822 4896 887 4937 ac
911 4886 1254 4954 suspicerent
1278 4929 1295 4955 ,
1324 4898 1381 4946 et
1406 4892 1637 4961 perinde
1662 4911 1728 4952 ac
1758 4896 1848 4952 ille
1873 4912 1905 4953 a
1939 4898 2045 4954 D0-

462 4964 611 5020 mino
647 4968 797 5040 diligi
836 4975 1129 5044 ambirent,
1155 4980 1256 5036 hoc
1289 4996 1708 5053 cognomentum
1743 4988 2040 5046 adamaveo

462 5056 1071 5129 riutzquemadmodum
1096 5084 1162 5125 ex
1184 5072 1631 5133 lideliumliberis
1657 5078 1857 5134 multos
1884 5078 2036 5136 Pauli

533 5170 783 5264 (‘l‘h’gr
820 5180 961 5264 ,τοῖς
1016 5183 1135 5264 uini:
1182 5187 1693 5264 πιᾳτῶνμπᾳισίν
1742 5194 2036 5264 ,ὀνομάζε-

460 5244 902 5335 lrwqiLAl-‘lotandus
937 5244 1030 5308 est
1085 5256 1173 5311 hic
1226 5260 1470 5335 Dionysii
1505 5244 2040 5335 illiusdieiéﬁtiqﬁa

461 5313 914 5404 g‘lftristiatiorum
941 5313 1472 5404 consuetudinerqui
1502 5313 2045 5404 [ἱξεῐίιῖράἆιῑάὗὲὶῑ

464 5385 697 5475 aliorum
726 5401 1080 5475 Vrsanctorum
1129 5385 1367 5475 nomina"
1399 5385 1597 5475 liberis
1608 5385 2043 5475 ὀίιίῖἰὶιῖβόηὲἐ

647 5460 1012 5539 “Honoris
1038 5480 1104 5539 sc
1139 5451 1766 5539 benevaneais'zasx.
1799 5451 2040 5530 13:51:.

466 5521 625 5612 liberi
651 5531 733 5582 sui
757 5530 1051 5612 Dep__c__lm_ri
1077 5521 2043 5612 acceptiq‘ueﬂegentTVn—on"minus

467 5607 632 5681 quam
664 5602 842 5681 sancti
872 5602 1229 5681 illi_fuerant._
1252 5602 1392 5681 Hinc
1430 5602 1679 5681 estquod
1706 5612 2039 5681 Chrysosto—

470 5677 594 5752 mus!
610 5674 681 5752 in.
702 5676 847 5723 tomo
865 5674 1082 5752 primo,
1109 5676 1166 5732 in
1216 5680 1476 5752 oratione
1493 5674 1568 5752 de
1582 5691 1773 5738 sancto
1796 5674 2035 5752 Heletie,

471 5732 838 5797 Antiochenos
861 5732 1011 5798 tanta
1030 5732 2035 5828 benevolentiaﬁhlelet—iumcomplexus;

2148 4527 2210 4589 οὗ
2231 4534 2325 4588 καὶ
2340 4532 2499 4588 πάλιν
2521 4530 2685 4601 λέγει·
2700 4548 2720 4583 ι
2743 4526 2902 4602 Εἶχον
2922 4530 2981 4584 δὲ
3004 4531 3099 4586 καὶ
3129 4530 3383 4603 Ἰωάννην
3399 4530 3693 4603 ὑπηρέτην.)

2150 4626 2212 4680 El
2243 4625 2301 4678 δὲ
2323 4618 2476 4687 οὗτος
2502 4625 2531 4676 6
2551 4621 2769 4694 γράψας
2795 4621 2941 4674 ἐστὶν
2961 4660 2976 4685 ,
3003 4620 3103 4673 οὐκ
3140 4619 3209 4673 ἂν
3240 4620 3403 4693 φαίην
3426 4637 3439 4651 ·
3465 4618 3575 4673 οὐδὲ
3601 4615 3699 4683 γάρ

2126 4716 2375 4788 ,ἀφῖχθαι
2401 4716 2496 4771 σὺν
2529 4715 2712 4777 αὐτοῖς
2739 4713 2819 4777 εἰς
2846 4711 2942 4784 τὴν
2969 4711 3151 4767 Ἀσίαν
3178 4712 3498 4785 γέγραπται.
3520 4730 3538 4763 ι
3558 4704 3698 4762 Ἀλλά

2147 4808 2471 4880 ἀναχθέντες
2505 4806 2624 4878 μὲν,
2650 4807 2833 4879 φησιν,
2865 4804 2973 4859 ἀπὸ
3001 4806 3101 4876 τῆς
3122 4805 3311 4875 Πάφου
3338 4808 3387 4859 οί
3421 4803 3537 4875 περὶ
3565 4797 3697 4854 Παῦ-

2143 4902 2254 4966 λον,
2286 4896 2451 4972 ἦλθον
2495 4899 2574 4963 είς
2601 4898 2819 4969 Πέργην
2845 4896 2944 4968 τῆς
2987 4896 3331 4968 Παμφυλίας.
3376 4896 3605 4963 Ἰωάννης
3641 4888 3694 4942 δὲ

2140 4994 2504 5066 ἀποχωρήσας
2525 4990 2619 5046 ἀπ’
2645 4989 2843 5053 αὐτῶν,
2860 4988 3195 5059 ὑπέστρεψεν
3217 4990 3298 5053 εἰς
3327 4984 3689 5058 Ἱεροσόλυμα-ι

2145 5080 2335 5137 Ἀλλον
2377 5080 2437 5135 δέ
2473 5096 2594 5136 τινα
2621 5073 2778 5151 οἶμαι
2802 5076 2911 5132 τῶν
2951 5079 3010 5132 ὲν
3052 5077 3206 5151 Ἀσίᾳ
3232 5078 3553 5150 γενομένων·
3581 5067 3691 5126 ἐπεὶ

2145 5212 2270 5252 esse
2297 5198 2516 5263 scribit,
2565 5202 2627 5250 ut
2676 5202 2935 5271 parentes
2979 5193 3167 5248 liberis
3193 5194 3315 5271 suis
3345 5206 3541 5271 nomen
3559 5185 3686 5271 illius

2146 5271 2512 5341 imponerent,
2559 5266 2931 5341 quo__domum
2968 5264 3570 5341 suamejusdpraasentia
3599 5270 3687 5341 ex-

2144 5322 2426 5411 ornarem.
2455 5322 2600 5411 idem
2646 5336 3094 5411 Chrysostomus,
3143 5322 3366 5389 homil'ia
3408 5333 3467 5387 2i
3514 5331 3564 5411 in
3598 5322 3687 5411 Ge-

2146 5408 2345 5474 ueu’m,
2377 5406 2659 5462 auditores
2679 5421 2810 5460 suos
2846 5407 3122 5467 hortatur,
3155 5413 3216 5458 ut
3247 5419 3355 5460 non
3385 5406 3572 5473 qumvis
3599 5410 3688 5449 no-

2145 5478 2293 5531 mina
2326 5489 2531 5532 temere
2554 5491 2619 5531 ac
2652 5476 2897 5541 fortuito,
2934 5488 3035 5530 nec
3068 5489 3296 5547 avorum
3341 5481 3432 5527 aut
3476 5478 3683 5547 proavOj

2147 5563 2290 5622 rum,
2322 5557 2415 5601 aut
2442 5547 2737 5622 illustrium
2769 5547 3040 5622 virorum:
3070 5544 3164 5622 sed
3193 5553 3499 5622 sancto-runt
3518 5544 3679 5622 pollﬁf

2145 5616 2428 5671 hominum
2482 5617 2576 5687 qui
2624 5616 2917 5671 virtutibus
2948 5614 3304 5682 refulserunt,
3358 5613 3680 5687 liberis‘stll‘s

2146 5688 2430 5757 imponant
2462 5679 2879 5757 appellationes,
2909 5695 2968 5742 ut
2996 5698 3188 5741 eorum
3220 5679 3461 5756 exemplo
3491 5679 3552 5735 ad
3586 5679 3680 5727 vir-

2147 5767 2313 5813 tutem
2343 5757 2722 5815 incendantur.
