3876 6520
480 442 584 498 707

1180 432 1448 491 EUSEBII
1487 430 1956 488 CIESARIENSIS
1993 431 2143 486 OPP.
2184 430 2361 487 PARS
2398 432 2442 486 ι.
2481 461 2554 472 -
2591 429 2982 487 HISTORICA.

3616 436 3705 493 708

480 559 726 628 regebat,
756 565 809 611 et
830 530 1172 610 Theotecnus
1206 551 1296 621 qui
1336 551 1729 605 Caesariensem
1758 549 1833 604 illi
1873 550 2038 604 finiti-

2167 548 2204 601 ιύ
2255 549 2362 620 μὴν
2415 547 2550 602 ἀλλὰ
2592 549 2687 602 καὶ
2726 551 2824 620 τῆς
2856 550 2916 602 ὲν
2959 548 3350 621 Ἰεροσολύμοις
3401 547 3705 620 Ἐκκλησίας

480 667 624 707 mam
677 647 1132 703 administrabat:
1173 644 1439 699 Maximus
1499 650 1782 711 prauerea,
1815 642 1903 711 qui
1934 640 2038 693 Bo-

480 753 746 797 strensem
780 737 1078 793 Ecclesiam
1106 751 1314 790 summa
1346 750 1468 789 cum
1496 734 1654 787 laude
1697 734 2039 802 gubernavit.

481 834 778 889 Sexcentos
805 843 1018 898 quoque
1048 826 1182 880 alios
1212 826 1305 895 qui
1336 840 1440 877 una
1468 839 1591 878 cum
1619 824 1958 893 presbyteris
1988 833 2044 876 et

482 924 721 980 diaeonis
742 935 807 974 eo
831 918 1229 980 conﬂuxerunt,
1261 930 1599 983 nequaquam
1636 913 1855 968 ditﬁcilc
1883 912 2046 966 fuerit

480 1005 783 1069 recensere.
814 1010 1012 1063 Verum
1036 1008 1089 1061 hi
1113 1022 1249 1076 quos
1274 1005 1406 1070 dixi,
1434 1006 1676 1058 illustres
1702 1019 1812 1072 pra:
1833 1002 2044 1056 caeteris

477 1105 834 1161 habebantur.
867 1100 1131 1154 Omnibus
1162 1099 1325 1166 igitur
1363 1097 1515 1150 vario
1552 1103 1792 1164 tempore
1817 1094 2045 1148 diversi-

476 1197 635 1250 mode
668 1209 733 1248 ac
775 1206 1149 1261 saepenumero
1180 1192 1231 1243 in
1268 1204 1433 1243 unum
1488 1188 1837 1249 coeuntibus,
1864 1186 2047 1239 multae

475 1287 867 1357 disputationes
886 1293 941 1339 et
963 1282 1294 1351 quaestiones
1318 1283 1371 1336 in
1402 1297 1510 1336 uno
1541 1295 1758 1349 quoque
1790 1293 2044 1333 consessu

475 1379 691 1451 agitatae
726 1386 876 1443 sunt,
905 1392 1026 1430 cum
1061 1377 1188 1431 hinc
1232 1374 1636 1430 Samosatensis
1694 1372 1887 1427 Paulus
1921 1373 2051 1439 dog-

475 1473 636 1527 matis
661 1471 742 1525 sui
774 1470 1067 1524 novitatem
1105 1466 1382 1521 occultare
1414 1466 1592 1521 adhuc
1641 1466 1927 1527 niteretur,
1984 1466 2049 1518 il-

476 1564 585 1618 linc
611 1562 923 1618 sacerdotes
949 1561 1199 1615 haeresim
1231 1559 1375 1614 illius
1402 1567 1456 1612 et
1484 1558 1741 1612 adversus
1767 1554 2043 1610 Christum

476 1656 863 1727 blasphemiam
899 1654 1174 1710 demutare
1205 1651 1445 1720 atquein
1483 1649 1719 1703 medium
1753 1650 2049 1715 producere

478 1747 806 1801 laborarent.
836 1745 971 1798 Dum
1008 1746 1120 1797 iure
1146 1753 1403 1813 aguntur,
1427 1741 1719 1811 Dionysius
1744 1751 2045 1793 extremum

479 1841 624 1894 diem
658 1838 812 1903 obiit,
844 1851 987 1891 anno
1015 1836 1348 1906 principatus
1398 1834 1634 1888 Gallieni
1684 1831 2005 1885 duodecimo
2031 1869 2046 1893 ,

481 1946 603 1986 cum
658 1928 1001 1984 Alexandria:
1045 1926 1414 1996 episcopatum
1448 1923 1835 1994 septemdecim
1892 1923 2051 1975 annis

480 2019 822 2075 obtinuisset.
852 2017 905 2071 in
931 2016 1045 2086 ejus
1086 2017 1261 2073 locum
1292 2017 1618 2085 subrogatus
1639 2023 1720 2068 est
1760 2012 2046 2068 Maximus.

481 2115 553 2166 At
577 2111 853 2167 Gallienus
883 2110 1110 2181 imperio
1158 2122 1253 2177 per
1296 2106 1601 2176 quindecim
1639 2106 1929 2159 continuos
1956 2122 2054 2158 an-

486 2220 585 2259 nos
618 2204 1013 2265 administrato,
1049 2201 1335 2256 Claudium
1387 2204 1757 2252 suecess'orem
1813 2196 2049 2266 reliquit.

486 2296 589 2363 Qui
615 2311 737 2350 cum
761 2295 1031 2350 biennium
1059 2290 1455 2361 imperavisset,
1482 2289 1772 2343 Aureliano
1800 2288 2053 2357 deinceps

488 2389 712 2443 tradidit
739 2388 1126 2457 principatum.

1041 2569 1268 2624 CAPUT
1312 2566 1504 2622 XXIX.

528 2686 776 2752 Qualiter
799 2684 1004 2736 Paulus
1032 2684 1297 2735 convictus
1334 2700 1366 2734 a
1395 2679 1694 2752 Male/(ioue
1727 2679 2027 2749 presbytero

658 2758 746 2826 qui
786 2758 931 2823 prius
970 2754 1200 2820 sap/iisut
1233 2751 1433 2821 fuerat,
1467 2750 1741 2803 abdicatus
1773 2760 1874 2803 est.

563 2907 730 2976 Hujus
762 2907 1093 2976 temporibus
1121 2912 1390 2973 postrema
1416 2902 1652 2971 synodus
1683 2902 2054 2956 innumerabi—

490 3001 619 3054 lium
670 3000 785 3054 fere
811 2999 1183 3069 episcoporum
1232 3009 1553 3066 congregata
1584 3004 1687 3060 est,
1720 2995 1772 3048 in
1826 3010 1928 3063 qua
1960 3010 2059 3049 au-

487 3109 606 3150 c;or
635 3093 725 3149 ille
746 3091 965 3147 nefaria‘
995 3090 1134 3161 apud
1161 3090 1506 3143 Antiochiam
1540 3089 1807 3142 haereseos
1835 3086 2053 3151 Paulus,

488 3186 767 3239 convictus
793 3192 848 3237 et
881 3183 949 3238 ab
988 3181 1241 3236 omnibus
1290 3176 1735 3233 manifestissime
1766 3179 2059 3248 deprehen-

2155 640 2457 709 Ὑμέναιος,
2482 640 2581 712 τῆς
2614 657 2677 694 τε
2706 641 2909 713 ὁμόρου
2934 640 3139 714 ταύτης
3163 641 3505 715 Καισαρείας
3535 642 3708 696 Θεότε-

2144 748 2268 795 κνος
2286 771 2301 795 ,
2336 731 2587 803 Μάξιμος
2616 732 2693 786 ἔτι
2723 734 2859 806 πρὸς
2894 732 3136 798 τούτοις,
3179 733 3288 787 τῶν
3316 734 3461 788 κατὰ
3486 734 3707 804 Βόστραν

2143 823 2200 877 δὲ
2236 825 2329 877 καὶ
2355 819 2509 888 οὗτος
2540 824 2784 896 ἀδελφῶν
2812 825 3127 899 διαπρεπῶς
3151 827 3336 898 ἠγεῖτο
3360 844 3374 857 ·
3415 826 3637 898 μυρίους
3658 844 3707 881 τε

2145 913 2337 977 ἄλλους
2368 913 2468 967 οὐκ
2509 913 2575 967 ἂν
2621 915 2895 986 ἀπορήσαι
2931 932 3013 979 τις
3061 915 3178 985 ἅμα
3210 913 3602 986 πρεσϐυτέροις
3631 916 3707 969 καὶ

2145 1005 2445 1069 διακόνοις,
2493 1006 2591 1076 τῆς
2628 1007 2796 1079 αὐτῆς
2829 1007 3011 1061 ἕνεκεν
3054 1006 3236 1071 αἰτίας
3268 1009 3326 1062 ὲν
3356 1011 3421 1079 τῇ
3467 1023 3708 1079 προειρη-

2150 1095 2283 1167 μένῃ
2323 1096 2473 1150 πόλει
2503 1097 2754 1167 τηνικάδε
2799 1099 3268 1171 συγκροτηθέντας
3307 1098 3708 1171 ἀπαριθμούμε-

2146 1205 2255 1252 νος.
2298 1188 2460 1242 Ἀλλὰ
2479 1189 2684 1242 τούτων
2710 1207 2771 1258 γε
2801 1192 2850 1244 οἱ
2880 1192 3113 1262 μάλιστα
3133 1195 3414 1263 ἐπιφανεῖς
3434 1193 3538 1246 οἶδε
3559 1188 3706 1264 ἦσαν.

2146 1279 2375 1333 Πάντων
2404 1275 2497 1334 οὖν
2523 1280 2663 1333 κατὰ
2680 1282 2906 1353 καιροὺς
2923 1281 3194 1353 διαφόρως
3225 1282 3339 1354 (16)
3360 1283 3453 1337 καὶ
3469 1283 3707 1348 πολλάκις

2148 1372 2240 1426 ἐπὶ
2283 1373 2446 1426 ταύτὸ
2486 1373 2808 1440 συνιόντων,
2856 1374 3003 1443 λόγοι
3047 1376 3139 1429 καὶ
3171 1376 3430 1448 ζητήσεις
3457 1375 3575 1429 καθ’
3597 1377 3706 1431 ἐκά-

2151 1480 2282 1534 στην
2324 1462 2670 1518 ἀνεκινοῦντο
2700 1464 2946 1530 σύνοδον,
2988 1466 3097 1518 τῶν
3134 1468 3230 1536 μὲν
3264 1466 3406 1537 ἀμφὶ
3431 1466 3521 1519 τὸν
3544 1467 3707 1537 Σαμο-

2152 1557 2317 1610 σατέα
2346 1555 2413 1608 τὰ
2442 1556 2543 1627 τῆς
2575 1558 2908 1630 ἐτεροδοξίας
2934 1558 3293 1628 ἐπικρύπτειν
3323 1559 3404 1611 ἑτι
3427 1560 3521 1613 καὶ
3548 1577 3708 1629 παρα-

2150 1647 2519 1701 καλύπτεσθαι
2564 1648 2953 1719 πειρωμένων,
2986 1648 3099 1701 τῶν
3142 1649 3198 1702 δὲ
3246 1649 3592 1719 ἀπογυμνοῦν
3630 1651 3706 1703 καὶ

2152 1739 2231 1801 εἰς
2260 1739 2492 1811 φανερὸν
2520 1740 2672 1809 ἄγειν
2700 1739 2798 1811 τὴν
2846 1740 3057 1811 αἵρεσιν
3097 1739 3194 1794 καὶ
3234 1739 3333 1812 τὴν
3379 1743 3457 1804 είς
3492 1742 3705 1814 Χριστὸν

2156 1828 2502 1900 βλασφημίαν
2558 1830 2754 1894 αὐτοῦ,
2803 1830 2890 1883 διὰ
2943 1832 3177 1902 σπουδῆς
3214 1832 3570 1902 ποιουμένων.
3632 1832 3704 1886 Ἐν

2152 1918 2325 1989 τούτῳ
2348 1920 2405 1972 δὲ
2429 1919 2700 1983 Διονύσιος
2730 1919 2953 1991 τελευτᾷ
2972 1960 2987 1984 ,
3031 1920 3173 1974 κατὰ
3197 1921 3581 1976 τὸδωδέκατον
3605 1922 3703 1987 Ero;

2151 2013 2249 2082 τῆς
2274 2011 2567 2083 Γαλλιηνοῦ
2602 2012 2894 2081 βασιλείας,
2929 2013 3170 2085 προστὰς
3202 2014 3303 2084 τῆς
3332 2017 3451 2068 κατ’
3480 2014 3704 2079 Ἀλεξάν-

2151 2103 2334 2175 δρειαν
2367 2106 2671 2176 ἐπισκοπῆς
2698 2104 2871 2158 ἔτεσιν
2906 2106 3273 2160 ἑπτακαίδεκα
3296 2121 3309 2135 ·
3338 2106 3629 2178 διαδέχεται
3657 2107 3702 2160 δὲ

2153 2196 2312 2250 αὑτὸν
2361 2196 2633 2267 Μάξιμος.
2690 2198 2983 2268 Γαλλιηνοῦ
3033 2199 3090 2252 δὲ
3142 2198 3227 2267 ἐφ’
3271 2199 3414 2262 ὅλοις
3464 2201 3705 2263 ἐνιαυτοῖς

2155 2290 2540 2342 πεντεκαίδεκα
2562 2290 2659 2361 τὴν
2676 2289 2845 2362 ἀρχὴν
2868 2292 3290 2362 κεκρατηκότος,
3306 2291 3566 2354 Κλαύδιος
3593 2308 3706 2344 κατι

2154 2381 2286 2451 έστη
2331 2381 2593 2451 διάδοχος.
2627 2381 2888 2455 Δεύτερον
2919 2383 2975 2436 δὲ
3023 2375 3177 2447 οὗτος
3205 2380 3432 2437 διελθὼν
3459 2382 3592 2447 ἔτος.
3618 2383 3706 2436 At).

2154 2472 2395 2545 ρηλιανῷ
2427 2473 2749 2545 μεταδίδωσι
2777 2473 2874 2545 τὴν
2903 2475 3220 2546 ἠγεμονίαν.

2660 2568 3052 2621 ΚΕΦΑΛΑΙΟΝ
3091 2570 3221 2621 ΚΘΕ
3704 2614 3714 2623 .

2161 2656 2351 2723 Ὅπως
2379 2660 2413 2712 ό
2437 2658 2679 2726 Παῦλος
2706 2658 3011 2729 ἐλεγχθεὶς
3042 2659 3159 2712 ὑπὸ
3186 2659 3537 2728 Μιιλχίωνός
3566 2676 3706 2723 τινος

2226 2748 2678 2888 cii-5015009722?
2730 2748 3157 2817 πρεσϐυτέρου,
3186 2748 3555 2817 ἐξεκηρύχθη
3582 2747 3702 2818 (Nic.

2287 2857 2301 2872 .
2396 2858 2408 2871 .
2448 2833 2521 2882 vt,
2636 2864 2649 2873 .

2287 2857 2301 2872 .
2345 2833 2408 2871 ιι.
2448 2833 2649 2882 vexa).

2230 2910 2367 2964 Καθ’
2394 2911 2453 2965 ὃν
2494 2912 2606 2981 (17)
2632 2910 2948 2975 τελευταίας
2980 2910 3446 2983 συγκροτηθείσης
3469 2910 3705 2964 πλείστων

2159 3002 2296 3055 ὅσων
2322 3002 2633 3055 ἐπισκόπων
2673 3001 2888 3055 συνόδου
2909 3040 2923 3063 ,
2954 3001 3226 3073 φωραθεὶς
3266 3003 3361 3055 καὶ
3392 3002 3523 3073 πρὸς
3552 3002 3705 3054 ἀπάν-

2159 3109 2268 3145 των
2282 3093 2390 3169 ,ἤδη
2420 3091 2606 3162 σαφῶς
2632 3090 3039 3160 καταγνωσθεὶς
3066 3091 3400 3163 ἐτεροδοξίαν
3423 3097 3451 3147 ό
3473 3094 3564 3163 τῆς
3586 3090 3706 3144 κατὲ

2173 3184 2504 3254 Ἀντιόχειαν
2539 3183 2799 3255 αἱρέσεως
2826 3184 3086 3254 ἀρχηγὸς,
3112 3186 3211 3254 τῆς
3253 3185 3359 3237 ὑπὸ
3389 3185 3477 3237 τὸν
3506 3183 3707 3255 οὐρανὸν

491 3292 583 3331 sus
605 3276 723 3331 falsi
755 3276 1021 3347 dogmatis
1057 3290 1199 3335 reus,
1238 3274 1304 3326 ab
1336 3271 1589 3325 universa
1616 3286 1737 3337 qua:
1784 3272 1883 3324 sub
1917 3271 2058 3326 caelo

2167 3275 2454 3346 καθολικῆς
2505 3274 2835 3345 Ἐκκλησίας
2888 3274 3344 3346 ἀποκηρύττεται.
3395 3275 3623 3330 Μάλιστα
3665 3273 3703 3326 δ’

490 3380 575 3423 est
601 3368 839 3423 Ecclesia
863 3367 1129 3421 catholica
1150 3364 1461 3419 eliminatos
1490 3374 1591 3417 εει.
1627 3361 1904 3430 Praecipue
1933 3377 2062 3418 vero

492 3459 643 3512 illum
670 3458 932 3527 coarguit,
961 3467 1013 3510 et
1043 3459 1211 3511 latere
1246 3454 1550 3524 cupientem
1588 3453 1891 3508 confutavit
1924 3453 2061 3507 Mal-

494 3551 654 3605 cliion
684 3551 928 3620 quidam,
958 3551 1041 3602 vir
1069 3548 1458 3604 disertissimus
1477 3589 1492 3611 ,
1529 3546 1727 3617 quippe
1756 3548 1848 3615 qui
1883 3547 2063 3617 50phi-

495 3641 646 3695 stica:
668 3642 805 3709 apud
840 3639 1178 3692 Antiochiam
1210 3637 1409 3692 schola:
1438 3636 1750 3706 praefuerat,
1787 3645 1841 3692 et
1871 3640 1960 3706 qui
1990 3641 2058 3695 ob

496 3757 754 3812 scribitur
784 3757 835 3810 in
861 3774 927 3812 eo
950 3758 1154 3819 codice,
1182 3773 1301 3811 eum
1332 3758 1529 3825 vulgati
1556 3756 1775 3810 codices
1804 3756 2056 3812 Nicoma-

497 3828 660 3880 chum
689 3829 990 3895 prmferant.
1020 3826 1092 3879 Ita
1124 3828 1285 3882 etiam
1315 3830 1573 3892 scriptum
1604 3827 1779 3880 inveni
1808 3830 1858 3881 in
1892 3830 2063 3885 altero

501 3911 607 3949 non
648 3900 873 3953 minoris
914 3898 1258 3965 antiquitatis
1289 3898 1477 3951 codice
1520 3895 1578 3965 C.
1612 3895 1848 3951 Justelli.

572 3966 684 4035 (16)
718 3969 879 4021 Κατὰ
913 3964 1153 4034 καιροὺς
1184 3967 1495 4035 διαφόρως.
1535 3964 1738 4020 Omnes
1768 3969 1936 4022 nostri
1970 3983 2063 4022 co-

501 4036 784 4109 dicesuno
810 4053 1071 4109 corisensu
1113 4035 1494 4109 habenam-:5:
1545 4036 1770 4109 καιρούς
1814 4038 2059 4109 (vulgati,

501 4106 735 4177 καιρόν).
767 4106 949 4177 Itaque
975 4106 1199 4177 libenter
1225 4106 1519 4160 scriberem
1547 4105 1690 4158 κατὰ
1706 4105 2066 4177 καιροὺςδια-

502 4174 723 4246 φόρους,
760 4175 1058 4243 cujusmodi
1096 4191 1338 4230 errorem
1370 4191 1543 4246 supra
1574 4174 1899 4231 notavimus.
1942 4180 2064 4232 Plu-

503 4245 591 4317 res
618 4255 763 4317 certe
807 4246 1001 4317 synodi
1053 4248 1315 4307 adversus
1369 4245 1591 4297 Paulum
1646 4245 2061 4317 Samosatenum

504 4315 735 4386 diversis
765 4315 1099 4383 temporibus
1143 4325 1482 4386 congregata:
1511 4323 1660 4380 sunt,
1706 4325 1764 4369 ut
1796 4316 2063 4371 Eusebius

503 4384 835 4453 Rulinusque
887 4394 1170 4440 testantur.
1218 4384 1370 4451 Quod
1422 4395 1601 4438 autem
1664 4387 1910 4453 sequitur
1970 4388 2064 4441 καὶ

2161 3367 2321 3419 αὐτὸν
2373 3364 2601 3428 εὐθύνας
2665 3366 3133 3436 ἐπικρυπτόμενον
3185 3365 3429 3437 διήλεγξε
3477 3364 3706 3436 Μαλχίων

2164 3460 2275 3529 (18)
2301 3498 2315 3519 ,
2368 3457 2506 3528 ἀνὴρ
2544 3456 2614 3512 τά
2659 3474 2717 3508 τε
2762 3455 2895 3509 ἄλλα
2940 3456 3139 3524 λόγιος,
3186 3458 3281 3511 καὶ
3331 3457 3571 3527 σοφιστοῦ
3611 3454 3705 3508 τῶν

2163 3551 2248 3604 ἐπ’
2294 3550 2620 3619 Ἀντιοχείας
2661 3548 2985 3620 Ἑλληνικῶν
3026 3548 3423 3621 παιδευτηρίων
3460 3548 3706 3620 διατριϐῆς

2167 3640 2462 3713 προεστὼς,
2504 3641 2566 3693 οὐ
2606 3640 2711 3712 μὴν
2747 3640 2883 3694 ἀλλὰ
2927 3642 3021 3695 καὶ
3066 3641 3132 3695 δι’
3160 3641 3587 3713 ὑπερϐάλλουσαν
3621 3641 3707 3710 τῆς

2168 3778 2258 3816 nos
2285 3760 2408 3827 160,
2435 3761 2501 3812 ab
2534 3760 2839 3813 orthodoxi:
2866 3762 3117 3826 episcopis
3138 3761 3468 3814 anathemate
3493 3759 3705 3813 condent-

2172 3841 2316 3885 nato.
2350 3831 2597 3898 Scriptus
2627 3831 2843 3898 estihic
2888 3831 3100 3885 lilwllus
3137 3832 3419 3885 consulatu
3446 3829 3703 3883 Theodosii

2168 3900 2398 3968 Augusti
2456 3897 2553 3970 ιιιιι
2611 3908 2664 3953 et
2725 3897 3085 3970 Yalentitiiani
3122 3916 3207 3964 ιιι,
3244 3915 3388 3954 anno
3445 3908 3699 3970 antequam

2168 3970 2408 4041 synodus
2454 3969 2508 4041 in
2555 3970 2688 4041 urbe
2731 3969 2942 4036 Epheso
2971 3980 3403 4041 congregaretur.
3425 3971 3506 4024 Ab
3539 3984 3595 4022 eo
3624 3969 3704 4038 igi-

2174 4039 2262 4094 tur
2292 4039 2572 4093 consulatu
2621 4040 2665 4091 si
2714 4049 2866 4093 retro
2913 4039 3288 4093 numeraveris
3328 4054 3495 4094 annos
3517 4047 3703 4106 centum

2172 4120 2228 4163 et
2259 4110 2542 4177 sexaginta
2569 4108 2791 4169 solidos,
2822 4109 3032 4163 incides
3064 4109 3118 4162 in
3149 4106 3701 4177 consulat’mnClaudii

2170 4188 2226 4234 et
2270 4173 2509 4238 Paterni.
2545 4179 2637 4246 qui
2692 4186 2777 4231 est
2825 4192 3002 4232 annus
3058 4178 3259 4233 Christi
3322 4178 3449 4233 270.
3500 4173 3700 4232 Proinde

2170 4248 2412 4320 synodus
2442 4247 2781 4320 Antiochena
2830 4247 2884 4320 in
2935 4263 3041 4317 qua
3087 4248 3381 4302 damnatus
3412 4257 3492 4303 est
3512 4246 3701 4320 Paulus,

2171 4315 2429 4372 convenit
2468 4316 2697 4371 Claudio
2738 4326 2793 4370 et
2842 4315 3075 4371 Paterno
3116 4333 3288 4384 coss.,
3342 4333 3483 4373 anno
3529 4315 3702 4371 Christi

2170 4389 2296 4442 270.
2327 4387 2503 4455 Atque
2536 4387 2610 4440 ita
2640 4386 3108 4456 ponit‘Marianus
3148 4390 3348 4443 Scelus
3377 4400 3432 4443 et
3475 4386 3705 4441 Herman-

504 4454 803 4535 πολλάκις.
837 4456 887 4508 id
923 4454 1414 4535 minimeotiosum
1444 4464 1541 4535 est
1591 4469 1656 4507 ac
1709 4456 2062 4535 superfluum.
2097 4479 2142 4535 Ι)
2172 4472 2274 4513 nus
2297 4454 2701 4535 Contractusgin
2731 4455 3028 4535 Chronico...
3050 4458 3400 4535 Sedﬁomnem
3436 4455 3703 4535 dubitatio:

509 4525 637 4576 Nam
678 4536 730 4578 et
756 4525 935 4595 plures
962 4526 1196 4595 diversis
1229 4524 1561 4590 temporibus
1593 4526 1827 4595 synodos
1851 4537 2068 4581 coactas

508 4594 675 4665 fuisse
705 4595 781 4648 ait
811 4594 1098 4658 Eusebius,
1134 4605 1185 4649 et
1217 4595 1270 4665 in
1304 4594 1631 4665 unaquaque
1648 4597 1859 4663 synodo
1888 4597 2070 4665 plures

509 4662 675 4719 fuisse
708 4665 978 4736 sessiones
1009 4667 1124 4718 sive
1152 4664 1417 4736 actiones.
1453 4663 1630 4716 Prima
1656 4662 1872 4732 quidem
1889 4662 2069 4736 syno-

509 4736 611 4803 dus
644 4734 946 4787 Antiochiae
986 4746 1173 4788 contra
1212 4732 1436 4803 Paulum
1466 4744 1789 4803 congregata
1820 4747 1902 4789 est
1931 4732 2074 4789 anno

509 4802 736 4873 Callieui
764 4819 862 4866 xu,
896 4802 981 4857 cui
1021 4803 1270 4872 praesedit
1314 4802 1660 4873 Firmilianus
1688 4820 1703 4856 :
1734 4805 1798 4857 de
1818 4820 1925 4873 qua
1953 4806 2074 4860 vide

509 4870 798 4925 Baronium
826 4874 891 4925 ad
915 4870 1112 4926 annum
1152 4873 1351 4926 Christi
1384 4871 1491 4925 ’265
1516 4884 1567 4926 et
1590 4874 1715 4926 266.

583 4941 694 5014 (l7)
724 4944 874 5014 Kao:
894 4942 984 4995 ὅν.
1017 4942 1306 5014 Subaudiri
1355 4952 1530 5014 potest
1569 4943 1778 5014 καιρόν,
1806 4945 2074 5012 quomodo

514 5011 1124 5084 loquigsoletEusebius.
1156 5010 1309 5077 Quod
1329 5015 1373 5065 si
1404 5012 1525 5079 quis
1554 5010 1893 5084 Αὐρηλιανόν
1924 5014 2076 5084 malit

515 5080 851 5155 uitelligere,
907 5082 1157 5155 equidem
1198 5096 1304 5133 non
1359 5080 1705 5155 magnopere
1740 5083 2070 5154 repugnabo.

515 5148 621 5203 Sed
658 5166 724 5203 ex
761 5152 846 5204 his
879 5148 1059 5205 verbis
1093 5152 1142 5204 id
1182 5160 1391 5222 tantum
1443 5148 1636 5206 confici
1682 5148 2077 5222 potest,'syno-

516 5222 638 5274 dum
693 5221 1086 5291 Antiochenam
1132 5221 1355 5274 exordio
1404 5223 1739 5291 principatus
1791 5223 2072 5277 Aureliani

517 5292 824 5357 contigisse.
851 5290 1081 5361 Proinde
1110 5306 1213 5343 non
1238 5292 1509 5345 assentior
1538 5290 1793 5361 Baronio,
1823 5294 1914 5361 qui
1939 5292 2078 5347 hanc

517 5363 779 5430 synodum
806 5360 970 5414 refert
1001 5375 1144 5412 anno
1175 5376 1209 5413 ιι
1241 5360 1538 5415 Aureliani.
1569 5360 1674 5415 Sed
1706 5360 1922 5415 Barohii
1950 5376 2075 5415 sen-

518 5432 740 5500 tentiam
772 5446 992 5497 prorsus
1027 5434 1224 5483 evertit
1251 5431 1538 5485 concdium
1573 5431 1921 5498 Ephesium",
1948 5446 2069 5500 pag.

516 5498 645 5561 228,
674 5500 762 5554 ubi
800 5500 996 5553 Paulus
1028 5500 1418 5553 Samosatenus
1447 5501 1732 5554 damnatus
1759 5501 1959 5555 dicitur
1988 5498 2081 5553 aii-

524 5579 574 5638 te
596 5583 776 5638 annos
805 5578 1020 5623 centum
1051 5579 1105 5622 et
1133 5571 1435 5638 seXagiuta.
1487 5568 1579 5622 Sic
1623 5570 1765 5623 enim
1819 5571 1981 5624 habet
2015 5570 2080 5622 li-

524 5634 693 5707 bellus
739 5638 1154 5693 contestatiouis
1194 5634 1324 5693 clei'i
1349 5638 1938 5707 Constantinopolitani
1974 5655 2073 5706 pu-

525 5705 660 5778 blice
695 5707 747 5759 iu
782 5707 1021 5761 Ecclesia
1065 5709 1411 5778 propositus,
1438 5707 1584 5778 quod
1624 5705 1907 5761 Nestorius
1941 5705 2079 5778 ejus-

522 5776 637 5828 dem
669 5779 940 5830 seuteatiaa
967 5778 1033 5830 sit
1069 5775 1187 5830 cum
1220 5775 1396 5832 Paulo
1423 5775 1787 5841 Samosateno,
1818 5785 1936 5832 ante
1964 5775 2077 5832 ἀη-

2178 4543 2304 4581 nem
2338 4527 2526 4580 adimit
2563 4526 2788 4595 epistola
2836 4527 3097 4596 synodica
3155 4527 3380 4581 Patrum
3422 4522 3701 4596 Antioclieni

2171 4596 2413 4660 concilii.
2439 4611 2561 4669 quae
2591 4592 2753 4650 inissa
2783 4592 2906 4669 esse
2930 4598 3130 4669 dicitur
3158 4599 3224 4650 ad
3282 4598 3582 4669 Dionysium
3613 4592 3707 4669 lio-

2174 4682 2394 4720 manum
2435 4663 2771 4734 e‘piseOpum.
2803 4664 2937 4721 Cum
2990 4667 3135 4720 enim
3175 4676 3391 4721 constet
3423 4663 3703 4734 Dionysium

2173 4750 2368 4805 papam
2430 4744 2703 4805 mortuum
2745 4751 2865 4791 esse
2903 4737 3189 4791 consulatu
3221 4737 3427 4791 Claudii
3457 4746 3508 4789 et
3544 4737 3703 4787 Pater-

2176 4803 2340 4858 ni'vn
2368 4805 2481 4859 Cal.
2535 4803 2842 4866 Ianuarias,
2872 4806 3165 4861 concilium
3205 4806 3585 4861 Antiochenam
3636 4813 3708 4853 se-

2175 4877 2289 4930 rius
2328 4875 2552 4928 omnino
2609 4877 2930 4944 congregari
2984 4891 3094 4930 non
3130 4877 3325 4944 potuitt
3369 4877 3435 4929 At
3476 4870 3707 4927 Baronius

2175 4945 2264 5009 qui
2301 4946 2593 4999 concilium
2630 4945 3038 5001 Antiochenum
3100 4944 3316 5000 confert
3365 4947 3416 4999 in
3450 4957 3630 4997 annum
3660 4950 3705 5009 ιι

2175 5008 2478 5075 Aureliani,
2513 5028 2737 5068 necesse
2771 5014 2964 5069 habuit
2997 5016 3375 5084 pontificatum
3412 5011 3630 5084 Dionysii
3657 5008 3699 5059 in

2176 5098 2296 5136 eum
2328 5099 2496 5152 usque
2529 5098 2729 5136 annum
2777 5080 3093 5151 producere,
3144 5095 3333 5139 contra
3365 5083 3521 5152 ﬁdem,
3543 5080 3702 5152 'libroj

2178 5168 2297 5205 rum
2332 5147 2721 5219 pontificalium
2772 5147 2988 5208 Damasi
3015 5163 3071 5207 et
3101 5155 3399 5208 Anastasii.
3430 5150 3557 5218 Quid
3583 5147 3701 5219 quod

2180 5216 2339 5277 anno
2365 5239 2401 5277 ιι
2447 5222 2943 5293 Aurelianibellum
2972 5225 3021 5276 in
3045 5224 3270 5278 Oriente
3302 5216 3503 5293 gestuin
3529 5216 3608 5293 est
3629 5216 3704 5293 ad-

2175 5307 2367 5346 versus
2401 5292 2719 5356 Zenobiam,
2760 5304 2917 5361 capta
2976 5309 3098 5347 cum
3147 5292 3269 5346 aliis
3296 5289 3511 5347 urbibus
3544 5289 3704 5342 Antio-

2178 5363 2324 5424 chia,
2354 5363 2490 5417 adeo
2543 5372 2600 5416 ut
2634 5364 2877 5433 synodus
2925 5365 3306 5433 episcoporum
3342 5378 3406 5417 eo
3434 5375 3565 5414 anno
3604 5372 3704 5412 cou-

2178 5434 2387 5501 gregari
2426 5448 2529 5486 non
2567 5432 2825 5498 potuerit.

2249 5502 2359 5571 (18)
2393 5502 2698 5571 Μαλχίων.
2735 5502 3069 5557 Leontiusin
3107 5503 3247 5557 libro
3277 5500 3506 5557 tContra
3547 5498 3706 5571 Nesto—

2181 5566 2349 5642 rium,
2366 5566 2853 5641 affert'f'ragmenta
2871 5574 3115 5642 quaedam
3142 5588 3208 5628 ex
3227 5573 3572 5641 disputatione
3592 5566 3701 5642 Mal:

2180 5632 2393 5695 chiouis
2445 5632 2705 5697 adversus
2762 5632 2984 5696 Paulum
3064 5632 3513 5698 Samosateusem.
3572 5632 3701 5705 Apud

2180 5710 2569 5766 Theodoritum
2624 5713 2677 5765 in
2736 5712 2830 5768 lib.
2858 5728 2896 5766 ιι
2946 5714 3336 5767 ereticarum
3388 5709 3702 5764 Fabularum,

2179 5779 2465 5853 Μολαχίων
2500 5782 2763 5837 scribitur
2805 5784 3088 5839 mendose.
3132 5783 3231 5839 Hic
3279 5798 3343 5839 ex
3374 5780 3701 5837 confutatiouo
