3876 6542
250 475 335 533 709

1198 474 1551 533 HISTORIA?)
1592 476 2145 533 ECCLESIASTICAS
2188 477 2315 531 LIB.
2354 473 2471 532 νιῐ.

3353 481 3457 535 710

244 595 311 655 είς
333 589 541 662 Χριστὸν
588 591 825 655 πίστεως
849 594 1178 665 γνησιάτητα
1197 635 1212 658 ,
1262 595 1656 667 πρεσϐυτερίου
1687 597 1763 668 τῆ,

1892 598 2012 653 ﬁdei
2042 598 2207 668 279
2259 598 2586 654 Christianae
2642 596 3037 665 sinceritatem,
3092 596 3146 651 in
3194 595 3315 666 ejus
3351 598 3456 653 loci

241 680 400 737 αὐτόθι
436 682 721 753 παροικίας
739 683 1038 756 ἠξιωμένος
1057 703 1071 717 ·
1112 678 1267 751 οὗτός
1287 686 1353 757 γέ
1382 705 1464 741 τοι
1492 690 1784 760 ἐπισημει-

236 772 449 843 ουμένων
485 773 879 845 ταχυγράφων,
912 775 1138 845 ζήτησιν
1165 777 1302 847 πρὸς
1334 776 1494 832 αὐτὸν
1520 778 1783 850 ὲνστησά·

240 880 376 937 μενος
398 864 458 935 ἣν
482 866 571 918 καὶ
592 866 673 928 είς
692 865 852 936 δεῦρο
873 866 1179 938 φερομένην
1205 865 1384 937 ἴσμεν,
1411 868 1574 939 μόνος
1594 867 1781 939 ἴσχυσε

235 952 326 1007 τῶν
365 952 526 1006 ἄλλων
574 953 870 1025 κρυψίνουν
911 954 1041 1009 ὄντα
1077 956 1171 1011 καὶ
1217 956 1494 1029 ἀπατηλὸν
1547 960 1781 1031 φοράσαι

234 1044 311 1098 τὸν
338 1043 624 1116 ἄνθρωπον.

734 1136 1130 1191 ΚΕΦᾹΔΑῘΟΝ
1160 1138 1237 1194 Λ’.

234 1233 350 1301 Περὶ
369 1230 469 1300 τῆς
481 1230 629 1284 κατὰ
661 1230 907 1301 Παύλου
922 1229 1253 1296 ἐπιστολῆς
1282 1230 1403 1287 τῶν
1432 1233 1781 1290 ἐπισκόπων

589 1301 731 1371 (Nic.
759 1300 831 1354 Η.
860 1300 922 1354 E.
949 1317 1025 1362 vr,
1056 1301 1146 1363 29,
1186 1302 1298 1368 50).

290 1392 417 1449 Μίαν
445 1393 507 1463 δὴ
534 1389 628 1446 οὖν
653 1393 720 1445 ὲκ
752 1394 937 1463 κοινῆς
969 1391 1194 1465 γνώμης
1226 1396 1275 1447 oi
1305 1394 1399 1448 ἐπὶ
1430 1397 1597 1450 ταὺτὸ
1638 1414 1775 1467 συγ-

231 1485 582 1557 κεκροτημένοι
617 1484 875 1555 ποιμένες
912 1483 1332 1557 διαχαράξαντες
1371 1488 1659 1561 ἐπιστολὴν
1697 1492 1777 1555 εἰς

229 1577 485 1649 πρόσωπον
544 1574 635 1629 τοῦ
687 1592 746 1629 τε
790 1575 1075 1647 Ῥωμαίων
1128 1579 1428 1632 ἐπισκόπου
1471 1581 1771 1647 Διονυσίου,

230 1669 307 1723 καὶ
326 1668 562 1739 Μαξίμου
593 1668 688 1722 τοῦ
720 1670 842 1722 κατ’
879 1669 1303 1742 Ἀλεξάνδρειαν,
1332 1673 1425 1725 ἐπὶ
1456 1673 1637 1738 πάσας
1668 1674 1778 1728 δια-

229 1760 495 1831 πέμπονται
542 1760 641 1824 τὰς
689 1760 991 1833 ἐπαρχίας,
1027 1760 1125 1832 τὴν
1161 1762 1338 1816 αὐτῶν
1381 1764 1615 1837 σπουδὴν
1661 1771 1775 1831 τοῖς

230 1853 339 1905 πᾶσι
364 1853 593 1924 φανερὰν
623 1852 995 1919 καθιστάντες,
1041 1855 1135 1907 καὶ
1164 1857 1258 1908 τοῦ
1287 1856 1502 1910 Παύλου
1535 1856 1633 1928 τὴν
1658 1857 1772 1911 διά-

232 1961 425 2014 στροφον
466 1945 821 2015 έτεροδοξίαν,
866 1946 1121 2016 ἐλέγχους
1162 1965 1223 2001 τε
1261 1948 1354 2002 καὶ
1380 1950 1676 2021 ἐρωτήσεις
1705 1950 1770 2014 ἃς

1888 689 2127 745 Ecclesia
2164 689 2488 760 presbyterii
2527 690 2786 744 honorem
2814 697 2932 742 erat
2981 697 3326 745 consecutus.
3362 689 3463 744 llic

1886 780 2055 850 igitur
2089 781 2351 837 adversus
2384 780 2611 835 Paulum
2648 787 2899 849 suscepta
2942 779 3328 849 disputatione,
3359 794 3457 835 ex-

1885 870 2213 940 cipientibus
2244 883 2439 926 cuncta
2478 872 2711 926 notariis
2737 880 2881 940 (qua:
2912 872 3129 941 quidem
3164 872 3458 941 disputatio

1882 962 2174 1017 etiamnum
2210 965 2448 1035 exstat),
2483 966 2727 1022 occultos
2788 965 3025 1020 hominis
3072 979 3266 1022 sensus
3307 965 3458 1020 frau-

1882 1054 2085 1124 desque
2112 1054 2369 1125 detegere
2391 1056 2540 1111 solus
2569 1057 2808 1110 omnium
2842 1058 3034 1110 valuit.

2448 1148 2674 1203 CAPUT
2713 1148 2883 1202 XXX.

2161 1237 2238 1294 De
2258 1240 2480 1309 epistola
2517 1242 2709 1310 synodi
2737 1254 2920 1296 contra
2955 1241 3203 1298 Paulum.

1950 1394 2153 1453 Omnes
2191 1400 2375 1468 itaque
2431 1399 2482 1453 in
2540 1416 2705 1455 unum
2743 1404 3051 1471 congregati
3121 1404 3399 1459 antistites
3430 1443 3448 1471 ,

1881 1504 2042 1543 unatn
2075 1505 2143 1544 ex
2173 1492 2449 1546 communi
2471 1495 2738 1547 sententia
2763 1496 2832 1548 ad
2859 1495 3170 1566 Dionysium
3192 1495 3450 1550 Romana:

1848 1580 2031 1635 .urbis
2061 1581 2404 1651 episc0pum,
2460 1590 2517 1636 et
2564 1582 2631 1636 ad
2683 1582 2974 1637 Maximum
3025 1585 3450 1639 Alexandrinum

1876 1671 2219 1740 scripserunt
2261 1672 2547 1743 epistolam
2587 1714 2604 1737 ,
2638 1688 2869 1743 eamque
2916 1676 2983 1729 ad
3017 1691 3205 1730 omnes
3257 1676 3452 1732 deinde

1874 1763 2187 1833 provincias
2215 1765 2663 1830 transmiserunt,
2699 1774 2809 1819 tum
2845 1776 2903 1819 ut
2933 1767 3169 1821 studium
3203 1782 3359 1821 suum
3386 1782 3452 1822 ac

1874 1852 2209 1922 diligentiam
2263 1852 2517 1908 omnibus
2558 1854 2925 1921 declararent,
2981 1864 3093 1908 tum
3132 1866 3188 1910 ut
3222 1871 3449 1926 perver-

1876 1961 1995 2000 sum
2025 1946 2179 2002 Pauli
2202 1947 2422 2017 dogma,
2475 1946 2880 2002 conftttationes
2919 1962 3135 2019 quoque
3163 1958 3220 2003 et
3258 1948 3448 2016 dispu-

232 2030 341 2101 πρὸς
376 2030 531 2086 αὐτὸν
571 2032 1031 2103 ἀνακεκινήκασι,
1067 2035 1163 2088 καὶ
1196 2035 1275 2090 ἔτι
1304 2036 1396 2091 τὸν
1434 2040 1611 2092 πάντα
1659 2038 1763 2109 βίον

1875 2038 2106 2092 taliones
2135 2038 2396 2093 adversus
2426 2038 2578 2092 illum
2614 2038 2853 2104 habitas,
2883 2017 3248 2107 cunctamque
3275 2038 3452 2093 horni-

228 2137 275 2174 τε
300 2123 381 2176 καὶ
413 2122 610 2194 τρόπον
648 2124 741 2179 τοῦ
780 2123 971 2196 ἀνδρὸς
1009 2125 1355 2197 διηγούμενοι
1381 2144 1394 2157 ο
1432 2128 1493 2193 ἐξ
1520 2122 1595 2182 ὧν
1629 2130 1765 2201 μνή-

233 2230 316 2284 μης
342 2215 512 2269 ἕνεκεν
539 2215 721 2281 καλῶς
748 2215 814 2270 ἂν
829 2216 939 2287 ἔχοι
955 2216 1158 2282 ταύτας
1185 2218 1364 2273 αὐτῶν
1387 2222 1479 2274 ἐπὶ
1505 2220 1599 2275 τοῦ
1628 2239 1770 2295 παρ-

229 2305 350 2370 όντος
385 2306 606 2361 διελθεῖν
649 2308 748 2372 τὰς
789 2310 999 2378 φωνάς’

285 2417 300 2448 ι
320 2400 558 2472 Διονυσίῳ
573 2402 666 2454 καὶ
681 2401 917 2473 Μαξίμῳ
932 2402 1152 2465 καὶτοῖς
1168 2404 1308 2458 κατὰ
1324 2404 1424 2475 τὴν
1440 2407 1766 2479 οἰκουμένην

231 2488 335 2541 πᾶσι
347 2490 763 2564 συλλειτουργοῖς
773 2494 805 2563 ἡ
814 2493 927 2564 μῶν
939 2495 1258 2559 ἐπισκόποις
1273 2496 1368 2550 καὶ
1379 2514 1484 2569 πρε
1490 2497 1767 2570 ὠυτέροις

228 2581 301 2634 καὶ
324 2581 593 2647 διακόνοις,
628 2585 724 2638 καὶ
745 2587 891 2657 πάσῃ
918 2589 984 2657 τῇ
1016 2587 1120 2641 ὑπὸ
1140 2586 1231 2642 τὸν
1254 2589 1314 2642 ού
1324 2589 1483 2658 ρανὸν
1504 2590 1763 2665 καθολικῇ

238 2670 509 2746 Ἐκκλησία,
537 2675 758 2739 Ἕλενος
780 2676 876 2730 καὶ
903 2676 1209 2747 Ὑμέναιος,
1245 2680 1340 2733 κα)¹
1364 2679 1642 2751 Θεόφιλος,
1671 2684 1767 2738 καὶ

228 2760 494 2831 θεότεκνος,
512 2767 607 2821 καὶ
618 2767 890 2840 Μάξιμος,
908 2770 1172 2842 Πρόκλος,
1189 2772 1442 2843 Νικόμας
1459 2775 1551 2828 καὶ
1580 2776 1766 2829 Αίλια-

228 2855 295 2921 νὸς
307 2858 521 2928 (19),καὶ
536 2860 768 2927 Παῦλος,
789 2862 882 2915 καὶ
898 2861 1164 2929 Βώλανος,
1184 2864 1645 2938 καὶΠρωτογένης
1657 2868 1766 2925 ,καὶ⁸

235 2946 392 3018 Ἱέραξ,
411 2953 500 3005 καὶ
523 2951 803 3023 Εὐτύχιος,
817 2953 912 3007 καὶ
939 2954 1235 3026 Θεόδωρος,
1262 2956 1358 3010 καὶ
1372 2956 1654 3027 Μαλχίων.
1674 2959 1765 3011 καὶ

225 3037 431 3105 Λούκιος,
448 3042 541 3095 καὶ
572 3044 623 3095 οἱ
652 3041 829 3096 λοιποὶ
852 3043 1051 3107 πάντες
1073 3046 1122 3097 οἱ
1158 3044 1256 3097 σὺν
1286 3047 1419 3116 ἡμῖν
1441 3047 1765 3117 παροικοῦν-

224 3132 388 3196 τεςτὰς
399 3134 560 3201 ἐγγὺς
581 3133 764 3198 πόλεις
785 3135 877 3188 καὶ
902 3134 1027 3204 ἔθνη
1044 3134 1334 3190 ἐπίσκοποι
1355 3138 1450 3190 καὶ
1463 3137 1764 3209 πρεσϐύτε-

226 3239 304 3293 ροι,
332 3225 416 3278 καὶ
445 3225 700 3286 διάκονοι.
739 3227 834 3280 καὶ
872 3228 929 3280 αἱ
966 3227 1281 3299 Ἐκκλησίαι
1315 3226 1428 3299 (20)
1472 3230 1565 3283 τοῦ
1604 3230 1738 3285 Θεοῦ

223 3318 483 3390 ἀγαπητοῖς
510 3318 762 3388 ἀδελφοῖς
781 3320 839 3373 ὲν
869 3318 1059 3391 Κυρίῳ
1078 3320 1311 3391 χαίρειν.
1340 3339 1359 3371 ι
1385 3320 1606 3384 Τούτοις
1625 3320 1761 3391 μετά

222 3408 393 3482 βραχέα
429 3411 745 3481 ἐπιλέγουσι
791 3410 995 3465 ταῦτα·
1044 3412 1507 3485 «Ἔπεστέλλομεν
1545 3414 1603 3468 δὲ
1644 3415 1761 3487 ἅμα

220 3499 294 3555 καὶ
311 3504 716 3575 παρεκαλοῦμεν
746 3503 973 3567 πολλοὺς
1003 3504 1097 3557 καὶ
1137 3503 1247 3559 τῶν
1282 3504 1502 3577 μακρὰν
1536 3506 1759 3560 ἐπισκό-

220 3610 339 3661 πων,
376 3597 462 3649 ἐπὶ
492 3596 592 3668 τὴν
625 3596 919 3668 Θεραπείαν
957 3599 1057 3669 τῆς
1097 3597 1475 3670 θανατηφόρου
1503 3599 1759 3655 διδασκα··

217 3680 326 3747 λίας,
348 3684 530 3758 ὥσπερ
550 3685 646 3739 καὶ
668 3685 942 3739 Διονύσιον
965 3686 1056 3739 τὸν
1086 3687 1179 3739 ἐπὶ
1202 3687 1301 3758 τῆς
1335 3686 1760 3759 Ἀλεξανδρείας,

216 3777 288 3829 καὶ
303 3779 637 3849 Φιρμιλιανὸν
668 3779 760 3832 τὸν
785 3778 892 3831 ἀπὸ
924 3780 1021 3850 τῆς
1048 3779 1468 3843 Καππαδοκίας,
1498 3781 1624 3843 τοὺς
1660 3798 1764 3850 μα-

217 3869 435 3938 καρίτας
466 3865 541 3926 ὧν
576 3874 605 3925 ὁ
658 3872 755 3942 μὲν
795 3870 1106 3924 ἐπέστειλεν
1148 3874 1228 3935 είς
1269 3870 1368 3943 τὴν
1409 3872 1758 3943 Ἀντιόχειαν,

215 3959 285 4013 τὸν
318 3963 552 4033 ἡγεμόνα
579 3967 682 4035 τῆς
713 3964 920 4034 πλάνης
949 3964 1091 4018 οὐδὲ·
1115 3965 1472 4035 προσρήσεως
1498 3962 1756 4030 ἀξιώσας,

216 4053 308 4108 οὔδε
341 4055 470 4127 πρδς
522 4057 814 4128 πρόσωπον
860 4056 1078 4127 γράψας
1123 4054 1276 4125 αὐτῷ
1321 4055 1467 4125 (21),
1513 4054 1651 4109 ἀλλά
1693 4058 1759 4127 τῇ

214 4149 441 4222 παροικίᾳ
474 4150 625 4221 πάσῃ
664 4146 730 4222 ἧς
774 4150 867 4202 καὶ
908 4150 969 4202 τὸ
1010 4150 1343 4220 ἀντίγραφον
1383 4146 1758 4218 ὑπετάξαμεν*

213 4237 304 4291 ὅδὲ
336 4242 683 4313 Φιρμιλιανὸς
714 4242 808 4294 καὶ
851 4241 931 4307 δὶς
971 4241 1332 4312 ἀφικόμενος,
1379 4239 1623 4307 κατέγνω
1660 4240 1758 4310 μὲν

212 4328 298 4383 τῶν
340 4333 425 4385 ὑπ’
469 4333 684 4386 ἐκείνου
737 4332 1270 4404 καινοτομουμένων,
1330 4331 1406 4394 ὡς
1459 4330 1614 4401 ἴσμεν
1669 4332 1763 4384 καλ⁸

214 4424 565 4496 μαρτυροῦμεν
586 4425 636 4477 οἱ
661 4425 1110 4497 παραγενόμενοι,
1142 4426 1236 4478 καὶ
1256 4424 1404 4478 ἄλλοι
1434 4424 1619 4479 πολλοὶ
1646 4443 1763 4478 συν-

214 4512 377 4580 ίσασιν,
406 4516 875 4587 ἐπαγγειλαμένου
914 4519 969 4572 δὲ
1016 4517 1437 4589 μεταθήσεσθαι,
1466 4516 1763 4580 πιστεύσας

211 4608 286 4661 καὶ
313 4610 529 4675 ἐλπίσας
558 4612 687 4665 ἄνευ
716 4610 861 4675 τινὸς
890 4613 1017 4685 περὶ
1052 4612 1143 4664 τὸν
1173 4609 1329 4680 λόγον
1357 4608 1617 4679 λοιδορίας
1648 4608 1758 4678 (22)

1789 3370 1830 3428 C

1870 2128 1956 2183 nis
1981 2129 2151 2184 vitam
2192 2144 2255 2183 ac
2292 2145 2471 2185 mores
2511 2140 2870 2201 exponerent.
2905 2130 3076 2187 Porro
3112 2130 3345 2201 ipsamet
3379 2130 3447 2184 il-

1868 2222 2046 2277 lorum
2076 2221 2265 2286 verba,
2294 2223 2361 2275 ad
2412 2232 2723 2291 perpetuam
2756 2232 3095 2293 posterorum
3131 2224 3449 2277 memoriam

1868 2329 1974 2368 non
2007 2314 2407 2369 incommodum
2438 2314 2606 2368 fuerit
2637 2315 2728 2371 hic
2757 2314 2988 2374 referre.

1943 2424 1963 2458 ι
2001 2406 2257 2477 Dionysio
2285 2416 2340 2460 et
2362 2404 2618 2468 Maximo,
2649 2414 2705 2460 et
2734 2405 2987 2461 omnibus
3013 2419 3110 2475 per
3129 2404 3448 2458 universum

1866 2498 2053 2554 orbem
2076 2498 2467 2552 comministris
2497 2497 2720 2562 nostris,
2750 2496 3025 2567 episcopis
3047 2536 3062 2559 ,
3102 2496 3448 2565 presbyteris

1866 2601 1921 2647 et
1949 2591 2235 2653 diaconis:
2296 2600 2351 2644 et
2394 2587 2659 2644 universae
2691 2588 2948 2643 Ecclesiae
2998 2587 3294 2643 catholicae
3326 2603 3448 2658 qua:

1866 2681 1967 2736 sub
1995 2681 2133 2736 coelo
2161 2688 2263 2743 est,
2299 2677 2532 2732 llelenus
2558 2686 2613 2732 et
2657 2676 3003 2745 Hymenaeus,
3053 2674 3394 2741 Theophilus
3425 2714 3442 2741 ,

1867 2770 2227 2837 Theotecnus,
2253 2773 2542 2837 Maximus,
2564 2770 2849 2832 Proculus,
2868 2768 3144 2833 Nicomas,
3174 2766 3447 2838 zElianus,

1866 2863 2086 2931 Paulus,
2110 2864 2371 2929 Bolanus,
2412 2863 2749 2931 Protogenes
2775 2901 2791 2926 ,
2845 2858 3089 2923 Hierax,
3121 2858 3449 2929 Eutychius,

1867 2956 2183 3012 Theodorus
2211 2966 2265 3011 et
2290 2955 2580 3021 Malchion,
2615 2964 2669 3008 et
2690 2953 2909 3013 Lucius,
2940 2959 2995 3004 ct
3031 2950 3222 3019 reliqui
3257 2964 3447 3004 omnes

1865 3049 1955 3117 qui
1994 3048 2279 3103 nobiscum
2306 3054 2434 3102 sunt
2461 3045 2763 3100 vicinarum
2796 3042 3007 3095 urbium
3037 3052 3091 3096 et
3122 3039 3446 3110 provincia:

1866 3154 1984 3194 rum
2037 3139 2298 3209 episc0pi,
2333 3123 2641 3208 presbyteri
2695 3150 2761 3189 ac
2800 3132 3048 3199 diaconi;
3098 3144 3152 3186 et
3191 3130 3447 3187 Ecclesiae

1868 3231 1984 3298 Dei,
2033 3230 2376 3287 charissimis
2432 3226 2701 3284 fratribus
2735 3227 2787 3281 in
2845 3225 3073 3279 Domino
3123 3224 3380 3278 salutem.
3419 3242 3440 3277 ι

1865 3322 2060 3378 Paucis
2091 3322 2287 3378 deinde
2315 3321 2640 3389 interiectis,
2660 3321 2778 3375 haec
2805 3318 3186 3388 subiungunt:
3227 3334 3247 3368 ι
3289 3313 3439 3370 Scri-

1868 3415 2074 3485 psimus
2125 3414 2294 3467 etiam
2324 3413 2392 3468 ad
2425 3412 2739 3483 complures
2781 3411 3062 3481 episcopos
3095 3408 3310 3479 longius
3334 3407 3444 3462 dis-

1866 3506 2024 3571 sitos,
2048 3519 2253 3574 eosque
2279 3504 2485 3559 hortati
2518 3517 2711 3557 sumus
2757 3510 2815 3555 ut
2862 3501 2929 3556 ad
2968 3498 3204 3554 exitialis
3242 3496 3446 3553 doctri-

1871 3612 1952 3652 nae
1975 3596 2221 3652 morbum
2243 3595 2542 3651 curandum
2572 3594 2918 3649 accederent.
2949 3590 3082 3645 Nam
3123 3598 3178 3645 et
3214 3590 3281 3644 ad
3312 3587 3443 3644 Dio-

1864 3688 2077 3760 nysium
2128 3687 2581 3753 Alexandrinum,
2614 3697 2672 3741 et
2709 3686 2775 3740 ad
2824 3684 3201 3741 Firmilianum
3230 3682 3446 3752 Cappa-

1864 3780 2037 3836 dociae
2057 3779 2384 3845 antistitem,
2402 3779 2576 3834 beata:
2607 3777 3003 3833 recordationis
3025 3777 3196 3842 viros,
3229 3774 3442 3829 litteras

1863 3870 2129 3925 dedimus.
2164 3869 2403 3935 Quorum
2436 3867 2526 3923 ille
2554 3866 2775 3937 scripsit
2800 3868 3019 3935 quidem
3046 3864 3393 3920 Antiochiam
3422 3885 3437 3932 ;

1865 3963 1955 4018 sed
1978 3961 2184 4017 erroris
2212 3961 2406 4015 ducem
2443 3976 2509 4015 ne
2560 3959 2891 4014 salutatione
2937 3958 3158 4029 quidem
3190 3957 3443 4028 dignatus

1867 4064 1984 4120 est;
2021 4068 2199 4122 neque
2243 4053 2312 4107 ad
2358 4068 2480 4107 eum
2524 4053 2867 4115 nominatim,
2906 4065 3090 4104 verum
3121 4052 3188 4103 ad
3220 4048 3439 4102 univer-

1866 4161 1981 4200 sam
2005 4145 2450 4200 Antiochensium
2481 4143 2785 4199 Ecclesiam
2831 4143 3040 4198 litteras
3074 4157 3199 4197 suas
3219 4142 3438 4202 direxit.

1863 4253 2093 4308 quarum
2125 4236 2292 4293 etiam
2318 4239 2624 4306 exemplum
2652 4237 2739 4291 hic
2777 4236 3126 4302 subiecimus.
3169 4233 3440 4287 Firmilia-

1862 4348 1963 4387 nus
1985 4348 2116 4388 vero
2147 4346 2269 4386 cum
2306 4330 2391 4385 bis
2441 4329 2792 4383 Antiochiam
2840 4327 3119 4388 venisset,
3154 4325 3440 4379 damnavit

1864 4424 2083 4492 quidem
2141 4421 2409 4490 dogmatis
2440 4420 2508 4472 ab
2545 4418 2639 4472 illo
2688 4415 2885 4471 invecti
2918 4415 3237 4473 novitatem,
3265 4422 3324 4466 ut
3354 4425 3437 4466 te-

1867 4524 2074 4570 stamur
2100 4512 2266 4583 280
2300 4526 2399 4566 nos
2438 4511 2530 4580 qui
2558 4508 2851 4573 adfuimus,
2877 4516 2933 4562 et
2981 4507 3073 4562 alii
3104 4507 3286 4576 plures
3310 4520 3438 4576 per-

1868 4608 1996 4661 inde
2036 4622 2099 4661 ac
2138 4620 2236 4659 nos
2290 4603 2494 4673 optime
2529 4613 2751 4656 norunt.
2780 4600 2887 4656 Sed
2925 4615 3049 4654 cum
3086 4598 3173 4654 ille
3205 4607 3440 4654 mutatu-

210 4743 331 4800 Pauli
370 4747 711 4803 Samosateni
748 4756 947 4803 tantam
1000 4749 1230 4818 gloriam
1265 4748 1475 4810 retulit,
1502 4756 1563 4799 ut
1593 4762 1657 4801 ea
1687 4744 1754 4799 de
1787 4749 1831 4805 ι)
1859 4754 2000 4818 genre
2033 4740 2631 4818 etiamplebismaxima
2671 4750 2843 4808 parte,
2885 4748 2992 4791 etc.
3043 4735 3189 4789 ldem
3236 4734 3436 4805 legitur

211 4830 341 4871 causa
368 4819 419 4872 in
450 4819 772 4886 rncnologiis
800 4818 1110 4874 Graecorum
1135 4818 1390 4872 meruerit
1418 4818 1753 4881 consecrari,

214 4885 281 4937 die
308 4904 466 4940 xxvm
495 4890 772 4943 Octobris.

267 4956 363 5029 (lii)
393 4958 711 5029 Αίλιεινός.⁸
733 4958 911 5024 γυικη
939 4958 1271 5029 Αἰμιλιανός.
1309 4957 1363 5010 1η
1387 4957 1563 5029 codd.
1595 4955 1712 5009 Mar.
1743 4996 1758 5017 .

212 5022 540 5087 Fuk.,'Savil.
579 5038 636 5083 et
656 5022 805 5082 Med.
838 5022 1087 5093 Αἰλιανός
1128 5030 1342 5095 legitur.
1382 5028 1605 5080 Rufinus
1628 5042 1761 5095 quo-

211 5109 297 5168 que
325 5098 600 5152 Ᾰίίὶαηιιηι
631 5107 811 5161 vocat,
845 5113 1006 5168 atque
1048 5101 1122 5153 ita
1175 5100 1289 5152 fere
1332 5098 1662 5168 Nueplrorus
1707 5106 1762 5149 et

214 5165 491 5235 Syncellus.
518 5170 790 5223 Caeterum
816 5165 1147 5223 Athanasius
1178 5170 1230 5221 in
1257 5169 1394 5220 libro
1434 5167 1506 5220 De
1535 5168 1753 5236 synodi;

212 5238 407 5307 Arimini
457 5252 503 5292 et
563 5240 842 5300 Seleurim,
882 5249 1109 5294 testatur
1151 5240 1201 5291 in
1244 5239 1344 5292 hac
1376 5238 1595 5307 Synodo
1644 5253 1745 5290 va

211 5306 355 5361 fuisse
378 5311 567 5363 Patres
622 5309 717 5376 qui
757 5308 979 5362 Paulum
1020 5306 1457 5362 Samosntensem
1492 5309 1757 5375 deposue-

213 5390 334 5432 τιιιιί.

268 5448 368 5513 (29)
411 5450 765 5502 Ἐπίσκοποι
791 5448 892 5501 καὶ
928 5448 1314 5517 πρεσϐύτεροι
1341 5445 1438 5498 καὶ
1466 5445 1754 5506 διάκονοι,

211 5518 773 5587 καίαίἙκκλησιάι.
843 5518 1082 5572 Notaudu
1139 5530 1223 5571 est
1279 5518 1540 5587 imprimis
1597 5518 1757 5583 hujus

211 5591 426 5654 epistola:
463 5585 774 5656 inscriptio,
817 5604 1067 5657 quaenon
1120 5590 1292 5642 solum
1351 5585 1752 5657 episcoporum,

211 5661 289 5730 Sed
326 5655 759 5730 presbyterorum
787 5655 846 5714 et
868 5662 1241 5730 diaconurum,
1273 5657 1614 5730 atqueadeo
1637 5655 1758 5730 ple-

216 5726 285 5780 his
315 5724 698 5796 ipsius'nomeu
736 5730 1014 5797 praeﬁxum
1070 5728 1329 5781 continet.
1359 5724 1561 5780 Eodem
1597 5725 1759 5797 plane

213 5794 352 5868 modo
394 5801 446 5853 iu
492 5803 640 5852 Actis
695 5794 1127 5868 Chriloauigeusis
1166 5797 1374 5866 synodi,
1409 5797 1494 5848 cui
1543 5794 1758 5862 praefuit

213 5867 533 5935 Cyprianus:
564 5869 697 5922 Cum
736 5871 790 5922 iu
824 5866 983 5923 unum
1031 5866 1352 5932 Carthagine
1397 5867 1758 5917 convenissent

211 5942 414 6008 episcopi
473 5941 712 6010 plurimi,
750 5956 867 5993 cum
910 5942 1223 6009 presbyteris
1246 5946 1294 5988 et
1329 5935 1594 5999 diacouis,
1618 5949 1757 6002 prmo

1863 4816 1916 4867 iu
1948 4814 2178 4864 rom-ilio
2206 4813 2557 4865 Eilitel'ilﬂllﬂ.

1926 4884 2041 4953 (21)
2066 4881 2219 4935 Οὐδὲ
2249 4882 2399 4949 πρὸς
2422 4881 2746 4953 πρόσωποφξ
2775 4875 3026 4953 ,γράψας
3062 4872 3254 4953 αὐτῷ..
3276 4874 3431 4929 Falsa

1857 4945 1942 5009 est
1972 4945 2137 5021 igitur
2171 4967 2234 5007 ac
2272 4945 2615 5021 supposititia
2664 4947 2889 5015 epistula
2927 4946 3164 5021 Dionysii
3193 4945 3432 5021 Alexan-

1859 5016 2004 5079 drini
2034 5024 2100 5077 ad
2134 5016 2853 5077 Paulum'Samosatensem,
2898 5032 3015 5082 qme
3046 5016 3186 5068 edita
3236 5024 3320 5069 est
3376 5016 3428 5066 in

1861 5107 2008 5149 tomo
2052 5092 2124 5146 XI
2153 5090 2494 5144 Bibliotheca:
2523 5099 2824 5140 sanctorum
2856 5082 3077 5137 Patrum
3111 5101 3213 5137 una
3249 5100 3371 5136 cum
3398 5099 3432 5137 Χ

1858 5162 2323 5234 propositionibus
2391 5160 2537 5234 Pauli
2585 5157 3063 5234 ’ξιιιιιοιςέιιιυηεὶμ⁸
3092 5165 3147 5234 et
3190 5152 3430 5234 Dionysii

1856 5223 1923 5288 ad
1955 5223 2050 5288 eas
2082 5230 2543 5298 responsionibus.
2583 5226 2728 5298 Nam
2757 5223 2945 5298 Patres
2974 5224 3190 5293 quidem
3232 5224 3423 5298 Antio-

1856 5303 2013 5357 cltcui
2049 5292 2291 5361 concilii,
2350 5300 2619 5354 allirmzmt
2675 5292 3003 5363 Dionysium
3047 5310 3150 5345 non
3190 5292 3431 5363 dedisse

1857 5377 2067 5427 litteras
2098 5372 2164 5424 ad
2219 5369 2465 5429 Paulum,
2504 5366 2597 5418 sed
2648 5361 2855 5416 tantum
2885 5364 2949 5414 ad
2993 5361 3291 5415 Ecclesiam
3322 5362 3431 5411 An-

1860 5443 2212 5498 tincheusem.
2242 5437 2297 5492 lu
2322 5439 2410 5492 illa
2449 5446 2623 5490 autem
2661 5433 2883 5502 epistola
2915 5431 3301 5502 qrtaeDionysii
3324 5444 3430 5502 Anco

1859 5514 2002 5566 miue
2032 5511 2305 5577 publicata
2340 5515 2443 5569 est,
2482 5500 2767 5577 Dionysius
2800 5503 2881 5577 bis
2925 5501 3089 5554 Paulo
3143 5500 3433 5577 scripsisse

1857 5570 2073 5637 dicitur.
2114 5582 2219 5633 Sed
2270 5594 2368 5633 nec
2410 5580 2581 5643 stylus
2622 5570 2877 5641 epistolae
2906 5587 2993 5643 _ac
3041 5570 3428 5643 respoizsionis,

1858 5651 2082 5721 reliquis
2120 5649 2356 5718 Dionysii
2412 5640 2994 5721 sc't'tptis_’re5potttlet.
3043 5641 3430 5721 _l.ta_que.opus

1858 5710 1991 5776 illud
2021 5710 2384 5773 adulterii-um
2426 5710 2565 5778 esse,
2606 5713 2676 5766 oh
2723 5726 2815 5765 eas
2856 5726 2991 5779 quas
3024 5711 3133 5763 dixi
3190 5710 3433 5763 rationes

1857 5793 1990 5846 mihi
2022 5790 2339 5859 persuadeo,
2388 5785 2510 5859 licet
2549 5782 2812 5859 Duronius
2843 5798 2962 5835 eam
3015 5782 3300 5849 epistolam
3335 5794 3432 5849 pro

1857 5876 1982 5917 vera
2016 5855 2080 5912 ac
2113 5871 2366 5924 germana
2400 5855 2433 5909 lt
2457 5856 2673 5924 :lmcrit.

1929 5930 2039 6001 (22)
2102 5916 2273 5982 ’Ἄνευ
2320 5928 2480 5989 τινζς
2529 5922 2660 5990 σεεμ
2719 5920 2824 5975 τὸν
2876 5921 3063 5992 λόγω·
3106 5916 3426 5986 .ῗοιί“ορίας.
