3876 6494
456 415 558 471 711

1163 409 1437 467 EUSEBII
1475 406 1956 466 CESARIENSIS
1995 408 2147 464 OPP.
2187 407 2368 465 PARS
2404 408 2450 465 1.
2482 437 2553 448 --
2589 403 2985 465 HISTORICA.

3626 417 3724 473 712

460 548 581 589 rum
609 545 671 589 se
695 529 1022 587 sententiam
1053 528 1409 599 promisisset,
1458 528 1691 582 credens
1735 527 1786 583 ei
1835 526 2000 582 Firmi

2136 528 2196 583 τὸ
2232 531 2465 602 πρᾶγμα
2504 529 2585 592 είς
2626 527 2745 582 δέον
2784 527 3260 601 καταστήσεσθαι,
3291 529 3591 586 ἀνεϐάλετο
3620 552 3721 592 πα-

453 624 654 691 lianus,
686 639 1015 696 speransque
1053 623 1172 676 sine
1219 621 1330 676 ullo
1361 620 1637 691 religionis
1670 629 1873 676 nostra:
1906 636 2033 689 pro-

454 716 557 773 bro
592 727 759 787 atque
793 716 1079 785 dispendio
1107 729 1220 769 rem
1264 714 1469 784 optime
1521 728 1680 783 posse
1727 714 1981 771 constitui
2012 754 2029 780 ,

454 808 663 865 distulit
691 808 1014 864 sententiam
1066 821 1253 870 suam,
1289 806 1548 876 deceptus
1577 806 1785 861 scilicet
1826 806 1894 859 ab
1929 807 2029 861 ho-

453 901 597 956 mine
625 901 715 969 qui
749 901 915 954 Deum
944 914 1008 953 ac
1039 896 1328 953 Dominum
1367 911 1525 951 suum
1559 897 1818 967 negabat,
1851 906 1905 951 et
1934 896 2027 966 qui

451 994 608 1047 tidem
640 1007 801 1063 quam
854 1000 1015 1045 antea
1069 988 1461 1061 proﬁtebatur,
1497 988 1815 1043 violaverat.
1873 988 2027 1046 Nunc

446 1099 660 1153 quoque
682 1083 1026 1136 Antiochiam
1063 1090 1330 1135 venturus
1360 1087 1480 1133 erat
1515 1077 1869 1134 Firmilianus
1896 1121 1911 1144 ,
1970 1090 2029 1134 et

439 1176 551 1246 jam
596 1174 824 1228 Tarsum
862 1187 1035 1244 usque
1067 1180 1422 1243 pervenerat.
1456 1169 1670 1242 Quippe
1710 1170 2028 1241 improbita-

447 1277 553 1321 tcm
580 1264 812 1320 hominis
844 1264 1010 1319 Deum
1046 1263 1296 1334 negantis
1340 1270 1499 1318 antea
1532 1261 1713 1317 fuerat
1741 1272 2020 1331 expertus.

444 1358 549 1413 Sed
574 1373 698 1414 cum
728 1358 953 1428 nosjam
985 1358 1451 1419 convenissemus,
1490 1356 1698 1410 interea
1734 1355 1840 1411 loci
1894 1355 2021 1411 dum

441 1450 977 1519 illumnaccersimus;
1010 1448 1135 1503 dum
1159 1450 1275 1517 ejus
1301 1448 1590 1503 adventum
1618 1457 2021 1518 exspectamus,

2135 618 2493 692 ρακρουσθεὶς
2527 619 2618 671 ὑπ’
2649 617 2814 673 αὑτοῦ
2846 617 2941 672 τοῦ
2986 617 3081 673 καὶ
3115 618 3208 672 τὸν
3234 618 3371 673 Θεὸν
3401 620 3497 674 τὸν
3530 622 3718 678 ἑαυτοῦ

2133 711 2228 765 καὶ
2250 710 2455 783 Κύριον
2479 711 2837 783 ἀρνουμένου,
2874 711 2971 765 καὶ
2996 710 3095 783 τὴν
3126 710 3311 767 πίστιν
3336 713 3405 785 ἣν
3436 714 3537 768 καὶ
3565 715 3721 782 αὐτὸς

2132 803 2396 876 πρότερον
2432 798 2579 874 εἶχε,
2631 803 2706 875 μὴ
2749 802 3106 873 φυλάξαντος.
3142 803 3378 875 Ἔμελλε
3415 804 3477 858 δὲ
3508 805 3604 858 καὶ
3632 805 3722 862 νῦν

2129 895 2159 947 ὁ
2197 893 2547 965 Φιρμιλιανδς
2593 894 2799 966 είςυτὴν
2836 895 3164 967 Ἀντιόχειαν
3193 895 3580 967 διαϐήσεσθαι,
3631 898 3721 952 καὶ

2132 986 2295 1057 μέχρι
2332 1002 2398 1055 γε
2427 984 2659 1058 Ταρσῶν
2688 981 2853 1057 ἧκεν,
2890 983 2987 1040 ἅτε
3030 988 3132 1058 τῆς
3177 986 3512 1058 ἀρνησιθέου
3561 987 3719 1043 αὑτοῦ

2129 1077 2328 1143 κακίας
2369 1079 2567 1150 πεῖραν
2613 1076 2850 1149 είληφώς
2873 1094 2889 1109 ·
2936 1076 3076 1132 ἀλλά
3110 1076 3220 1150 γὰρ
3253 1076 3461 1150 μεταξὺ
3502 1079 3723 1152 συνελη-

2126 1169 2362 1225 λυθότων
2383 1173 2417 1243 ἡ
2425 1170 2541 1242 μῶν
2565 1170 2661 1225 καὶ
2689 1169 3018 1240 καλούντων,
3044 1172 3140 1226 καὶ
3165 1172 3554 1244 ἀναμενόντων
3571 1173 3720 1246 ἄχρις

2124 1258 2191 1314 ἂν
2225 1260 2385 1332 ἔλθῃ,
2428 1261 2580 1325 τέλος
2622 1260 2748 1332 ἔσχε
2775 1260 2870 1315 τοῦ
2899 1261 3038 1333 βίου.
3065 1282 3085 1315 t
3128 1262 3265 1317 Μεθ’
3296 1264 3468 1336 ἕτερα
3499 1262 3549 1316 δ’
3571 1261 3720 1329 αὖθις

2123 1352 2215 1407 τὸν
2248 1352 2360 1423 βίον
2389 1353 2484 1407 τοῦ
2515 1352 2680 1408 αὑτοῦ
2724 1353 2841 1415 οἵας
2873 1354 3169 1425 ἐτύγχανεν
3206 1356 3459 1427 ἀγωγῆς,
3492 1355 3718 1427 διαγρά-

2124 1462 2314 1514 φουσιν
2344 1448 2403 1500 ὲν
2432 1445 2676 1510 τούτοις⁸
2714 1464 2735 1497 ι
2766 1446 2938 1500 Ὅπου
2979 1446 3040 1501 δὲ
3078 1447 3321 1513 ἀποστάς
3362 1447 3463 1502 τοῦ
3496 1448 3718 1513 κανόνος

439 1545 576 1599 abiit
607 1560 639 1599 e
672 1545 805 1599 vita.
840 1562 859 1597 ι
891 1542 1097 1598 Deinde
1127 1542 1287 1612 paulo
1317 1549 1463 1612 post,
1495 1540 1804 1610 cujusmodi
1856 1540 1992 1597 fueri

2124 1535 2237 1607 (25)
2281 1536 2373 1592 ἐπὶ
2416 1536 2645 1609 κίϐδηλα
2687 1536 2782 1592 καὶ
2820 1537 2951 1594 νόθα
2986 1538 3294 1611 διδάγματα
3326 1540 3712 1612 μετελήλυθεν,

436 1636 673 1692 hominis
703 1638 833 1701 vita,
864 1643 1151 1705 exponunt
1199 1634 1284 1689 his
1314 1632 1494 1689 verbis
1520 1651 1534 1686 :
1571 1649 1592 1683 t
1629 1631 1738 1687 Sed
1761 1633 2000 1702 quonian

2119 1628 2273 1682 οὐδὲν
2312 1629 2394 1683 δεῖ
2429 1629 2524 1682 τοῦ
2568 1628 2674 1694 ἔξω
2717 1629 2870 1695 ὄντος
2915 1629 3014 1697 τάς
3049 1630 3276 1703 πράξεις
3312 1633 3564 1704 κρίνειν·
3599 1630 3715 1686 οὐδὲ

436 1746 467 1784 a
494 1731 616 1786 lidei
652 1731 835 1802 regula
868 1728 1152 1792 recedens,
1188 1728 1256 1781 ad
1286 1727 1532 1795 spuriam
1561 1733 1615 1782 et
1659 1725 2000 1781 adnlterinan

2119 1720 2200 1774 ὅτι
2241 1722 2507 1793 πρότερον
2553 1722 2725 1794 πένης
2754 1722 2831 1777 ὢν
2860 1725 2954 1778 καὶ
2986 1725 3220 1795 πτωχὸς,
3256 1724 3353 1779 καί
3389 1728 3535 1797 μήτε
3569 1723 3714 1796 παρά

437 1822 740 1877 doctrinam
770 1837 831 1877 se
873 1820 1169 1887 transtulit,
1202 1820 1438 1875 hominis
1465 1820 1533 1876 ab
1585 1818 1826 1874 Ecclesia
1851 1817 1994 1873 alien

2120 1813 2370 1888 πατέρων
2416 1813 2747 1885 παραλαϐὼν
2789 1815 3061 1886 μηδεμίαν
3108 1816 3411 1887 εὐπορίαν,
3463 1816 3608 1889 μήτε
3651 1817 3712 1869 ὲκ

437 1927 593 1972 actus
615 1916 927 1971 examinare
947 1913 1081 1970 nihil
1111 1916 1308 1970 attinet
1337 1932 1352 1968 :
1383 1927 1560 1983 neque
1586 1911 1729 1981 quod
1759 1926 1881 1965 cum
1913 1925 2000 1963 ant

2115 1881 2312 1975 τέχνης
2354 1903 2388 1975 ἡ
2420 1881 2565 1967 τινος
2598 1881 3033 1975 ἐπιτηδεύματος
3072 1881 3417 1976 κτησάμενος
3438 1881 3477 1969 ,⁷
3505 1881 3605 1958 νῦν
3637 1905 3713 1966 είς

436 2020 519 2063 tea
552 2023 755 2079 panper
776 2023 841 2063 ac
868 2009 1148 2064 mendicus
1175 2015 1342 2073 esset,
1368 2020 1469 2060 nec
1513 2004 1652 2059 ullas
1676 2002 1905 2058 omnino
1929 2000 2015 2056 l'a-

432 2101 667 2156 cultates
695 2108 791 2155 aut
822 2116 853 2155 a
913 2100 1237 2168 parentibus
1291 2099 1509 2155 relictas
1560 2096 1886 2165 accepisset,
1920 2103 2014 2149 aut

433 2193 571 2247 artis
608 2193 750 2247 illius
788 2193 1054 2248 exercitio
1080 2192 1183 2247 sibi
1217 2200 1622 2262 comparasset,
1655 2204 1803 2244 nunc
1829 2188 1896 2243 ad
1928 2188 2013 2242 itt-

428 2286 744 2342 credibilem
772 2287 1110 2355 opulentiam
1149 2285 1435 2355 pervenit,
1468 2298 1566 2354 per
1591 2263 1802 2337 sceler‘a
1837 2295 1900 2336 ac
1923 2296 2013 2337 sa-

428 2378 675 2447 crilegia,
706 2379 1051 2447 fratrumque
1076 2376 1507 2433 concussiones:
1543 2375 1669 2429 dum
1701 2372 1904 2443 injuria
1930 2372 2013 2427 af-

427 2467 602 2524 fectos
626 2470 860 2539 decepit,
892 2470 1223 2539 promittens
1251 2469 1471 2537 quidem
1500 2482 1620 2522 sese
1647 2466 1753 2522 illis
1787 2474 2008 2534 accepta

427 2561 677 2616 mercede
701 2576 857 2631 opem
895 2560 1125 2615 laturum
1156 2582 1168 2616 :
1214 2559 1408 2614 fallens
1444 2569 1626 2613 autem
1653 2559 1912 2629 ipsos,.et
1940 2574 2007 2612 ex

428 2650 694 2705 'acilitate
749 2650 1117 2717 litigantium,
1170 2652 1261 2720 qui
1314 2662 1373 2704 ut
1430 2650 1649 2719 negotio
1708 2648 2009 2703 liberentur

425 2743 640 2813 quidvis
666 2742 797 2796 dare
830 2742 1007 2810 parati
1039 2753 1190 2805 sunt,
1229 2741 1441 2795 lucrum
1478 2742 1714 2794 inaniter
1739 2750 1966 2808 captans
1987 2783 2002 2805 ,

424 2842 483 2889 et
509 2836 769 2905 pietatem
803 2843 1076 2904 quaestum
1105 2849 1227 2890 esse
1257 2833 1603 2888 existimans.
1651 2830 1836 2901 Neque
1860 2836 2004 2901 quod

427 2926 567 2982 fastu
596 2939 652 2983 et
682 2928 1001 2996 arrogantia
1052 2941 1213 2994 supra
1256 2926 1474 2979 modum
1510 2924 1688 2979 elatus
1714 2924 2005 2980 smculares

424 3021 564 3091 gerit
602 3021 916 3090 dignitates,
954 3029 1009 3075 et
1031 3021 1361 3073 ducenarius
1390 3016 1575 3072 vocari
1603 3031 1764 3085 quam
1789 3016 2002 3085 episco-

421 3129 523 3183 pus
544 3113 746 3167 mavult
775 3130 790 3166 :
826 3128 925 3184 per
952 3112 1129 3166 lorum
1153 3110 1441 3183 magniﬁce
1466 3108 1726 3163 incedens
1746 3146 1762 3173 ,
1807 3109 2004 3178 episto-

2114 1994 2521 2067 ὑπερϐάλλοντα
2543 1994 2773 2049 πλοῦτον
2793 1995 3074 2066 ἐλήλακεν,
3099 1995 3159 2060 ἐξ
3180 1995 3425 2067 ἀνομιῶν
3456 1997 3556 2050 καὶ
3582 1998 3712 2067 ἱερο-

2115 2086 2313 2140 συλιῶν
2332 2127 2347 2152 ,
2379 2087 2474 2139 καὶ
2502 2079 2577 2140 ὧν
2606 2088 2750 2140 αἰτεῖ
2791 2088 2886 2141 καὶ
2938 2088 3072 2141 σείει
3106 2090 3233 2152 τοὺς
3265 2088 3537 2156 ἀδελφοὺς
3575 2089 3707 2160 (24),

2112 2178 2538 2251 καταϐραὸεύων
2562 2180 2689 2242 τοὺς
2718 2179 3103 2250 ἀδικουμένους
3124 2181 3261 2251 (25),
3291 2183 3388 2235 καὶ
3416 2182 3710 2253 ὑπισχνού-

2115 2288 2274 2342 μενος
2308 2270 2591 2342 βοηθήσειν
2622 2270 2815 2342 μισθοῦ
2836 2313 2852 2338 ,
2888 2272 3217 2344 ψευδόμενος
3248 2273 3306 2327 δὲ
3333 2275 3432 2329 καὶ
3459 2274 3707 2340 τούτους,

2111 2363 2205 2416 καὶ
2231 2364 2406 2434 μάτην
2435 2362 2816 2434 καρπούμενος
2848 2362 2958 2436 (26)
3002 2364 3099 2437 τὴν
3137 2365 3248 2419 τῶν
3282 2367 3342 2419 ὲν
3378 2366 3708 2439 πράγμασιν

2108 2453 2278 2509 ὄντων
2313 2454 2640 2526 ἑτοιμότητα
2673 2455 2811 2525 πρὸς
2851 2455 2913 2509 τὸ
2951 2455 3149 2511 διδόναι
3195 2458 3339 2530 ὑπὲρ
3383 2460 3706 2532 ἀπαλλαγῆς

2107 2546 2218 2601 τῶν
2266 2547 2628 2619 ἐνοχλούντων
2651 2587 2667 2613 ,
2719 2548 2990 2619 πορισμὸν
3029 2549 3332 2621 ἡγούμενος
3375 2550 3478 2623 τὴν
3524 2552 3706 2606 θεοσέ-

2108 2639 2261 2695 ϐειαν
2290 2642 2402 2711 (27)
2423 2658 2436 2671 ⁸
2473 2642 2565 2695 καὶ
2595 2642 2718 2697 οὔτε
2743 2643 2819 2706 ὡς
2845 2641 3025 2715 ὑψηλά
3055 2645 3241 2714 φρονεῖ
3269 2642 3383 2715 (28)
3414 2646 3515 2698 καὶ
3544 2645 3706 2717 ὑπερ-

2104 2732 2270 2803 ἧρται
2323 2732 2562 2803 κοσμικά
2604 2732 2893 2805 ἀξιώματα
2935 2733 3336 2805 ὑποδυόμενος,
3382 2735 3483 2789 καὶ
3510 2734 3707 2805 δουκη-

2106 2824 2294 2897 νάριος
2321 2824 2432 2895 (29)
2456 2825 2655 2896 μᾶλλον
2684 2828 2716 2899 ἢ
2744 2826 3042 2892 ἐπίσκοπος
3069 2826 3238 2882 θέλων
3268 2827 3581 2891 καλεῖσθαι,
3609 2827 3702 2881 καὶ

2107 2914 2283 2969 σοϐῶν
2312 2917 2454 2969 κατά
2480 2918 2581 2981 τὰς
2608 2917 2840 2989 ἀγορὰς,
2870 2918 2963 2971 καί
2988 2919 3276 2984 ἐπιστολάς
3304 2919 3700 2989 ἀναγινώσκων

2103 3009 2200 3063 καὶ
2215 3008 2569 3081 ὑπαγορεύων
2585 3009 2700 3080 ἆμα
2716 3010 2824 3080 (30)
2845 3008 3075 3079 βαδίζων
3089 3009 3150 3082 δη
3160 3012 3348 3082 μοσίᾳ,
3364 3012 3462 3065 καὶ
3479 3012 3705 3083 δορυφο-

2106 3100 2388 3173 ρούμενος,
2424 3100 2531 3153 τῶν
2567 3102 2664 3171 μὲν
2703 3103 3215 3173 προπορευομὲνων,
3254 3103 3363 3157 τῶν
3403 3103 3465 3157 δὲ
3501 3105 3701 3173 ἐφεπο-

419 3203 500 3257 las
529 3203 715 3273 legens
744 3219 809 3259 ac
850 3204 1064 3259 dictatis
1098 3203 1241 3258 inter
1282 3201 1670 3257 ambulandum
1705 3199 1881 3269 palam
1934 3214 2000 3255 ac

2111 3193 2284 3264 μένων
2316 3192 2526 3248 πολλῶν
2558 3192 2650 3245 τὸν
2691 3194 2944 3266 ἀριθμὸν,
2979 3193 3055 3258 ὡς
3084 3195 3178 3248 καὶ
3215 3194 3314 3265 τὴν
3345 3195 3533 3249 πίστιν
3570 3196 3702 3267 φθο-

420 3294 667 3365 pnblice;
695 3296 1035 3365 stipatusque
1058 3295 1292 3350 maxima
1322 3295 1602 3349 hominum
1634 3292 1998 3357 multitudine,

418 3386 616 3454 partim
647 3386 1033 3454 prteeuntium,
1062 3386 1260 3454 partim
1284 3383 1760 3452 subsequentium,
1783 3384 1920 3437 adeo
1943 3390 2003 3435 ut

417 3493 483 3531 cx
504 3477 651 3532 illius
664 3478 802 3532 fastu
818 3487 873 3534 et
886 3479 1197 3549 arrogantia
1215 3475 1559 3531 incredibilis
1578 3474 1781 3529 invidia
1794 3474 2004 3529 odium-

419 3583 524 3637 que
547 3569 835 3623 tnnltorutn
859 3572 1118 3625 adversus
1151 3570 1309 3624 tidem
1330 3577 1572 3623 nostrain
1595 3565 1885 3622 conﬂatum
1902 3566 1993 3621 sit.

416 3658 603 3730 Neque
645 3662 772 3716 item
797 3662 995 3716 attinet
1023 3662 1343 3716 examinare
1385 3658 1733 3715 ambitiosam
1761 3657 1997 3713 hominis

415 3754 711 3808 vanitatem
738 3754 791 3808 in
822 3753 1211 3810 ecclesiasticis
1244 3753 1627 3816 conventibus,
1652 3766 1814 3822 quam
1844 3752 1993 3806 omni

418 3929 556 3987 Male
595 3933 739 3987 hunc
767 3932 945 3988 locum
976 3933 1143 3989 vertit
1175 3930 1735 4003 Christophorsomts,
1765 3932 1857 4001 qui
1883 3930 1995 3985 Ru-

419 4004 584 4056 liauin
634 4014 783 4058 recte
823 4015 1154 4071 praeeuntem
1213 4004 1372 4071 sequi
1402 4002 1616 4060 noluit.
1644 4002 1819 4056 Vertit
1844 4005 1991 4055 enim

412 4073 530 4126 sine
566 4071 678 4126 ulla
735 4074 1009 4128 verborum
1056 4075 1415 4137 contumelia,
1476 4088 1599 4127 cuin
1670 4073 1989 4128 vertendum

414 4153 562 4197 esset
584 4144 696 4197 sine
723 4144 834 4196 ulla
875 4146 1142 4211 religionis
1185 4154 1380 4197 nostra:
1432 4142 1773 4196 contumelia.

484 4210 598 4284 (25)
645 4213 942 4281 Ἀποστὰς
970 4210 1076 4268 τοῦ
1111 4215 1388 4278 κανόνος.
1435 4212 1525 4266 Sic
1556 4223 1754 4267 vocant
1795 4210 1991 4284 Patres

412 4281 657 4353 regulam
690 4285 835 4338 lidei.
869 4286 942 4339 Ita
977 4284 1245 4339 Eusebius
1272 4284 1324 4336 in
1358 4284 1499 4337 libro
1531 4296 1605 4346 tv,
1638 4281 1888 4353 capj},
1921 4283 1989 4353 de

412 4350 670 4423 Dionysio
719 4354 1129 4410 Corinthiorum
1164 4354 1419 4423 episcopo
1452 4353 1685 4423 loquens
1721 4350 1850 4423 2Τῷ
1886 4351 1989 4423 τῆς

410 4422 667 4497 άληθεῄίας
703 4424 1266 4497 παρίσταταιᾼκανόνι.

482 4491 596 4561 (24)
626 4491 954 4562 Σείείτοὺς
985 4494 1313 4562 ἀδελφούς.
1346 4491 1556 4562 Duplici
1608 4492 1817 4547 ratione
1850 4505 1987 4548 con-

410 4563 680 4619 cussionis
710 4567 919 4619 crimen
960 4566 1304 4631 admittitur;
1344 4573 1437 4617 aut
1466 4578 1593 4617 cum
1629 4571 1841 4617 terrore
1888 4576 1986 4632 po-

410 4635 641 4700 testatis,
675 4636 1027 4703 magistratus
1067 4634 1153 4688 vel
1206 4619 1362 4687 miles
1411 4633 1618 4703 aliquid
1653 4632 1859 4701 exigit;
1888 4619 1984 4686 aut
2014 4619 2060 4676 D

407 4716 531 4775 cum
567 4720 659 4775 per
692 4702 937 4759 fraudem
969 4714 1022 4759 et
1056 4703 1407 4775 calumniam,
1438 4702 1981 4775 still'ragiiipi'tetextu

410 4773 613 4844 aliquid
645 4790 674 4826 a
717 4777 971 4844 quopiam
1005 4774 1242 4837 elicitur,
1279 4782 1337 4825 ut
1365 4773 1418 4826 in
1454 4773 1571 4843 lege
1604 4772 1654 4837 t‘,
1680 4774 1740 4828 D.
1776 4772 1852 4827 De
1888 4787 1983 4827 ca-

410 4843 846 4899 lumniatoribus.
895 4844 1007 4899 lloc
1050 4846 1348 4899 secundum
1386 4858 1559 4912 genus
1608 4844 1983 4897 cuticussionis

408 4912 720 4980 intelligunt
761 4914 953 4968 Patres
1013 4914 1232 4970 concilii
1294 4912 1645 4966 Antiochcni.
1702 4913 1779 4967 De
1808 4914 1985 4980 primo

409 4997 608 5053 genere
630 4986 1015 5053 concussionis
1046 4985 1285 5052 loquitur
1321 4981 1645 5036 Maximinus
1672 4984 1724 5036 in
1753 4982 1982 5053 epistola

408 5052 474 5105 ad
510 5052 798 5119 Sabinum,
828 5071 989 5122 quam
1030 5054 1200 5110 refert
1230 5054 1500 5107 Eusebius
1522 5054 1575 5107 in
1607 5054 1704 5108 lib.
1740 5069 1819 5118 ix,
1849 5068 1898 5107 c.
1926 5052 1978 5108 9.

406 5122 605 5177 Nescio
639 5134 822 5177 autem
868 5140 967 5178 cur
1005 5135 1284 5193 tantopere
1340 5122 1539 5192 refugit
1594 5124 1985 5192 Christophor-

407 5206 575 5245 sonus
602 5207 790 5247 vocem
824 5204 1098 5248 concutere
1132 5206 1186 5249 et
1219 5193 1602 5258 concussionis,
1635 5210 1757 5248 cum
1796 5203 1982 5247 tamen

404 5263 516 5317 sint
560 5262 788 5327 Latinae,
822 5273 876 5316 et
932 5278 960 5317 a
1016 5263 1288 5319 veteribus
1333 5263 1744 5332 jurisconsultis
1789 5264 1984 5332 crebro

406 5343 697 5403 usurpatas.
731 5334 835 5387 Sed
864 5344 919 5388 et
950 5335 1003 5387 in
1051 5334 1342 5403 Evangelio
1369 5347 1431 5385 ea
1452 5348 1570 5403 vox
1599 5335 1856 5398 habetur,
1889 5331 1982 5385 ubi

403 5401 640 5457 Joannes
673 5404 937 5457 militibus
970 5404 1042 5457 ita
1079 5401 1325 5473 praecipit
1357 5420 1372 5456 :
1404 5402 1681 5457 Neminem
1714 5403 1984 5457 concutia-

404 5473 473 5526 tis
498 5475 766 5527 :contenti
812 5483 976 5528 estote
1018 5475 1297 5543 stipendiis
1328 5474 1533 5527 vestris.
1581 5476 1736 5542 Apud
1761 5473 1982 5527 Graecos

411 5545 822 5611 antiquissimus
857 5552 940 5600 cst
971 5560 1098 5600 usus
1130 5544 1284 5599 vocis
1342 5545 1510 5597 σείειν
1556 5558 1622 5597 eo
1666 5559 1829 5597 sensu
1885 5556 1983 5609 pro

413 5611 754 5682 calumniari.
793 5614 885 5668 Sic
937 5618 1080 5668 enim
1136 5615 1523 5682 Aristophanes
1570 5621 1626 5668 et
1677 5611 1982 5668 Teleclides

394 5672 718 5750 Ίοιιιιιιιιιυι,
757 5694 889 5737 teste
919 5684 1084 5737 Suida
1118 5685 1169 5737 in
1200 5672 1337 5737 voce
1357 5686 1553 5738 σεῖσαι.

397 5754 405 5821 ξ
480 5751 593 5817 (25)
625 5755 1092 5819 Καταϐραϐεύων
1121 5753 1264 5819 τοὺς
1294 5753 1746 5822 ἀδικουμένους.
1767 5754 1983 5823 Langus

398 5823 573 5889 ,yertit
600 5823 817 5887 prwmia
854 5825 1135 5889 accipiens,
1164 5839 1268 5877 non
1309 5824 1470 5877 male.
1508 5824 1689 5879 Utitur
1718 5828 1820 5881 hac
1847 5837 1983 5879 voce

409 5888 610 5944 Paulus
643 5892 695 5944 in
736 5892 905 5961 Epist.
937 5888 973 5946 ιι
1002 5895 1067 5946 ad
1096 5893 1475 5959 Colosscnses,
1502 5909 1621 5963 cap.
1648 5910 1733 5948 ιιι.

2104 3285 2312 3340 νεῖσθαι
2341 3287 2436 3339 καὶ
2469 3284 2744 3356 μισεῖσθαι
2778 3285 2868 3338 διὰ
2910 3285 3000 3339 τὸν
3045 3285 3208 3355 ὄγκον
3247 3285 3418 3339 αὑτοῦ
3459 3288 3555 3341 καὶ
3598 3287 3696 3359 τὴν

2103 3380 2482 3450 ὑπερηφανίαν
2526 3379 2624 3448 τῆς
2648 3378 2878 3450 καρδίας
2901 3398 2915 3410 ·
2944 3378 3066 3432 οὔτε
3096 3380 3194 3450 τὴν
3229 3382 3288 3433 ὲν
3333 3383 3458 3444 ταῖς
3498 3381 3700 3452 ὲκκληο

2104 3473 2411 3535 σιαστικαῖς
2463 3470 2700 3532 συνόδοις
2745 3470 3027 3541 τερατείαν
3078 3471 3145 3542 ἢν
3187 3473 3502 3542 μηχανᾶται
3545 3471 3696 3538 δοξον

2103 3562 2288 3618 κοπῶν
2334 3562 2427 3616 καὶ
2470 3561 2954 3633 φαντασιοκοπῶν,
3000 3562 3095 3616 καὶ
3137 3562 3238 3626 τὰς
3279 3563 3394 3618 τῶν
3439 3566 3697 3635 ἀκεραιον

2099 3655 2275 3728 τὲρων
2322 3652 2499 3725 ψυχὰς
2543 3656 2655 3719 τοῖς
2698 3654 2961 3719 τοιούτοις
2999 3653 3340 3727 ἐκπλήττων,
3393 3656 3546 3727 βῆμα
3594 3656 3691 3727 μὲν

2099 3748 2196 3803 καὶ
2244 3746 2432 3819 θρόνον
2480 3745 2683 3818 ὑψηλὸν
2721 3746 2836 3819 (51)
2888 3746 3062 3819 ἑαυτῷ
3108 3746 3684 3818 κατασκευασάμενος,

2175 3929 2288 4001 (26)
2318 3928 2526 4004 Μάτην
2558 3930 2994 4004 καρπούμενος.
3030 3929 3142 4004 Vox
3183 3931 3365 4004 μάτην
3397 3930 3683 3988 referenda

2100 3999 2192 4055 est
2219 4016 2325 4053 non
2360 4001 2425 4051 ad
2460 3999 2683 4053 Paulum
2741 3999 2915 4067 ipsum
2962 4003 3053 4070 qui
3098 3999 3200 4057 hac
3238 3999 3361 4057 arte
3393 4003 3677 4071 pecuniam

2100 4071 2448 4143 corradebat,
2490 4072 2587 4143 sed
2627 4071 2707 4143 ad
2744 4071 3020 4141 litigantes
3042 4074 3151 4143 “qui
3200 4074 3493 4143 pecuniam
3527 4087 3675 4126 suam

2098 4154 2258 4208 quam
2315 4139 2487 4195 Paulo
2536 4139 2915 4205 dederant,‘ut
2965 4139 3280 4206 suliraginm
3335 4158 3499 4197 suum
3552 4143 3679 4210 ipsis

2098 4211 2493 4280 commodaret,
2527 4210 2830 4280 perdebant
2861 4214 3067 4280 absque
3090 4213 3195 4265 ullo
3225 4212 3431 4266 fructu.

2168 4279 2279 4352 (27)
2312 4279 2618 4350 Πορισμὸν
2645 4279 2989 4352 ἡγούμενος-ί
3012 4282 3126 4349 τὴν
3157 4282 3528 4339 θεοσέϐειαν.
3560 4282 3679 4338 Haec

2097 4351 2578 4475 verbaﬁdesumpta
2606 4361 2737 4406 sunt
2776 4368 2841 4406 ex
2880 4351 3165 4418 Epistolat
3194 4356 3263 4408 ad
3314 4352 3667 4409 Timotheum.

2097 4435 2216 4475 can.
2289 4459 2305 4475 .

2094 4435 2216 4477 CBD.
2250 4435 2305 4475 ῠ.

2160 4437 2467 4563 ἳ28ῗῖρῦτε
2527 4491 2870 4563 ὠςῇὐψηλὰ
2910 4494 3135 4563 φρονεῖ.
3179 4493 3236 4547 in
3311 4493 3674 4563 vetustissim.

2095 4560 2268 4635 codd.
2289 4560 2586 4635 Mazarino,
2620 4560 2758 4616 Fnk.
2784 4574 2841 4617 et
2870 4560 3126 4620 Medicam
3162 4564 3361 4635 legitur
3383 4564 3483 4616 καὶ
3508 4562 3675 4627 οὕτως

2090 4631 2469 4705 ὑψηλοφρονεῖ.
2495 4632 2601 4687 Sed
2628 4635 2833 4705 rectior
2852 4645 2936 4705 est
2956 4636 3169 4705 vulgata
3193 4631 3490 4703 scriptura,
3516 4650 3673 4705 quam

2088 4703 2534 4775 ltegius__codex_
2563 4711 2618 4758 et
2671 4704 2973 4775 Syncelltts,
3001 4703 3071 4762 et'
3107 4703 3452 4775 Nicephorus
3483 4703 3677 4759 conﬁr-

2086 4781 2260 4845 inani.
2288 4770 2418 4828 Hzec
2449 4771 2595 4845 enim
2623 4770 2785 4831 verba
2810 4777 3047 4845 pendent
3075 4790 3141 4829 ex
3168 4770 3571 4842 superioribus.

2158 4841 2270 4912 (29)
2302 4841 2723 4911 Δουκηνάριος.
2759 4841 2831 4898 ne
2863 4841 3314 4914 procuratoribus
3363 4844 3673 4914 ducenariis

2087 4912 2212 4966 vide
2237 4929 2358 4982 qua:
2403 4915 2623 4982 scripsit
2653 4912 2955 4969 Salmasius
2983 4917 3039 4969 in
3083 4914 3224 4970 notis
3262 4914 3330 4967 ad
3369 4912 3670 4967 Historians

2085 4984 2400 5053 Augustam.
2439 4986 2533 5039 Sic
2558 4984 2876 5054 dicebantur
2892 4996 3297 5054 procuratores,
3323 4985 3421 5050 qui
3440 4986 3671 5038 ducenta

2087 5053 2340 5107 sestertia
2371 5055 2540 5108 annui
2568 5053 2756 5108 salarii
2787 5053 3005 5108 nomine
3031 5056 3387 5123 accipiebant
3412 5069 3441 5123 ξι
3470 5054 3671 5123 princi-

2084 5137 2176 5193 pe,
2208 5133 2265 5193 ut
2290 5123 2438 5178 clare
2480 5126 2639 5178 docet
2677 5125 2773 5177 Dio
2808 5123 2861 5176 in
2885 5124 2980 5178 lib.
3015 5121 3296 5193 Littabag.
3331 5121 3459 5176 506.

2160 5191 2272 5264 (50)
2319 5194 2726 5263 Ὑπαγορεύων
2755 5192 2896 5262 ἅμα.
2937 5194 3067 5249 Post
3099 5191 3491 5264 haiiclvocetu
3534 5208 3669 5262 pun-

2087 5261 2331 5319 ctutn'in
2358 5261 2572 5319 summo
2606 5261 2849 5329 notatur,
2877 5275 2989 5317 tum
3030 5265 3083 5317 in
3111 5262 3301 5317 codice
3332 5261 3529 5331 Regio,
3561 5273 3668 5314 tum

2086 5334 2226 5404 apud
2258 5332 2624 5404 Nicephorum
2655 5343 2711 5386 et
2740 5333 3072 5404 Syncellutn.
3106 5333 3213 5387 Sed
3242 5349 3367 5386 cuin
3396 5334 3451 5386 in
3485 5336 3672 5386 codice

2141 5404 2341 5458 ediczeo
2385 5416 2441 5458 et
2494 5404 2770 5458 Mazarino
2805 5405 2949 5457 nulla
2984 5404 3073 5458 hic
3102 5412 3319 5456 notetur
3367 5404 3664 5466 distinctio,

2084 5473 2269 5545 malim
2317 5474 2496 5544 legere
2526 5490 2633 5528 uno
2682 5477 2848 5545 ductu
2882 5473 3235 5545 ὑπαγορεύων
3271 5472 3391 5543 ἅμα
3420 5471 3666 5545 βαδίζων

2085 5542 2339 5617 δημοσίᾳ,
2376 5542 2696 5617 ξίφεσι-ιε
2730 5543 2963 5617 Ruﬁnus
3006 5542 3150 5617 hunc
3183 5542 3363 5598 locum
3415 5544 3491 5598 ita
3538 5543 3667 5617 legit

2085 5625 2250 5682 atque
2281 5614 2566 5679 intellexit,
2593 5626 2651 5668 ut
2683 5630 2748 5668 ex
2776 5616 2895 5684 ejus
2938 5615 3192 5670 versione
3239 5622 3496 5682 apparet.
3525 5614 3664 5665 Nam

2084 5695 2134 5739 et
2172 5686 2420 5739 incedens
2441 5702 2535 5753 per
2557 5685 2785 5755 plateas,
2827 5686 2921 5737 tali
2951 5691 3184 5755 quadam
3222 5684 3511 5736 ambitione
3550 5692 3665 5755 tite-

2086 5756 2258 5817 balur,
2306 5755 2510 5824 publice
2546 5754 2796 5823 epistolas
2845 5753 3109 5825 relegens,
3150 5765 3302 5823 atque
3361 5754 3421 5807 in
3477 5753 3660 5806 audita

2084 5826 2319 5879 omnium
2348 5834 2394 5877 et
2434 5826 2601 5879 oculis
2629 5826 2860 5878 dictatis.

2156 5894 2268 5965 (51)
2295 5892 2465 5964 Βῆμα
2499 5894 2617 5965 μὲν
2664 5894 2763 5949 καὶ
2795 5895 3010 5964 θρόνον
3042 5896 3309 5965 ὑψηλόν.
3347 5892 3663 5965 Reprehen-
