3876 6480
482 380 586 433 719

2863 224 2887 263 Ι
2936 238 2945 255 ι

1192 373 1462 431 EUSEBII
1499 373 1985 432 CAESARIENSIS
2022 372 2175 429 OPP.
2218 373 2402 431 PARS
2439 374 2483 430 ι.
2523 404 2592 415 -
2632 372 3032 430 HISTORICA.
3655 376 3743 433 72.0

481 513 680 566 magna
715 512 839 551 cum
890 494 1050 551 laude
1080 495 1329 549 eamdem
1359 497 1498 550 rexit
1528 496 1855 562 Ecclesiam,
1896 497 2065 552 lilium

2175 494 2428 566 βασιλεὺς
2455 494 2761 566 ἐντευχθεὶς
2789 496 3147 567 Αὑρηλιανὸς.
3178 468 3488 581 αἰτιώτατα
3515 497 3643 570 περι
3675 502 3729 557 οὗ

481 591 788 655 Domuum;
833 590 1010 643 virum
1043 589 1300 644 omnibus
1341 603 1463 658 qua:
1500 591 1818 658 episcopum
1871 591 2069 646 decent

479 684 699 737 dotibus
723 691 1069 741 exornatum.
1104 682 1259 749 Quod
1294 683 1516 752 quidem
1559 682 1766 738 ideirco
1797 683 1953 737 vobis
1987 684 2066 737 si-

476 773 881 845 gniﬁcavimus,
914 781 974 827 ut
1004 783 1060 828 et
1091 774 1159 827 ad
1192 789 1315 828 eum
1340 775 1619 840 scribatis,
1642 786 1699 829 et
1727 774 1797 828 ab
1822 789 1888 830 eo
1915 790 2069 829 coin-

479 865 873 919 mnnieatorias
914 863 1130 919 litteras
1158 864 1467 934 accipiatis.
1503 863 1601 920 Hic
1634 880 1766 921 vero
1801 864 1868 917 ad
1903 867 2066 919 Arte-

477 970 631 1011 main~
654 957 877 1022 scribat,
927 957 972 1010 si
1024 956 1202 1023 lubet;
1234 966 1288 1010 et
1316 958 1408 1027 qni
1447 957 1725 1012 Artemam
1755 966 2062 1021 sectantur,

476 1063 602 1104 cum
639 1062 705 1102 eo
745 1050 1167 1104 communicent.
1201 1049 1265 1103 Et
1304 1050 1418 1105 hare
1464 1050 1684 1117 quidem
1724 1064 1754 1102 a
1788 1049 1946 1104 nobis
1980 1050 2068 1103 hic

478 1141 654 1197 relata
678 1142 816 1196 sint.
843 1143 1009 1211 Igitur
1033 1159 1154 1195 cum
1187 1140 1387 1197 Paulus
1419 1156 1446 1194 τι
1481 1152 1629 1196 recta
1663 1142 1769 1196 ﬁde
1812 1142 1972 1197 simul
2012 1153 2068 1196 et

474 1235 792 1304 episcopatu
824 1236 1145 1298 excidisset,
1164 1236 1427 1300 Dontnus,
1447 1236 1733 1289 utdictum
1762 1243 1864 1299 est,
1896 1234 2069 1289 admi-

475 1328 859 1383 nistrationem
915 1328 1308 1403 Antiochensis
1330 1329 1594 1385 Ecclesia:
1644 1330 1913 1399 suscepit.
1956 1329 2065 1385 Sed

474 1433 599 1473 cum
636 1418 837 1476 Paulus
869 1435 900 1474 ε
935 1420 1097 1475 domo
1146 1420 1392 1475 ecclesia:
1434 1421 1748 1477 nullatenus
1800 1425 2067 1476 excedere

474 1511 639 1566 vellet
661 1550 677 1576 ,
699 1512 1077 1582 interpellatus
1102 1513 1400 1581 imperator
1416 1514 1745 1568 Aurelianus
1764 1515 2069 1570 rectissime

478 1607 582 1659 hoc
622 1605 895 1673 negotium
930 1602 1274 1671 dijudicavit,
1303 1604 1371 1659 iis
1411 1605 1633 1658 domum
1683 1605 1822 1659 tradi
1871 1604 2064 1674 praxi-

475 1697 655 1766 piens,
682 1696 879 1763 quibus
908 1696 1074 1752 ltalici
1099 1697 1422 1752 Christiana:
1457 1697 1744 1767 religionis
1789 1698 2066 1752 antistites

475 1798 533 1842 et
580 1788 857 1843 llomanus
888 1791 1180 1858 episc0pns
1225 1790 1550 1843 scriberent.
1605 1789 1717 1845 Hoc
1767 1791 1927 1844 modo
1980 1790 2067 1844 vir

2173 587 2448 660 πρακτέου
2476 586 2742 655 διείληφε,
2772 587 2979 661 τούιτοις
2999 591 3184 659 νεῖμαι
3211 593 3567 660 προστάττων
3582 591 3668 645 τὸν
3685 588 3741 646 οἷ-

2170 696 2283 743 κον,
2302 677 2385 742 οἷς
2404 679 2471 732 ἂν
2491 679 2541 731 οἱ
2568 677 2713 733 κατὰ
2735 677 2831 750 τὴν
2869 680 3100 734 Ἰταλίαν
3123 680 3216 734 καὶ
3236 681 3333 752 τὴν
3364 683 3652 752 Ῥωμαίων
3668 684 3743 737 πόα

2169 770 2252 824 λιν
2273 771 2563 825 ἐπίσκοποι
2587 770 2680 823 τοῦ
2698 771 2965 842 δόγματος
2992 773 3384 829 ἐπιστέλλοιεν.
3415 774 3577 828 Οὕτω
3590 775 3742 846 δῆταὸ

2172 862 2546 934 προδηλωθεὶς
2576 864 2718 936 ἀνὴρ
2763 864 2904 935 μετὰ
2934 866 3033 937 τῆς
3078 866 3316 938 ἐσχάτης
3355 867 3621 939 αἰσχύνης
3656 869 3742 925 ὑπὸ

2168 954 2270 1023 τῆς
2318 954 2589 1024 κοσμικῆς
2633 955 2812 1026 ἀρχῆς
2860 955 3207 1022 ἐξελαύνεται
3249 958 3352 1029 τῆς
3411 958 3739 1030 Ἐκκλησίας.

2170 1061 2420 1124 Τοιοῦτος
2468 1062 2567 1132 μέν
2600 1064 2662 1131 γέ
2688 1080 2771 1127 τις
2800 1062 2867 1135 ἦν
2894 1064 2954 1119 τὸ
2978 1067 3236 1137 τηνικάδε
3265 1068 3396 1139 περὶ
3423 1069 3575 1139 ἡμᾶς
3600 1070 3629 1123 ὁ
3654 1069 3742 1123 Δύο

2171 1154 2455 1224 ρηλιανός·
2496 1153 2793 1227 προϊούσης
2824 1156 2868 1209 δ’
2911 1158 3059 1229 αὐτῷ
3093 1161 3190 1230 τῆς
3233 1161 3432 1231 ἀρχῆς,
3469 1160 3672 1215 ἀλλοῖόν
3698 1180 3742 1217 τι

2170 1245 2300 1316 περὶ
2330 1246 2488 1316 ἡμῶν
2522 1250 2821 1320 φρονήσας,
2859 1250 2958 1321 ἥδη
2993 1251 3103 1303 τισι
3152 1252 3389 1322 βουλαῖς,
3430 1252 3509 1317 ὡς
3550 1253 3614 1307 ἂν
3639 1254 3741 1309 διω-

2168 1337 2307 1408 γμὸν
2344 1339 2466 1392 καθ’
2501 1340 2661 1411 ἡμῶν
2694 1342 2957 1414 ἐγείρειεν
2985 1342 3309 1397 άνεκινεῖτοο
3343 1344 3517 1409 πολύς
3542 1363 3600 1399 τε
3628 1342 3688 1418 ἦν
3715 1350 3740 1401 6

2168 1428 2321 1499 παρὰ
2361 1430 2495 1491 πᾶσι
2524 1432 2653 1502 περὶ
2681 1432 2871 1486 τούτου
2907 1433 3084 1502 λόγος.
3116 1436 3399 1490 Μέλλοντα
3433 1436 3492 1489 δὲ
3525 1436 3621 1509 ἤδη
3662 1440 3740 1492 καὶ

2172 1522 2356 1591 σχεδὸν
2387 1525 2562 1577 εἰπεῖν
2588 1527 2699 1588 τοῖς
2725 1525 2847 1578 καθ’
2875 1527 3031 1598 ἡμῶν
3051 1529 3375 1600 γράμμασιν
3400 1529 3739 1602 ὑποσημειοὼ

2173 1630 2351 1684 μενον,
2389 1613 2508 1668 θεία
2538 1616 2777 1686 μέτεισιν
2800 1618 2948 1689 δίκη,
2982 1622 3266 1691 μονονουχὶ
3295 1621 3354 1688 ἐξ
3376 1621 3637 1690 ἀγκώνων
3657 1621 3738 1693 τῆς

2168 1706 2538 1778 ἐγχειρήσεως
2576 1707 2742 1760 αὑτὸν
2788 1710 3190 1779 ἀποξεσμοῦσα,
3230 1711 3508 1784 λαμπρῶς
3543 1730 3600 1766 τε
3645 1716 3739 1777 τοῖς

2170 1803 2305 1854 πᾶσι
2360 1803 2594 1873 συνορᾷν
2647 1804 3004 1876 παριστῶσα,
3052 1805 3127 1869 ὡς
3183 1804 3383 1860 οὔποτε
3442 1807 3634 1877 γένοιτ’
3684 1807 3738 1861 ἂν

476 1896 641 1949 supra
680 1893 1017 1935 memoratus
1041 1898 1164 1936 cum
1194 1897 1411 1955 summo
1433 1882 1701 1936 dedecore
1728 1897 1823 1951 per
1839 1880 2065 1936 saecula-

2174 1889 2422 1964 ῥᾳστώνη
2459 1894 2571 1956 τοῖς
2601 1892 2697 1947 τοῦ
2740 1894 2856 1965 βίου
2889 1896 3119 1967 ἄρχουσι
3162 1898 3303 1950 κατὰ
3336 1896 3447 1951 τῶν
3486 1896 3580 1951 τοῦ
3623 1898 3738 1969 Χρι-

476 1988 594 2027 rem
618 1983 944 2043 potestatem
974 1974 1042 2028 ab
1072 1974 1309 2028 ecclesia
1337 1974 1665 2028 exturbatus
1695 1983 1800 2049 est:
1837 1974 1917 2026 Ac
1957 1984 2067 2026 tum

476 2067 700 2136 quidem
731 2083 859 2140 erga
890 2076 1105 2123 nostros
1138 2067 1301 2138 283
1336 2068 1419 2122 sic
1448 2066 1681 2121 affectus
1723 2075 1843 2120 erat
1887 2066 2068 2120 Aure-

476 2160 679 2216 lianus.
709 2158 974 2215 Processu
1011 2175 1141 2215 vero
1173 2160 1438 2229 temporis
1466 2159 1628 2213 aliter
1654 2160 1720 2212 de
1750 2157 1909 2212 nobis
1937 2173 2065 2212 sen-

480 2244 643 2320 tiens,
682 2254 1045 2325 quorumdam
1072 2252 1320 2308 consiliis
1348 2252 1517 2323 cmpit
1551 2251 1755 2322 impelli
1788 2260 1848 2305 ιιι
1879 2266 2068 2321 perse-

477 2345 755 2401 cntionem
779 2347 1041 2401 adversus
1064 2355 1283 2400 nostros
1316 2353 1706 2399 commoveret.
1734 2342 1976 2413 Jamque
2001 2358 2066 2397 ea

477 2436 545 2489 de
584 2451 643 2491 re
692 2436 895 2493 multus
927 2437 1128 2507 ubique
1168 2451 1355 2491 rumor
1379 2436 1765 2507 Spargebatur.
1793 2434 1901 2490 Sed
1940 2450 2065 2489 enm

476 2537 727 2597 paratum
750 2528 885 2596 jam,
909 2539 965 2584 et
983 2529 1300 2599 compositis
1317 2539 1512 2583 contra
1549 2544 1650 2583 nos
1674 2528 1892 2593 edictis,
1913 2536 1971 2582 ιιι
1993 2530 2064 2582 ita

476 2622 734 2688 dixerim,
748 2623 1207 2688 subscribentem,
1226 2622 1433 2691 ultaeSt
1451 2622 1633 2677 divina
1650 2621 1884 2689 iustitia,
1898 2622 2064 2690 quasi

474 2715 775 2769 constricto
811 2716 994 2770 cubito
1037 2727 1293 2771 conatum
1334 2715 1451 2784 ejus
1502 2714 1836 2784 reprimens,
1868 2714 2065 2768 simul-

474 2822 581 2875 que
606 2807 861 2862 omnibus
911 2808 1255 2877 apertissime
1285 2807 1603 2873 ostendens,
1640 2806 1773 2860 nihil
1822 2822 2061 2875 unquam

474 2899 635 2967 hujus
665 2900 854 2955 mundi
894 2901 1238 2971 principibus
1268 2902 1533 2954 adversus
1558 2899 1762 2954 Christi
1782 2898 2068 2955 Ecclesias

471 2990 661 3057 licere,
687 2993 788 3045 nisi
818 2993 1211 3064 propugnatrix
1230 2990 1325 3047 Dei
1353 2995 1576 3047 dextera
1602 3007 1805 3048 arcano
1828 2993 2066 3062 quodam

472 3101 538 3141 ac
586 3085 796 3141 caelesti
837 3085 1046 3155 judicio
1080 3086 1145 3140 ad
1186 3087 1603 3155 castigationem
1645 3095 1701 3140 et
1728 3085 2067 3141 emendatio-

474 3194 599 3234 nem
632 3190 897 3243 nostram,
931 3181 1131 3249 quibus
1174 3179 1275 3250 ipsi
1309 3181 1486 3233 visum
1523 3186 1612 3233 est
1645 3178 1980 3248 temporibus
2013 3178 2067 3234 id

2171 1983 2298 2036 στοῦ
2330 1984 2656 2054 ἐκκλησιῶν,
2693 1986 2767 2057 μὴ
2793 1988 2913 2059 οὐχὶ
2941 1989 3039 2058 τῆς
3070 1989 3396 2061 ὑπερμάχου
3428 1990 3609 2061 χειρὸς
3638 1989 3738 2061 θείᾳ

2169 2078 2265 2129 καὶ
2290 2077 2528 2149 οὐρανίῳ
2564 2078 2772 2150 κρίσει,
2800 2079 3052 2145 παιδείας
3082 2082 3246 2135 ἕνεκα
3276 2083 3373 2136 καὶ
3400 2083 3737 2154 ἐπιστροφῆς,

2171 2167 2291 2222 καθ’
2317 2168 2410 2233 οὒς
2437 2170 2503 2222 ἂν
2537 2170 2676 2242 αὐτὴ
2710 2169 2996 2241 δοκιμάζοι
3036 2174 3284 2244 καιροὺς,
3318 2174 3469 2229 τοῦτ’
3498 2174 3737 2227 ἐπιτελεῖ⁴

2172 2258 2295 2311 σθαι
2345 2259 2755 2332 συγχωρούσης.
2794 2263 2981 2336 Ἕτεσι
3027 2262 3158 2330 γοῦν
3191 2263 3252 2327 ἒξ
3293 2265 3640 2336 κρατήσαντα
3662 2264 3739 2318 τὸν

2169 2351 2505 2423 Αὐρηλιανὸν
2550 2332 2856 2423 διαδέχεται
2904 2352 3146 2423 Προὸος·
3206 2356 3301 2409 καὶ
3336 2332 3538 2409 ’τοῦτον
3590 2356 3737 2428 δήποο

2169 2445 2281 2507 τοῖς
2335 2443 2470 2507 ἴσοις
2516 2444 2977 2515 ἐπικατασχόντα,
3033 2446 3218 2518 Κάρος
3271 2447 3391 2519 ἅμα
3443 2465 3556 2511 τοις
3603 2448 3739 2501 παισὶ

2169 2536 2395 2607 Καρίνῳ
2442 2534 2537 2588 καὶ
2578 2535 2943 2607 Νουμεριανῷ
2989 2536 3202 2608 διαδέχε
3218 2555 3296 2591 ται
3331 2538 3485 2609 (45)’
3522 2538 3670 2593 πάλιν
3695 2539 3737 2591 τ’

2169 2624 2236 2682 αὖ
2268 2629 2591 2682 καὶτούτων
2619 2628 2728 2682 οὐδ’
2760 2629 2902 2692 ὅλοις
2936 2630 3113 2699 τρισὶν
3143 2632 3411 2695 ἐνιαυτοῖς
3445 2630 3737 2702 διαγενομέε

2126 2754 2137 2763 .
2168 2735 2294 2783 νων,
2332 2718 2540 2790 μέτεισι
2574 2717 2643 2771 τά
2666 2718 2766 2789 τῆς
2793 2720 3092 2790 ἡγεμονίας
3132 2721 3214 2784 εἰς
3257 2721 3631 2793 Διοκλητιανὸν
3657 2723 3735 2775 rat

2167 2811 2293 2873 τοὺς
2329 2811 2447 2881 μετ’
2485 2812 2645 2864 αὐτὸν
2675 2811 3089 2881 εἰσποιηθέντας
3109 2830 3121 2842 ·
3175 2815 3263 2883 ἐφ’
3300 2808 3378 2868 ὧν
3405 2816 3435 2867 ὀ
3467 2816 3583 2868 καθ’
3609 2817 3737 2887 ἡμᾶς

2170 2903 2508 2956 συντελεῖται
2534 2903 2776 2975 διωγμὸς
2813 2905 2946 2976 (46),
2982 2907 3077 2960 καὶ
3106 2908 3140 2979 ἡ
3170 2908 3293 2960 κατ’
3336 2908 3501 2963 αὐτὸν
3532 2910 3631 2963 τῶν
3657 2910 3735 2961 ὲκο

2169 2993 2406 3065 κλησιῶν
2443 2995 2783 3068 καθαίρεσις.
2843 2998 3003 3051 ’Λλλά
3039 2999 3150 3071 γάρ
3190 3001 3376 3073 μικρῷ
3411 3002 3595 3056 τούτου
3622 3000 3733 3073 πρό-

2168 3104 2327 3157 τερον
2378 3089 2469 3142 τὸν
2518 3090 2612 3143 ἐπὶ
2664 3090 2883 3163 Ῥώμης
2928 3088 3229 3147 ἐπίσκοπον
3271 3095 3546 3151 Διονύσιον
3582 3096 3735 3149 ἐτεσιν

2171 3182 2327 3236 ἐννέα
2354 3181 2645 3236 διελθόντα
2681 3185 2779 3255 τὴν
2821 3184 3195 3258 λειτουργίαν,
3228 3185 3534 3260 διαδέχεται
3569 3184 3729 3258 Φῆλιξ.

475 3273 595 3327 tieri
650 3273 985 3343 permiserit.
1043 3274 1217 3330 Porro
1252 3290 1376 3329 cum
1423 3272 1753 3328 Aurelianus
1797 3274 2066 3331 sexennio
2116 3275 2405 3345 imperium
2460 3279 2750 3341 tenuisset,
2804 3279 2857 3333 in
2882 3278 2999 3347 ejus
3027 3280 3203 3334 locum
3230 3282 3500 3335 successit
3524 3279 3726 3334 Probus.

472 3367 580 3437 Qui
605 3369 833 3424 totidem
865 3371 1025 3424 annis
1059 3370 1269 3441 imperii
1298 3369 1779 3424 administratione
1809 3368 2158 3438 perfunctus.
2191 3350 2392 3424 Carum
2421 3386 2546 3424 cum
2574 3371 2775 3426 Carino
2800 3381 2856 3427 et
2882 3370 3215 3434 Numeriano
3238 3372 3363 3428 ﬁliis
3393 3387 3728 3427 successorem

475 3462 721 3531 reliquit.
750 3462 813 3517 lli
847 3480 970 3518 cum
1006 3480 1071 3519 ne
1097 3467 1391 3521 triennium
1421 3465 1645 3534 quidem
1714 3479 1767 3518 ιιι
1821 3463 2136 3533 principatu
2168 3465 2504 3534 explessent,
2551 3480 2734 3519 rerum
2792 3481 3001 3520 summa
3043 3466 3224 3521 delata
3267 3476 3352 3521 est
3401 3466 3725 3526 Diocletiano,

476 3562 658 3631 iisque
690 3561 783 3630 qni
814 3572 1006 3631 postea
1033 3566 1097 3616 ad
1125 3563 1338 3633 imperii
1395 3562 1720 3616 societatem
1767 3560 1923 3614 asciti
1964 3568 2130 3621 sunt.
2186 3560 2429 3627 Quorum
2467 3562 2805 3631 temporibus
2835 3562 3071 3616 niaxima
3100 3562 3186 3616 illa
3228 3572 3535 3617 nostrorum
3568 3573 3725 3630 perse-

476 3661 647 3724 cutio,
676 3659 949 3727 simulque
984 3658 1342 3713 ecclesiarum
1396 3658 1611 3712 eversio
1667 3665 1979 3727 perpetrata
2012 3667 2122 3711 est.
2164 3655 2433 3712 Caeterum
2466 3659 2626 3726 paulo
2654 3666 2779 3710 ante
2812 3657 2928 3712 hinc
2962 3666 3206 3727 tempora
3241 3668 3460 3713 mortuo
3486 3656 3723 3728 Dionysio.

474 3755 569 3825 qui
603 3769 796 3808 novem
834 3752 992 3807 annis
1019 3751 1275 3804 Romamn
1301 3751 1453 3804 urbis
1473 3750 1844 3820 episcOpatum
1884 3748 2506 3814 administraratLFelix
2541 3749 2594 3802 in
2636 3748 2753 3816 ejus
2786 3749 2963 3801 locum
2995 3748 3324 3803 substitutus
3353 3757 3458 3804 est.

1037 3842 1266 3898 CAPUT
1304 3840 1497 3895 XXXI.

479 3938 557 3992 De
604 3937 1018 3993 Manicha'orum
1062 3920 1239 3989 errore
1282 3936 1373 4005 qui
1419 3943 1542 3988 tunc
1586 3936 1817 4005 primum
1850 3944 2065 3990 exortus

1222 4018 1318 4059 «981.

538 4102 744 4157 iisdem
786 4099 1125 4170 temporibus
1165 4099 1252 4153 ille
1286 4097 1486 4152 merito
1519 4098 1700 4153 dictus
1742 4097 1962 4163 Manes,
2011 4098 2063 4152 id

452 4184 559 4252 Iest
600 4197 867 4261 furiosus,
926 4194 1020 4265 qui
1080 4192 1470 4248 tltemoniacam
1526 4191 1776 4246 lucresim
1828 4192 2065 4245 nominis

478 4290 560 4344 sui
587 4290 854 4355 condidit,
882 4297 1126 4342 armatus
1156 4286 1391 4349 insania,
1425 4286 1493 4340 ab
1509 4284 1821 4339 adversario
1847 4283 1939 4337 Dei
1964 4282 2065 4337 Sa-

482 4393 605 4436 tana
646 4381 713 4434 ad
749 4381 1045 4437 multorum
1092 4378 1375 4433 hominum
1423 4376 1721 4447 perniciem
1769 4375 2063 4445 productus

473 4485 575 4527 est.
609 4471 708 4528 llic
758 4474 810 4526 in
856 4472 1109 4525 universa
1138 4468 1353 4524 vivendi
1401 4470 1613 4523 ratione
1653 4484 1778 4522 cum
1811 4480 2067 4521 sermone

477 4564 595 4633 ipso
621 4573 734 4617 tum
767 4563 1011 4617 moribus
1040 4559 1330 4624 barbarus,
1362 4569 1418 4612 et
1446 4567 1637 4627 suapte
1662 4567 1859 4612 natura
1893 4556 2066 4610 furio-

472 4669 573 4712 sus
619 4672 683 4712 ac
734 4658 1147 4717 daemoniacns,
1203 4653 1289 4709 his
1329 4663 1695 4708 consentanea
1746 4666 2064 4722 aggressus,

478 4752 717 4818 seipsnm
750 4749 1029 4805 Christum
1061 4748 1267 4818 ﬁngere
1299 4748 1551 4801 instituit.
1585 4745 1648 4799 Et
1672 4760 1816 4799 nunc
1842 4744 2060 4813 quidem

472 4837 817 4894 Paraclctttm
870 4856 950 4903 se,
1007 4839 1297 4908 ipsumque
1349 4837 1616 4906 Spiritum
1660 4846 1909 4891 sanctum
1941 4847 2064 4889 esse

477 4930 829 4997 praediCabat,
853 4938 1052 4998 prmter
1080 4928 1345 4981 insaniam
1378 4929 1633 4996 superbia
1659 4927 1827 4981 etiam
1859 4927 2057 4980 elatus.

474 5020 631 5074 Nam:
648 5034 797 5081 vero,
817 5023 969 5088 quasi
997 5019 1277 5083 Christus,
1300 5020 1589 5074 duodecim
1619 5017 1922 5089 discipulos
1940 5013 2072 5070 novi

474 5111 745 5181 dogmatis
767 5122 1048 5166 consortes
1066 5110 1320 5181 eligebat.
1359 5108 1492 5164 Cum
1524 5108 1688 5180 igitur
1712 5098 1849 5162 falsa
1879 5118 1935 5162 et
1960 5108 2062 5161 im-

545 5297 658 5373 (ιδ)
692 5298 1075 5373 Νουμεριανῷ
1094 5297 1455 5373 διαδέχεται.
1485 5296 1695 5373 Ultima
1717 5311 1819 5373 rex
1850 5295 2001 5351 abest
2029 5312 2058 5350 a

473 5366 649 5425 tribus
681 5366 1192 5424 nostris—codicibus
1218 5366 1376 5429 Maz.,
1398 5370 1540 5421 Med.
1574 5378 1627 5421 et
1658 5366 1817 5427 Fuk..
1836 5378 1889 5419 et
1915 5378 2067 5421 recte

474 5441 762 5493 subaudiri
818 5451 990 5512 potest
1031 5457 1153 5494 Clllll
1202 5441 1316 5510 jam
1376 5439 1737 5507 praecesserit.
1780 5438 1835 5490 In
1874 5438 2066 5490 iisdem

474 5511 778 5564 codicibus.
814 5512 1041 5564 perinde
1069 5525 1133 5564 ac
1177 5512 1229 5563 in
1268 5509 1547 5563 Saviliano
1594 5510 1854 5564 scriptum
1887 5507 2066 5560 inveni

473 5579 593 5653 ᾆμα
641 5575 828 5653 παισὶν
872 5582 1096 5653 Καρίνῳ
1135 5582 1231 5634 καὶ
1256 5575 1614 5651 Νουμεριανῷ
1654 5575 1773 5633 sine
1817 5577 2070 5635 articulo.

362 5650 377 5663 ³
474 5650 693 5729 Ιιιξιι-ιιδέ.
710 5668 814 5729 που
852 5650 1205 5729 ιιιιιιδήςπου.

549 5720 661 5787 (46)
710 5720 762 5772 Ὀ
794 5724 924 5775 καθ’
953 5717 1180 5791 ἡμᾶς...
1217 5720 1488 5791 διωγμός.
1512 5720 1604 5773 Sic
1652 5718 1703 5773 in
1738 5718 1897 5774 codd.
1922 5717 2065 5773 Med.

475 5791 720 5862 et_.\laz.
751 5792 985 5862 legitur,
1026 5803 1198 5846 recte.
1238 5792 1522 5862 Quomodo
1580 5791 1745 5862 etiam
1797 5791 2066 5862 scriptum

472 5858 681 5917 habent
701 5861 861 5919 codd.
893 5860 1101 5919 Fuluct
1124 5862 1290 5918 δεινῇ.
1326 5859 1503 5935 Vulg”
1529 5860 1710 5933 ἡμῶν.

814 5507 1041 5580 perinde
1069 5525 1133 5564 ac
1177 5507 1229 5563 in
1268 5509 1547 5563 Saviliano
1579 5510 1854 5580 scriptum
1887 5507 2068 5580 inveni

2687 3840 3085 3893 ΚΕΦΔΛΛΙΟΝ
3123 3842 3249 3894 AA'.

2169 3931 2310 3998 Περὶ
2341 3926 2449 3996 τῆς
2477 3927 2597 3982 τῶν
2628 3930 2976 3998 Μανιχαίων
3003 3930 3358 3998 ἑτεροδόξου
3391 3926 3722 3998 διαστροφῆς

2239 4000 2369 4068 ἄρτι
2402 4001 2536 4053 τότε
2568 4000 2913 4069 ἀρξαμένης
2951 3999 3089 4070 (Nic.
3126 4000 3197 4053 ΙΙ.
3229 4001 3296 4057 Ε.
3352 4018 3423 4066 \‘t,
3458 4003 3659 4069 51,52).

2253 4094 2341 4144 Ἐν
2372 4092 2545 4163 τούτῳ
2577 4094 2672 4145 καὶ
2702 4096 2731 4146 ὁ
2764 4094 2973 4156 Movet;
3003 4094 3102 4156 τάς
3137 4094 3363 4175 φρένας,
3392 4093 3721 4165 ἐπώνυμόςτι

2167 4185 2268 4257 τῆς
2304 4183 2673 4257 δαιμονιώσης
2723 4184 2989 4255 αἱρέσεως
3034 4183 3168 4257 (47),
3211 4184 3312 4256 τὴν
3353 4186 3447 4239 τοῦ
3498 4180 3718 4255 λογισμοῦ

2169 4277 2533 4350 παρα-τροπὴν
2562 4276 2958 4343 καθωπλίζετο,
2992 4278 3088 4330 τοῦ
3116 4277 3374 4348 δαίμονος
3396 4277 3554 4333 αὐτοῦ
3576 4277 3718 4346 δήπου

2167 4368 2262 4422 τοῦ
2304 4367 2579 4440 θεομάχου
2624 4368 2842 4422 Σατανᾶ
2884 4368 2980 4421 ἐπὶ
3025 4367 3173 4442 λύμῃ
3214 4368 3426 4421 πολλῶν
3467 4369 3552 4421 τὸν
3580 4365 3719 4435 ἄνδρα

2171 4460 2633 4534 προϐεϐλημένου.
2665 4459 2951 4534 Βάρὸαρος
2982 4461 3120 4531 δῆτα
3153 4461 3245 4514 τὸν
3274 4459 3389 4531 βίον
3423 4459 3561 4531 αὑτῷ
3601 4457 3718 4526 λόγῳ

2169 4553 2265 4606 καὶ
2290 4551 2507 4623 τρόπῳ,
2537 4553 2639 4624 τήν
2670 4569 2729 4604 τε
2765 4551 2928 4621 φύσιν
2961 4551 3275 4623 δαιμονικός
3308 4570 3393 4617 τις
3421 4552 3493 4606 ὢν
3523 4551 3605 4606 καί
3634 4564 3718 4619 μα·

2168 4644 2394 4715 νιὼδης,
2426 4644 2693 4698 ἀκόλουθα
2733 4644 2945 4709 τούτοις
2988 4645 3277 4717 ἐγχειρῶν,
3325 4645 3550 4718 Χριστὸν
3582 4639 3717 4696 αὑτὸν

2172 4736 2549 4808 μορφάζεσθαι
2601 4736 2880 4808 ἐπειρᾶτο,
2935 4738 3057 4790 τοτὲ
3108 4738 3208 4808 μὲν
3260 4737 3352 4790 τὸν
3400 4734 3716 4807 Παρὰκλητον

2166 4830 2262 4883 καὶ
2288 4830 2422 4883 αὐτὸ
2450 4830 2513 4883 τὸ
2558 4828 2785 4901 Πνεῦμα
2828 4822 2893 4883 τδ
2931 4830 3086 4895 ἆγιον
3119 4828 3284 4894 αὐτὸς
3324 4829 3509 4883 ἐαυτὸν
3540 4830 3713 4892 ἀνακη-

2168 4921 2397 4993 ρύττων,
2434 4924 2529 4977 καὶ
2562 4921 2899 4994 τυφούμενος
2929 4939 2993 4991 γε
3027 4922 3120 4975 ἐπὶ⁵
3161 4924 3228 4993 τῇ
3262 4920 3430 4992 μανίᾳ
3465 4918 3587 4990 (48).
3615 4913 3716 4968 τοτὲ

2162 5015 2222 5069 δὲ
2252 5009 2341 5069 οἷα
2369 5002 2626 5085 Χριστὸς,
2662 5013 2910 5087 μαθητάς
2941 5012 3150 5067 δώδεκα
3189 5014 3476 5076 κοινωνοὺς
3502 5010 3593 5078 τῆς
3618 5023 3718 5061 κτιι⁴

2162 5110 2421 5180 νοτομίας
2471 5096 2820 5181 αἱρούμενος,
2872 5106 3131 5180 Δόγματά
3178 5124 3244 5177 γε
3293 5106 3398 5179 μὴν
3445 5103 3603 5177 ψευδῆ
3638 5099 3717 5154 καὶ

2245 5297 2356 5369 (47)
2378 5296 2532 5362 Vulg.
2550 5296 2977 5369 δαιμονιώδους
2989 5296 3291 5366 αἱρέσεως.
3313 5296 3369 5350 In
3388 5293 3560 5369 codice
3575 5284 3715 5369 ΒεεῘο

2173 5356 2967 5440 διξιῖιιιῖιιιιχδ-αιμοῖνὼσηςιιιι⁵
2998 5356 3209 5440 ιιιῖιιιιιίι
3247 5356 3415 5440 etiam
3449 5363 3571 5440 Bob.
3609 5356 3715 5440 sit?

2174 5439 2405 5511 phanns.
2441 5437 2545 5511 Sed
2562 5435 2634 5511 Ain
2674 5435 3044 5511 vetustissimo
3082 5438 3274 5511 codice
3318 5435 3712 5511 biazarinoscrj:

2172 5504 2322 5578 ptum
2353 5510 2531 5579 inveni
2554 5507 3231 5579 δαιμονιώσης,ιιιιοιιιοιιο
3266 5507 3427 5562 etiam
3473 5504 3647 5572 legitur
3666 5507 3711 5546 ιιι

2176 5560 2313 5633 ἱοιΙιΙ
2325 5621 2337 5633 .
2354 5560 2922 5634 ίΡιιΙιήή-ιιιιῗέεινίιὶιιιιὸῖ

2247 5649 2360 5718 (48)
2407 5650 2785 5719 Τυφούμενός
2815 5666 2882 5719 γε
2901 5647 3000 5703 ἐπὶ
3040 5646 3116 5717 τῇ
3131 5649 3336 5719 μανίᾳ.
3381 5644 3521 5719 Hunc
3557 5638 3712 5719 locum

2174 5735 2280 5774 non
2316 5716 2698 5774 intellexerunt
2732 5716 3340 5788 interpretes.rlinlinus
3381 5716 3578 5783 quidem
3607 5716 3714 5788 {cf

2175 5791 2239 5842 tit
2264 5798 2313 5842 et
2346 5790 2514 5843 elatus
2548 5792 2776 5845 insania.
2827 5780 2919 5845 Sic
2973 5791 3119 5844 enim
3157 5790 3354 5843 habent
3395 5780 3709 5841 manuscripli

2178 5861 2413 5927 codices.
2446 5860 2555 5927 Nec
2586 5861 2745 5919 aliter
2784 5860 3060 5919 Masculus
3097 5870 3154 5917 et
3201 5855 3708 5925 Christophorsonus-
