3876 6482
193 378 276 437 res
813 354 817 362 “
1128 374 1476 441 πιςτοιιιιε
1515 359 1725 431 sacra

1829 376 2076 434 lSTlCAE
2116 375 2246 433 LIB.
2286 372 2400 430 VH.

3284 368 3391 439 vss

142 556 147 569 .
192 496 445 571 μαχοῦντος
475 492 692 566 στρατῷ
720 493 855 563 (56),
881 493 1055 569 ταύτῃ
1084 512 1144 549 τε
1180 496 1538 567 τυγχάνοντος
1575 497 1714 550 ἀπο-

1829 500 2043 566 provide
2070 496 2421 567 excogitavit.
2450 493 2635 550 Altera
2666 504 2794 553 pars
2825 488 3065 547 civitatis
3090 501 3212 543 cum
3239 499 3394 542 exer-

188 591 449 664 λιορκήτου,
498 588 590 642 τὸν
624 588 882 644 Εὐσέϐιον
912 590 1025 661 (ἔτι
1065 590 1174 665 γὰρ
1204 586 1344 646 εἶναι
1381 592 1501 646 τότε
1529 590 1714 657 αὐτόθι

187 684 271 757 πρὸ
294 682 383 755 τῆς
408 682 498 736 ἐπὶ
525 683 730 755 Συρίαν
759 685 1227 757 μεταναστάσεως)
1250 686 1306 742 ὲν
1330 689 1440 750 τοῖς
1464 684 1717 757 άπολιορ-

187 774 339 846 κήτοις
356 772 499 836 ὄντα,
533 773 679 845 μέγα
718 790 779 828 τε
809 773 967 839 κλέος
1006 775 1101 830 καὶ
1119 775 1398 847 διαϐόητον
1427 774 1599 846 ὄνομα
1627 772 1720 844 μέ-

185 883 257 940 χρι
275 865 358 920 καὶ
378 864 468 919 τοῦ
499 864 787 937 Ῥωμαίων
808 868 1181 939 στρατηλάτου
1206 886 1372 941 κεκτη
1382 869 1560 940 μένον,
1587 870 1717 942 περὶ

185 956 271 1012 τῶν
294 953 421 1027 λιμῷ
445 955 906 1029 διαφθειρομένων
931 958 1073 1013 κατὰ
1098 960 1198 1031 τὴν
1222 959 1538 1031 πολιορκίαν
1574 959 1717 1031 πέμ-

183 1052 267 1122 de;
290 1050 318 1102 δ
349 1048 647 1114 ’Δνατόλιος
677 1050 1006 1106 ἐκδιδάσκει.
1048 1052 1107 1106 '0
1128 1051 1186 1106 δὲ
1222 1051 1410 1123 μαθὼν
1442 1054 1717 1125 σωτηρίαν

182 1143 269 1206 τοῖς
287 1139 384 1195 ἀπὸ
411 1140 522 1195 τῶν
554 1141 828 1213 πολεμίων
852 1142 1169 1215 αὐτομόλοις
1199 1146 1523 1215 παρασχεῖν,
1556 1144 1632 1208 ὡς
1658 1146 1718 1198 ἐν

183 1233 375 1306 μεγίστῃ
407 1234 591 1307 χάριτι
612 1235 820 1306 δωρεᾶς
852 1237 944 1290 τὸν
983 1236 1271 1308 Ῥωμαίων
1302 1237 1609 1309 στρατηγὸν
1633 1238 1719 1292 al-

95 1410 102 1421 .
181 1328 359 1421 esitan-
382 1325 500 1421 Τίαὶ
547 1328 649 1421 τῆς
689 1324 968 1393 ἀξιώσεώς
1006 1344 1071 1397 γε
1125 1326 1323 1399 τυχὼν,
1364 1329 1605 1399 ἐμφανὲς
1641 1326 1719 1400 τῷ

189 1416 439 1488 ’Δνατολίῳ
472 1416 814 1489 καθίστησιν.
862 1419 921 1471 '0
952 1418 1009 1472 δὲ
1040 1418 1237 1473 αὐτίκα
1259 1419 1358 1491 τὴν
1388 1419 1719 1490 ἐπαγγελίαν

180 1508 449 1579 δεξάμενος,
480 1508 676 1580 βουλὴν
707 1508 819 1563 τῶν
857 1507 1246 1581 Ἀλεξανδρέων
1280 1510 1622 1580 συναγαγὼν,
1649 1510 1721 1565 τά

180 1600 260 1671 μὲν
285 1601 465 1675 πρῶτα
493 1601 705 1665 πάντας
744 1600 898 1672 ἠξίου
931 1602 1151 1675 φιλικὴν
1192 1601 1376 1658 δοῦναι
1427 1603 1721 1673 Ῥωμαίοις

179 1691 324 1759 δεξιὰν
341 1731 356 1756 ,
383 1692 457 1757 ὡς
488 1693 536 1746 δ’
585 1694 966 1766 ἀγριαίνοντας
1012 1695 1104 1749 ἐπὶ
1150 1694 1229 1765 τῷ
1270 1694 1414 1766 λόγῳ
1459 1695 1719 1759 συνεῖδεν,

178 1781 268 1835 ἀλλ’
290 1782 347 1835 οὐ
382 1781 559 1854 τούτῳ
591 1799 677 1852 γε,
710 1784 897 1855 φησὶν,
946 1782 1243 1850 ἀντιλέξειν
1286 1783 1406 1836 ποθ’
1437 1784 1583 1855 ὑμᾶς
1608 1783 1719 1838 οἴο-

178 1892 272 1945 μαι,
297 1877 340 1930 εἰ
363 1876 493 1940 τοὺς
520 1877 808 1950 περιττοὺς
834 1876 928 1930 καὶ
959 1878 1092 1948 ἡμῖν
1125 1876 1311 1949 αὐτοῖς
1336 1873 1545 1947 οὐδαμῆ
1587 1893 1723 1946 χρη-

177 1964 352 2035 σίμους,
378 1961 612 2038 γραίῖδας
639 1968 737 2021 καὶ
768 1969 937 2038 νήπια
965 1969 1061 2024 καὶ
1106 1968 1441 2041 πρεσϐύτας,
1471 1968 1722 2023 ἐκδοῦναι

177 2056 324 2112 πυλῶν
356 2058 459 2123 ἔξω
500 2058 741 2130 βαδίζειν
778 2061 901 2114 ὅποι
940 2062 1038 2116 καί¹
1068 2061 1340 2133 βούλοιντο
1386 2062 1722 2133 συμϐουλεύ-

174 2171 319 2228 σαιμι.
356 2158 419 2212 Τί
462 2157 578 2231 γάρ
616 2158 682 2231 δὴ
709 2158 934 2224 τούτους
972 2161 1055 2225 είς
1085 2162 1263 2232 μάτην
1300 2162 1425 2215 ὅσον
1454 2159 1607 2215 οὔπω
1633 2177 1723 2214 τε-

174 2247 497 2321 θνηξομένους
540 2254 676 2319 παρ’
711 2252 924 2317 ἑαυτοῖς
954 2253 1207 2325 ἕχοιμενς
1246 2254 1301 2308 τί
1336 2254 1392 2307 δὲ
1421 2254 1547 2319 τοὺς
1588 2256 1723 2309 άνα-

175 2342 347 2413 πήρους
371 2344 467 2397 καὶ
500 2344 571 2398 τὰ
599 2345 828 2417 σώματα
863 2345 1296 2419 λελωϐημένους,
1321 2346 1401 2419 τῷ
1439 2345 1584 2418 λιμῷ
1625 2363 1726 2400 κα·-

173 2434 500 2507 ιατρύχομεν,
521 2437 749 2510 τρέφειν
772 2437 891 2493 δέον
917 2439 1109 2511 μόνους
1133 2440 1335 2514 ἄνδρας
1362 2441 1459 2495 καὶ
1483 2441 1722 2505 νεανίας,

170 2525 347 2581 καὶτὸν
375 2530 680 2599 ἀναγκαῖον
726 2530 898 2603 πυρὸν
937 2535 1049 2597 τοῖς
1082 2532 1175 2585 ἐπὶ
1216 2531 1434 2603 φυλακῇ
1477 2534 1581 2605 τῆς
1634 2532 1728 2586 πό-

174 2618 281 2683 λεως
329 2622 663 2694 ἐπιτηδείοις
696 2624 1054 2694 ταμιεύεσθαι
1097 2624 1246 2697 (57);
1291 2623 1568 2690 Τοιούτοις
1615 2627 1727 2680 τισί

173 2715 410 2785 λογισμοῖς
438 2715 647 2780 πείσας
671 2717 732 2770 τὸ
773 2716 1067 2791 συνέδριον,
1101 2717 1295 2790 ’ψῆφον
1334 2719 1553 2791 πρῶτος
1594 2719 1727 2775 ἀνα-

172 2804 277 2869 στὰς
321 2807 569 2880 ἐκφέρει,
613 2809 725 2862 πᾶν
771 2810 833 2863 τὸ
878 2812 945 2881 τῇ
989 2809 1247 2883 στρατεία
1299 2810 1374 2882 μὴ
1420 2810 1725 2885 ἐπιτήδειον

173 2896 255 2949 εἴτε
286 2898 496 2971 ἀνδρῶν
533 2902 645 2954 εῖτε
675 2901 956 2970 γυκαικῶν
995 2903 1173 2971 γένος,
1207 2901 1463 2956 ἀπολύειν
1501 2906 1602 2975 τῆς
1630 2905 1729 2959 πό-

172 2988 296 3054 λεως,
320 2992 397 3046 ὅτι
423 2992 564 3063 μηδὲ
596 2993 1000 3064 καταμένουσιν
1026 2995 1208 3058 αὐτοῖς
1235 2996 1329 3048 καὶ
1355 2997 1436 3060 είς
1468 2995 1528 3049 τὸ
1555 2995 1728 3068 ἄχρη-

174 3095 270 3133 πον
298 3082 351 3137 ὲν
375 3087 439 3155 τῇ
485 3084 645 3139 πόλει
676 3085 1063 3157 διατρίϐουσιν,
1092 3088 1248 3152 ἐλπὶς
1285 3089 1350 3143 ἂν
1376 3088 1587 3158 γένοιτο
1623 3105 1729 3143 σω·-

1815 589 2205 647 cituJ’tomauo
2240 586 2511 643 societate
2561 583 2846 652 eottjuncta
2889 591 3031 649 erat,
3063 597 3127 637 ac
3163 582 3393 653 proinde

1816 682 2041 738 minime
2078 682 2325 736 obsessa.
2353 679 2409 734 In
2446 677 2550 733 hac
2578 676 2900 734 versabatur
2925 673 3198 728 Eusebius
3226 670 3391 745 (nou-

1817 773 1946 829 dum
1972 773 2117 828 enim
2144 773 2211 827 ad
2235 781 2419 843 partes
2452 767 2630 840 Syria:
2656 763 3034 836 migraverat),
3065 761 3224 834 cujus
3249 760 3396 817 cele~

1816 864 1914 922 bre
1934 879 2130 921 nomen
2157 872 2216 920 et
2239 861 2472 933 insignis
2495 859 2665 932 gloria
2693 858 2759 913 ad
2784 870 2947 913 aures
2968 856 3132 911 etiam
3160 851 3392 909 Romani

1817 958 1972 1012 ducis
2001 963 2345 1028 pervenerat.
2362 952 2519 1008 Hunc
2533 950 2819 1007 Anatolius
2838 950 3005 1005 misso
3026 947 3167 1003 clam
3200 944 3394 999 nuntio

1817 1049 2105 1104 certiorem
2139 1047 2272 1102 facit
2299 1045 2365 1100 de
2388 1058 2617 1099 numero
2642 1057 2830 1098 eorum
2864 1041 2957 1111 qui
2990 1039 3134 1094 fame
3162 1037 3216 1093 in
3245 1034 3392 1090 obsi-

1818 1142 1982 1198 dione
2011 1141 2319 1196 interirent.
2338 1138 2454 1205 Quo
2478 1146 2759 1206 comperto
2784 1134 3054 1191 Eusebius
3082 1148 3113 1186 a
3142 1131 3397 1185 Romano

1821 1234 1960 1295 duce
2011 1233 2231 1288 maximi
2284 1230 2534 1286 beneﬁcii
2582 1230 2704 1285 loco
2751 1227 3063 1299 postulavit,
3104 1232 3165 1279 ut
3205 1224 3273 1280 iis
3299 1217 3394 1292 qui

1822 1327 2163 1399 transfugere
2190 1323 2259 1379 ab
2290 1323 2541 1379 hostibus
2561 1319 2786 1385 vellent,
2806 1317 3241 1374 incolumitatem
3265 1328 3397 1368 con-

1819 1419 2062 1475 cederet.
2096 1413 2152 1471 ld
2184 1428 2309 1470 cum
2336 1413 2703 1480 impetrasset,
2735 1410 2921 1466 statim
2971 1407 3224 1463 Anatolio
3252 1405 3394 1458 iudi-

1821 1511 1986 1566 cavit.
2012 1506 2130 1571 llle,
2150 1505 2512 1579 promissione
2541 1503 2700 1559 ducis
2725 1501 2960 1558 libenter
2994 1508 3243 1568 accepta,
3272 1496 3400 1551 Ale-

1820 1601 2150 1661 xsudrinum
2185 1605 2454 1655 convocat
2484 1603 2757 1652 senatum.
2785 1594 2866 1648 Ac
2900 1592 3134 1663 primum
3169 1589 3395 1661 quidem

1821 1693 2054 1748 suadere
2073 1688 2241 1761 cmpit
2267 1689 2545 1752 omnibus,
2568 1694 2628 1742 ut
2646 1698 2771 1740 cum
2797 1682 3057 1738 Romanis
3083 1683 3137 1735 in
3167 1682 3397 1752 gratiam

1824 1784 2091 1840 redirent.
2127 1782 2234 1838 Sed
2275 1796 2398 1837 cum
2426 1779 2551 1835 illos
2596 1774 2910 1847 huiusmodi
2954 1771 3143 1830 Verbis
3170 1780 3413 1837 exaspe-t

1825 1886 1974 1931 ratos
1996 1874 2248 1931 videret:
2275 1872 2344 1926 At
2373 1871 2478 1926 hoc
2505 1878 2678 1936 certe,
2709 1868 2903 1938 inquit,
2925 1875 3266 1935 nequaquam
3300 1874 3401 1915 vos

1824 1968 2067 2022 arbitror
2099 1964 2501 2035 repudiaturos,
2523 1959 2573 2016 si
2600 1959 2759 2016 vobis
2788 1971 3011 2013 suasero
3062 1963 3120 2010 ut
3143 1967 3403 2021 superva-

1825 2074 1985 2115 cuam
2024 2066 2189 2129 atque
2226 2046 2475 2112 inutilem
2504 2053 2753 2119 turbam,
2788 2066 2927 2106 anus
2967 2049 3177 2104 scilicet
3216 2053 3276 2101 et
3320 2046 3405 2101 in-

1824 2152 2002 2209 fantes
2038 2165 2105 2207 ac
2130 2164 2311 2214 senes,
2334 2158 2491 2205 extra
2518 2154 2708 2216 portas
2730 2144 2883 2199 abire
2911 2157 3020 2213 quo
3042 2139 3228 2195 volent
3258 2137 3407 2195 sina-

1827 2246 1917 2299 tis.
1947 2243 2087 2310 Quid
2107 2242 2255 2297 enim
2281 2241 2415 2313 istos
2431 2238 2766 2309 iamiamque
2788 2234 3086 2289 morituros
3104 2229 3407 2307 retinemus

1826 2334 2146 2391 uobiscum?
2178 2333 2286 2388 Cur
2312 2344 2408 2387 eos
2446 2328 2544 2401 qui
2573 2325 2854 2385 debilitato
2885 2324 3103 2395 penitus
3141 2336 3207 2376 ac
3236 2317 3408 2375 muti-

1824 2429 1938 2484 lato
1982 2435 2111 2484 sunt
2149 2439 2400 2496 corpore,
2446 2422 2589 2477 fame
2636 2420 2856 2488 insuper
2894 2414 3238 2479 conﬁcimus,
3279 2425 3407 2471 cum

1825 2523 1973 2578 viros
2011 2521 2280 2576 duntaxat
2313 2532 2375 2572 ac
2401 2515 2634 2589 juvenes
2661 2513 2807 2568 alere
2832 2517 3102 2581 oporteat,
3127 2516 3183 2561 et
3212 2520 3407 2561 neces-

1826 2616 2030 2671 sarium
2058 2610 2392 2669 frumentum
2432 2609 2520 2671 iis.
2542 2606 2632 2675 qui
2662 2604 2729 2660 ad
2767 2602 2919 2659 urbis
2950 2600 3256 2662 custodiam
3288 2598 3408 2651 ido-

1826 2706 1913 2761 nei
1943 2698 2455 2777 suut,dispeusare?
2486 2694 2806 2766 Huiusmodi
2836 2692 3144 2749 rationibus
3164 2705 3289 2746 eum
3321 2702 3409 2744 se-

1827 2808 2014 2853 natum
2041 2796 2093 2851 in
2123 2794 2454 2851 sententiam
2480 2804 2637 2847 suam
2668 2784 3045 2858 pertraxisset,
3064 2783 3181 2855 ipse
3201 2781 3410 2853 primus

1828 2902 2128 2959 exsurgens
2172 2893 2382 2952 censet,
2417 2896 2636 2940 omnem
2674 2878 2949 2936 imbellem
3000 2872 3408 2932 multitudinem

1830 2991 1937 3035 tam
1966 2980 2134 3052 286
2153 2978 2326 3034 virilis
2349 2988 2511 3046 quam
2534 2971 2817 3028 muliebris
2834 2985 3000 3025 sexus
3017 2983 3085 3024 ex
3101 2969 3236 3023 urbe
3250 2967 3411 3021 emit-
3442 3004 3446 3009 .

1829 3075 2048 3129 tendam
2073 3086 2229 3138 esse;
2255 3069 2456 3141 quippe
2484 3080 2610 3123 cum
2638 3065 2706 3120 iis
2729 3064 2775 3120 si
2806 3062 3011 3121 diutius
3030 3066 3407 3124 remanerent,

171 3172 350 3242 τηρίας,
552 3174 651 3229 τοῦ
680 3149 841 3247 λιμοῦ
871 3149 1412 3250 διαφθαρησομένοις.
1449 3178 1635 3251 Ταύτῃ
1670 3178 1725 3233 δὲ

1831 3173 1887 3222 et
1931 3164 2242 3221 nullatenus
2286 3161 2606 3232 reipublicae
2630 3159 2816 3228 .utiles
2862 3161 3232 3218 morarentur,
3259 3149 3410 3206 nulla

172 3261 258 3315 τῶν
279 3262 473 3319 λοιπῶν
509 3265 773 3320 ἁπάντων
814 3271 879 3340 τῇ
917 3267 1079 3340 βουλῇ
1129 3268 1724 3341 συγκατατεθειμένων,

173 3356 337 3428 μικροῦ
382 3357 492 3412 δεῖν
537 3361 670 3423 τοὺς
703 3359 913 3425 πάντας
959 3360 1069 3415 τῶν
1116 3361 1589 3432 πολιορκουμένων
1621 3362 1730 3417 διε-

174 3444 382 3511 σώσατο,
416 3450 477 3502 ὲν
517 3451 764 3523 πρώτοις
804 3453 903 3523 μὲν
938 3454 1065 3517 τοὺς
1096 3452 1205 3507 ἀπὸ
1233 3456 1332 3525 τῇς
1380 3453 1725 3525 Ἐκκλησίας,

171 3534 331 3595 ἔπειτα
358 3541 414 3596 δὲ
443 3545 541 3596 καὶ
571 3542 683 3597 τῶν
712 3543 888 3597 ἄλλων
925 3543 1033 3597 τῶν
1067 3544 1211 3599 κατὰ
1237 3544 1336 3617 τὴν
1367 3544 1521 3599 πόλιν
1546 3548 1731 3601 πᾶσαν

170 3629 372 3700 ἠλικίαν,
402 3632 811 3708 διαδιδράσκειν
838 3636 1309 3710 προμηθούμενος,
1339 3639 1398 3691 ού
1435 3639 1595 3709 μόνον
1621 3639 1729 3692 τῶν

170 3725 287 3780 κατὰ
309 3727 405 3800 τὴν
444 3727 634 3801 ψῆφον
664 3728 1019 3801 δεδογμένων.
1061 3732 1139 3802 Τῇ
1179 3730 1237 3787 δὲ
1276 3731 1485 3786 τούτων
1518 3732 1732 3804 προφά-

173 3831 257 3881 σει,
292 3822 381 3875 καί
421 3823 658 3894 μυρίους
694 3820 889 3886 ἄλλους
924 3822 1228 3894 λεληθότως
1256 3822 1574 3892 γυναικείαν
1610 3841 1732 3878 στο-

172 3906 249 3981 λὴν
274 3911 745 3985 ἀμπισχομένους,
791 3913 1008 3987 νύκτωρ
1049 3931 1110 3968 τε
1137 3917 1206 3987 τῇ
1245 3916 1458 3971 ἐκείνου
1490 3915 1730 3989 φροντίδι

170 3998 259 4054 τῶν
296 4003 474 4059 πυλῶν
519 4004 790 4071 ἐξιόντας,
824 4005 922 4060 καὶ
961 4006 1054 4059 ἐπὶ
1095 4005 1195 4078 τὴν
1244 4006 1530 4079 Ῥωμαίων
1563 4025 1731 4080 στρα-

169 4089 268 4145 τιάν
301 4093 610 4166 ὁρμῶντας.
661 4094 835 4149 Ἔνθα
871 4096 1000 4161 τοὺς
1027 4096 1235 4161 πάντας
1272 4097 1665 4170 ὑποδεχόμενος
1702 4101 1733 4153 ὁ

169 4180 416 4253 Εὐσέϐιος,
450 4187 667 4260 πατρὸς
717 4188 812 4242 καὶ
856 4188 1043 4269 ίατροῦ
1081 4189 1259 4261 δίκην,
1308 4191 1733 4263 κεκακωμένους

168 4274 219 4328 ἐκ
242 4280 329 4350 τῆς
360 4281 585 4353 μακρᾶς
619 4279 937 4352 πολιορκίας
972 4279 1107 4350 (58),
1134 4281 1223 4335 διὰ.
1262 4283 1447 4355 πάσης
1476 4282 1733 4356 προνοίας

170 4368 245 4421 καὶ
274 4370 573 4444 θεραπείας
624 4373 911 4427 ἀνεκτᾶτο.
962 4373 1232 4428 Τοιούτων
1278 4376 1314 4448 ὴ
1357 4375 1501 4430 κατὰ
1537 4375 1732 4431 Λαοδίο

168 4474 297 4517 κειαν
346 4465 651 4537 Ἐκκλησία
694 4464 788 4519 δύο
833 4464 1032 4537 ἐφεξῆς
1062 4466 1209 4520 κατὰ
1241 4466 1491 4539 διαδοχὴν
1519 4465 1726 4540 ἠξιώθη

168 4556 433 4624 ποιμένων,
466 4560 569 4613 σὺν
605 4555 730 4627 θείᾳ
755 4554 1067 4628 προμηθείᾳ
1110 4554 1249 4628 μετὰ
1288 4556 1380 4611 τὸν
1421 4555 1729 4629 δηλωθέντα

169 4642 372 4717 πόλεμον
409 4651 477 4703 ἐκ
522 4651 625 4722 τῆς
675 4645 1069 4719 Ἀλεξανδρέων
1114 4647 1324 4713 πόλεως
1368 4649 1459 4701 ἐπὶ
1501 4648 1568 4703 τὰ
1603 4648 1729 4721 τῇδε

169 4737 607 4809 μετεληλυθότων.
640 4740 717 4794 Ού
760 4741 860 4811 μὲν
891 4736 984 4795 οὖν
1012 4740 1352 4811 ἐσπουδάσθη
1395 4740 1626 4797 πλεῖστα
1650 4739 1729 4813 τῷ

176 4825 438 4904 Ἀνατολίῳ
471 4832 922 4907 συγγράμματα,
961 4832 1196 4887 τοσαῦτα
1227 4832 1272 4886 δ’
1303 4835 1384 4896 είς
1426 4833 1574 4905 ἡμᾶς
1605 4833 1730 4905 ἐλή-

164 4916 302 4989 λυθε,
327 4923 392 4977 δι’
425 4918 503 4981 ὧν
535 4922 705 4977 αὑτοῦ
747 4922 1088 4994 καταμαθεῖν
1128 4920 1352 4975 δυνατὸν
1384 4920 1521 4993 όμοῦ
1570 4920 1631 4975 τό
1668 4938 1728 4975 τε

165 5008 316 5080 λᾶγιον
344 5018 437 5070 καὶ
472 5016 790 5087 πολυμαθὲς
806 5055 822 5079 ,
859 5017 920 5071 ὲν
962 5011 1045 5078 οἷς
1091 5014 1326 5087 μάλιστα
1364 5013 1432 5067 τά
1464 5015 1593 5087 περὶ
1632 5013 1727 5069 τοῦ

165 5101 328 5177 Πάσχα
370 5109 604 5175 δόξαντα
638 5108 985 5180 παρίστησιν.
1039 5109 1156 5177 Ἀφ’
1196 5101 1275 5162 ὧν
1320 5108 1615 5176 ἀναγκαῖον
1660 5107 1729 5160 ἂν

349 5262 435 5345 Τῷ
468 5260 775 5345 Ῥωμαϊκῷ
804 5263 1270 5345 συμμαχοῦντος
1306 5260 1563 5345 σφας-ᾧ.
1591 5262 1727 5345 Dum

164 5328 560 5411 (ἶΙειιιιιὶιιςξὶιτιυ.
576 5328 660 5411 :ad
671 5328 858 5388 versus
882 5328 1147 5411 barbaros
1174 5328 1460 5411 pugnaret,
1475 5331 1734 5399 Zenobia,

164 5402 311 5479 tuisse
328 5402 519 5479 Zabda'
557 5406 695 5479 duce
723 5421 847 5459 cum
897 5402 1378 5479 iugentiuuililutn
1411 5418 1593 5468 manu,
1632 5404 1731 5455 ad-

161 5472 360 5552 il“ch
382 5476 551 5529 etiam
571 5473 883 5552 jimogene
911 5474 1196 5552 Egyptio,
1231 5472 1722 5552 Egyptumﬂoccu-

164 5542 315 5613 pavit,
338 5554 392 5598 et
422 5541 769 5613 praesidiutu'
789 5541 1138 5600 Alexandria:
1182 5541 1463 5613 itnpusuit.
1523 5541 1723 5613 Verum

166 5611 497 5689 Probusdux
519 5616 956 5689 Rougnus,gum
985 5614 1162 5682 copiis
1179 5611 1377 5689 quibus
1398 5612 1723 5689 imperabat,

167 5680 414 5760 afﬁnitatis
452 5687 561 5760 sibi
623 5683 895 5760 Egyptiis
913 5680 1575 5760 ﬂuuntqtto_t'Pat_l_myrettis
1619 5681 1723 5760 mis

170 5754 295 5832 Lime
331 5754 630 5832 favebant,
666 5754 761 5832 eos
795 5755 863 5832 ab
888 5754 1127 5832 [Egypto
1157 5754 1384 5832 depulit,
1430 5762 1488 5832 ut
1540 5759 1726 5832 narrat

169 5817 395 5881 lusimus
416 5837 471 5882 et
500 5817 671 5883 Pollio
705 5827 757 5881 in
788 5817 1403 5896 ClaudiofTunc'igitur
1429 5822 1723 5878 Bruchiuut

1830 3274 1958 3330 spes
1993 3257 2188 3313 salutis
2215 3263 2546 3326 superesset,
2563 3252 2709 3308 fame
2729 3252 2920 3321 utique
2940 3243 3231 3318 perituris.
3257 3240 3413 3297 Hanc

1830 3354 2157 3411 sententiam
2184 3366 2308 3406 cum
2343 3361 2536 3405 omnes
2565 3346 2658 3417 qui
2688 3347 2739 3400 in
2759 3352 2955 3400 senatu
2980 3347 3136 3396 erant
3157 3350 3413 3407 compro-

1830 3446 2078 3512 bassent,
2097 3443 2383 3498 universos
2411 3440 2525 3496 fere
2547 3440 2807 3495 obsessus
2833 3430 3120 3490 Anatolius
3145 3428 3411 3484 servavit.

1830 3538 2069 3594 Primum
2094 3537 2238 3591 enim
2265 3548 2487 3605 operam
2505 3531 2650 3587 dedit
2676 3538 2735 3584 ut
2767 3535 2967 3584 nostra:
2982 3521 3261 3592 religionis
3284 3518 3413 3586 viri,

1833 3631 2031 3686 deinde
2054 3639 2115 3685 ut
2142 3628 2233 3683 alii
2267 3627 2434 3683 etiam
2463 3621 2754 3693 cujuslibet
2789 3619 2991 3684 aetatis,
3023 3631 3125 3672 nec
3154 3616 3189 3670 ii
3217 3615 3417 3671 duntao

1830 3732 1926 3777 xat
1950 3720 2150 3791 quibus
2182 3726 2405 3774 senatus
2435 3713 2715 3771 licentiam
2751 3712 3000 3774 dederat,
3024 3721 3217 3765 verum
3246 3706 3415 3761 etiam

1832 3815 1921 3869 alii
1956 3813 2139 3884 plures
2169 3808 2482 3882 hujusmodi
2508 3808 2737 3865 obtentu
2790 3802 3026 3859 latenter
3062 3798 3413 3870 attingerent,

1833 3906 2084 3961 muliebri
2115 3914 2269 3960 veste
2303 3902 2501 3967 induti,
2534 3908 2810 3967 noctuque
2831 3907 2988 3952 extra
3022 3893 3265 3950 civitatis
3289 3904 3416 3961 por—
3452 3911 3457 3917 -

1835 4010 1919 4053 tas
1931 4000 2048 4070 ejus
2070 4012 2237 4068 opera
2260 3993 2525 4061 educti,et
2545 3991 2612 4048 ad
2632 3991 3001 4046 Romanorum
3020 3994 3201 4040 castra
3231 3994 3416 4037 trans-

1835 4089 2032 4160 gressi.
2106 4086 2181 4142 lbi
2237 4082 2511 4142 Eusebius
2558 4088 2785 4136 cunctos
2833 4078 3114 4153 excipiens
3158 4074 3417 4129 diuturna

1832 4181 2120 4238 obsidione
2152 4184 2481 4240 maceratae,
2514 4173 2669 4246 quasi
2704 4171 2925 4244 quidam
2956 4177 3113 4239 pater
3143 4180 3206 4221 ac
3240 4164 3416 4219 medi-

1834 4289 1933 4330 cus
1962 4272 2112 4328 omni
2136 4284 2273 4327 cura
2304 4284 2369 4325 ac
2390 4266 2736 4340 providentia
2767 4262 3060 4317 recreavit.
3092 4254 3417 4326 llnjusmodi

1834 4368 1971 4423 duos
2002 4375 2250 4436 pastores
2274 4362 2531 4419 continua
2559 4358 2705 4414 serie
2737 4355 2840 4412 sibi
2869 4353 3254 4417 succedentes,
3277 4346 3419 4403 Lao-

1834 4459 2073 4516 dicensis
2090 4457 2335 4515 Ecclesia
2358 4455 2546 4511 divino
2582 4460 2718 4506 nutu
2751 4449 2944 4505 sortita
2973 4455 3077 4511 est,
3114 4458 3236 4500 cum
3266 4451 3417 4496 uter-

1832 4565 1939 4620 que
1960 4564 2151 4611 eorum
2183 4559 2311 4621 post
2330 4544 2630 4616 supradicti
2658 4542 2783 4599 belli
2809 4554 3050 4610 tempora
3080 4553 3149 4593 ex
3179 4536 3418 4593 Alexan-

1830 4645 1993 4699 drina
2027 4643 2159 4698 urbe
2201 4643 2254 4697 in
2288 4639 2504 4723 Syriam
2541 4638 2913 4709 migravissct.
2948 4632 3222 4689 Cteterum
3267 4630 3416 4684 Ana-

1836 4734 2128 4797 toliusuon
2178 4717 2468 4790 admodum
2496 4727 2701 4786 multos
2729 4725 3039 4795 composuit
3077 4723 3268 4777 libros.
3309 4717 3418 4775 Ve-

1832 4842 1952 4881 rum
1977 4840 2043 4885 ex
2080 4827 2148 4880 iis
2175 4827 2267 4896 qui
2299 4825 2365 4880 ad
2392 4838 2492 4880 nos
2519 4828 2911 4895 pervenerunt,
2942 4814 3312 4889 eloquentiam
3337 4814 3418 4868 si-

1832 4920 1945 4973 mul
1991 4927 2048 4974 et
2088 4916 2450 4988 multiplicem
2485 4916 2608 4987 ejus
2646 4913 3010 4970 eruditionem
3046 4908 3263 4964 abunde
3290 4906 3420 4961 licet

1835 5024 2201 5080 cognoscere;
2233 5010 2505 5079 praecipue
2540 5022 2668 5063 vero
2698 5022 2761 5061 ex
2808 5006 2874 5059 iis
2907 5002 2962 5057 in
3005 5000 3207 5074 quibus
3259 5015 3416 5054 suam

1837 5105 1905 5160 de
1936 5103 2143 5159 Pascha
2168 5103 2499 5159 sententiam
2530 5099 2843 5158 confirmat.
2892 5094 3050 5152 Unde
3073 5094 3246 5150 etiam
3277 5106 3418 5147 non-

1826 5265 1960 5319 mihi
1989 5263 2204 5320 videtur
2231 5258 2512 5314 obsessum
2543 5256 2710 5311 fuisse
2737 5270 2765 5309 a
2808 5251 3094 5308 Romanis.

1901 5317 2038 5408 (3η
2060 5331 2465 5408 Ταμεεύεσθαι.
2503 5326 2642 5408 Diale
2678 5324 3211 5408 Christopborsonus
3248 5317 3418 5375 vertit

1829 5395 2158 5476 congerere:
2179 5395 2706 5476 Νίκῃ-ταμιεύεσθαι
2739 5398 2960 5465 proprie
2992 5400 3096 5454 est,
3130 5403 3253 5444 cum
3289 5403 3418 5476 par-

1832 5459 2067 5531 ciutuouia
2096 5469 2344 5535 admetiri
2379 5459 2442 5523 ac
2479 5459 2797 5535 dispensare
2834 5459 3140 5535 annonam;
3166 5460 3313 5528 quod
3361 5459 3413 5512 in

1836 5547 2065 5617 penuria
2087 5534 2212 5617 ﬁeri
2234 5540 2377 5617 solet
2400 5548 2456 5592 et
2491 5538 2545 5615 in
2566 5534 2981 5617 ’obsid‘iouib'us.

1902 5598 2163 5683 (587)”7’Ex
2186 5609 2298 5678 τῆς
2338 5606 2576 5680 μακρᾶς
2623 5602 2994 5673 πολιορκίας.
3051 5598 3417 5679 Hieronymus

1832 5687 1887 5741 in
1911 5670 2173 5741 Chronico
2203 5670 2384 5747 plures
2413 5670 2513 5749 per
2540 5670 2713 5733 annos
2747 5670 3079 5746 protractam
3127 5670 3415 5727 essescri-

1836 5758 1910 5812 btt
1942 5753 2159 5811 Bruchii
2186 5749 2545 5805 obsidionem.
