3876 6500
481 382 588 438 ’747

1192 381 1457 437 EUSEBll
1496 356 2160 439 ΟτΕδΑΙΗΕΝΞῖδλῐΡΡ.
2204 384 2390 441 PARS
2428 384 2469 441 Ι.
2510 416 2579 425 -
2618 383 3008 444 HISTORICA.

3643 392 3734 449 748

482 500 629 556 sucri
656 513 784 556 vero
813 498 1030 555 codices
1057 497 1288 554 ﬂatnmis
1326 500 1536 555 absumi
1560 500 1935 567 jubebantur:
1970 509 2033 554 ut

2155 519 2297 566 νους,
2330 502 2577 574 ἀτίμους,
2601 504 2727 567 τοὺς
2761 503 2819 557 δὲ
2849 505 2909 557 ἐν
2935 505 3225 570 οίκετίαις,
3259 506 3308 559 εἰ
3344 506 3655 577 ἐπιμένοιεν
3678 510 3731 562 ἐν

482 613 589 667 que
630 595 881 652 honorati
914 595 1128 665 quidem
1165 593 1392 648 infamia
1445 604 1805 660 notarentur;
1856 594 2051 664 plebeii

479 702 612 744 vero
643 686 899 743 libertate
940 685 1337 755 spoliarentur,
1366 685 1413 740 si
1456 685 1509 740 in
1550 685 1879 741 Christianae
1927 686 2051 742 ﬁdei

478 778 761 850 pr0posito
809 775 1262 845 permansissent.
1296 775 1363 829 Et
1395 774 1627 845 primum
1662 776 1882 845 quidem
1922 791 2052 830 con-

478 880 561 925 tra
593 884 693 926 nos
714 868 954 925 edictum
981 866 1287 935 huiusmodi
1312 867 1433 924 fuit.
1461 867 1571 924 Sed
1603 883 1709 922 non
1739 869 1909 923 multo
1929 876 2053 938 post

474 959 597 1015 alia;
645 973 836 1015 rursus
876 957 1071 1013 littera:
1109 966 1578 1028 supervenerunt,
1626 959 1830 1030 quibus
1890 975 2052 1014 man-

474 1052 708 1107 dabatur
744 1059 807 1106 ut
847 1043 1039 1106 omnes
1083 1054 1413 1124 ubicumque
1445 1050 1813 1108 Ecclesiarum
1866 1052 2041 1107 antis-

471 1145 634 1211 tites,
672 1143 920 1214 {primum
966 1143 1187 1214 quidem
1235 1143 1641 1210 conjicerentur
1690 1144 1746 1199 in
1789 1143 2048 1209 vincula;

2154 598 2221 666 τῇ
2250 594 2343 649 τοῦ
2373 596 2799 667 Χριστιανισμοῦ
2845 597 3104 668 προθέσει
3129 640 3143 664 ,
3184 598 3499 671 ἐλευθερίας
3542 605 3734 673 στερεῖ-

2158 687 2279 740 σθαι
2315 685 2422 757 (99)
2466 688 2927 759 προαγορεύοντα.
2976 691 3089 744 Καὶ
3147 691 3181 762 ἡ
3227 691 3325 762 μὲν
3373 690 3569 764 πρώτη
3623 694 3731 747 καθ’

2159 774 2318 845 ἡμῶν
2344 774 2549 845 γραφὴ,
2572 775 2794 849 τοιαύτη
2821 794 2912 841 τις
2936 773 3032 848 ἦν’
3061 778 3181 850 μετ’
3202 780 3263 833 οὐ
3287 779 3423 833 πολὺ
3456 780 3516 834 δὲ
3547 780 3733 853 ἐτέρων

2160 869 2627 938 ἐπιφοιτησάντων
2661 869 3001 940 γραμμάτων
3019 911 3034 937 ,
3062 872 3461 943 προσετάττετο
3489 873 3613 935 τοὺς
3637 870 3733 926 τῶν

2159 959 2462 1031 ἐκκλησιῶν
2493 959 2788 1033 προέδρους
2816 962 3023 1027 πάντας
3044 964 3172 1027 τοὺς
3193 964 3335 1018 κατά
3358 964 3537 1018 πάντα
3558 965 3729 1031 τόπον,

2160 1050 2353 1121 πρῶτα
2382 1052 2482 1123 μὲν
2514 1052 2736 1123 δεσμοῖς
2764 1054 3173 1126 παραδίδοσθαι,
3205 1052 3305 1110 εἷθ’
3333 1055 3564 1131 ὕστερον
3593 1061 3728 1133 πάσῃ

2160 1148 2374 1218 μηχανῇ
2406 1145 2554 1200 θύειν
2582 1145 3068 1216 ἐξαναγκάζεσθαι.

469 1236 667 1293 deinde
695 1250 830 1292 vero
852 1235 972 1295 .diis
1019 1236 1355 1302 sacriﬁcare,
1388 1235 1644 1293 omnibus
1686 1236 1866 1292 modis
1895 1246 2243 1307 cogerentur.

1018 1351 1028 1360 ο
1083 1328 1315 1386 CAPUT
1350 1329 1439 1385 Ill.

526 1423 602 1478 De
632 1424 796 1479 variis
836 1425 1186 1506 certaminum
1210 1424 1496 1506 generibus
1520 1423 1710 1506 quibus
1740 1432 2001 1494 martyres

905 1504 963 1549 in
1002 1504 1362 1564 persecutione
1388 1504 1685 1549 certarunt.

538 1587 676 1643 Tum
703 1604 835 1645 vero
868 1588 1249 1665 quamplurimi
1270 1587 1644 1645 Ecclesiarum
1670 1599 1911 1645 rectores
1926 1606 2051 1662 gra-

465 1681 690 1736 vissima
765 1682 1035 1754 supplicia
1102 1681 1273 1737 alacri
1340 1681 1526 1737 animo
1589 1683 1869 1754 perpessi,
1922 1682 2045 1737 illu-

464 1772 658 1828 strium
712 1774 1075 1830 certaminum
1129 1777 1449 1843 spectacula
1499 1774 1890 1830 exltihtterunt.
1936 1775 2046 1829 Alii

2688 1334 3085 1391 ΚΕΦΑΛΑῙΟΝ
3116 1336 3191 1392 Γ.

2156 1387 2299 1490 Περί
2341 1425 2448 1479 τοῦ
2502 1387 3082 1499 τρόπουτῷῇκαὲά
3279 1427 3545 1499 διωγμόν
3585 1430 3723 1499 ἠγω-

2496 1494 2800 1563 νισμένων
2834 1496 3068 1571 (Νεοτη.
3101 1497 3170 1552 E.
3202 1513 3298 1562 vtt,
3323 1494 3436 1570 4)."
3498 1544 3505 1551 .

2228 1586 2359 1639 Τότε
2385 1585 2449 1657 δὴ
2475 1582 2567 1640 οὖν
2610 1587 2734 1641 τότε
2762 1588 3001 1643 πλεῖστοι
3031 1590 3132 1660 μὲν
3160 1590 3272 1643 ὅσοι
3297 1590 3409 1644 τῶν
3431 1590 3722 1661 ἐκκλησιῶν

2154 1676 2442 1750 ἄρχοντες,
2485 1678 2684 1742 δειναῖς
2734 1680 2938 1744 αἰκίαις
2986 1679 3283 1752 προθύμως
3322 1681 3720 1753 ἐναθλήσαντες,

2156 1769 2406 1841 μεγάλων
2437 1767 2662 1839 ἀγώνων
2698 1772 2938 1844 ἱστορίας
2961 1771 3325 1837 ἐπεδείξαντο,
3368 1774 3555 1845 μυρίοι
3579 1774 3620 1827 δ’
3647 1773 3742 1834 άλοι

465 1879 681 1936 quoque
712 1880 819 1921 non
846 1864 1197 1935 pauci,l‘racti
1227 1866 1428 1921 animis
1455 1880 1520 1921 ac
1551 1866 1842 1931 debilitati,
1869 1868 2033 1937 primt

2149 1860 2229 1914 λοι
2254 1860 2352 1932 τὴν
2386 1860 2564 1931 ψυχὴν
2594 1861 2701 1916 ὑπὸ
2740 1862 2939 1925 δειλίας
2971 1866 3485 1936 προναρκήσαντες,
3520 1865 3722 1936 προχεί-

465 1957 652 2013 statim
696 1957 905 2029 impetu
930 1972 1044 2027 pra:
1074 1957 1271 2013 timore
1293 1956 1675 2013 conciderunt.
1712 1957 1791 2012 Ex
1818 1958 2044 2028 reliquis

462 2050 614 2105 varia
669 2049 904 2121 quisque
944 2058 1343 2107 tormentorum
1390 2066 1590 2123 genera
1628 2062 1888 2123 expertus
1917 2063 2040 2109 est:

462 2141 553 2204 hic
578 2141 809 2213 ﬂagellis
833 2141 1124 2209 concisus;
1158 2141 1249 2196 ille
1284 2143 1573 2197 tormentis
1607 2142 2042 2197 intolerabilibus

462 2240 518 2286 et
549 2229 768 2304 ungulis
811 2230 1183 2287 excruciatus.
1227 2228 1437 2297 Quibus
1480 2230 1533 2285 in
1580 2229 1864 2300 suppliciis
1901 2245 2043 2285 non«

461 2323 595 2379 nulli
624 2324 790 2379 etiam
814 2323 1125 2379 miserrimo
1154 2322 1347 2378 mortis
1375 2335 1574 2393 genere
1623 2322 1904 2377 interiere.
1931 2320 2041 2376 Alii

463 2415 594 2471 item
648 2415 754 2470 alio
796 2414 957 2471 modo
999 2424 1278 2470 certamen
1320 2428 1477 2467 suum
1529 2422 1876 2484 peregerunt.
1944 2412 2043 2466 Hic

460 2506 921 2562 contrudentibus
962 2520 1090 2562 eum
1129 2504 1453 2575 quibusdam
1477 2543 1493 2567 ,
1539 2513 1594 2558 et
1620 2504 1687 2557 ad
1721 2503 1929 2573 impura
1977 2516 2043 2557 ac

462 2598 671 2653 nefaria
700 2598 969 2655 sacrillcia
1016 2597 1456 2663 admoventibus,
1486 2597 1640 2666 quasi
1675 2595 2040 2651 sacriﬁcasset

460 2689 858 2757 ditnittebatttr,
902 2690 1115 2745 tametsi
1148 2703 1338 2745 revera
1381 2688 1606 2744 minime
1653 2687 2035 2743 sacriﬁcasset.

457 2782 613 2837 Alius
642 2795 771 2835 vero
800 2795 922 2835 cum
951 2794 1126 2849 neque
1150 2794 1375 2851 prorsus
1402 2779 1468 2833 ad
1493 2793 1644 2833 aram
1671 2778 2025 2841 accessisset,

460 2887 636 2945 neque
663 2872 949 2944 profanum
984 2873 1286 2944 quidquam
1322 2871 1612 2941 attigisset,
1649 2868 1925 2926 nonnullis
1957 2878 2038 2925 ta-

458 2982 579 3022 men
613 2967 787 3036 ipsum
811 2964 1152 3022 sacriﬁcasse
1173 2964 1500 3029 dicentibus,
1534 2964 1676 3019 hanc
1704 2962 2034 3019 calumniam

456 3060 672 3116 silentio
699 3058 1053 3115 dissimulans
1089 3055 1437 3112 abscedebat.
1476 3054 1540 3111 lli
1567 3056 1815 3112 semivivi
1848 3070 2035 3111 corre-

455 3154 532 3223 pti
563 3162 731 3223 atque
770 3150 1015 3206 humeris
1051 3150 1380 3221 gestantium
1412 3147 1633 3216 sublati,
1668 3148 2033 3219 projicieban-
2065 3173 2081 3223 _~

456 3216 545 3300 tur
578 3216 888 3300 tit-mortui.
927 3243 1008 3300 llli
1040 3216 1186 3297 humi
1215 3241 1378 3313 295
1403 3216 1685 3312 iacentes,
1705 3216 1801 3312 per
1823 3241 2028 3313 longis-
2055 3216 2099 3274 (δ

453 3340 653 3392 simum
704 3336 937 3407 spatium
981 3334 1210 3405 pedibus
1254 3336 1642 3400 trahebantur,
1671 3344 1726 3390 et
1753 3334 1899 3388 inter
1932 3349 2028 3390 eos

453 3430 543 3499 qui
578 3429 1025 3485 sacriﬁcaverunt
1054 3429 1534 3497 computabantur.
1561 3427 1713 3483 Alius
1750 3442 1883 3483 vero
1910 3427 2027 3484 cla-

454 3520 727 3587 ntabat,et
766 3530 1025 3575 contenta
1051 3534 1184 3575 voce
1218 3522 1527 3575 testabatur
1553 3535 1612 3575 se
1642 3519 1911 3575 sacriﬁcia
1943 3533 2031 3575 re-

452 3611 702 3682 pudiare.
728 3611 881 3667 Alius
920 3611 1290 3668 Christianum
1336 3627 1395 3668 se
1439 3627 1562 3668 esse
1595 3611 2027 3677 vociferahatur,

450 3703 709 3760 salutaris
731 3703 893 3774 hujus
923 3703 1159 3759 nominis
1178 3702 1581 3759 confessionem
1607 3719 1720 3774 pra:
1744 3718 1804 3758 se
1825 3703 2025 3759 ferens.

449 3794 603 3849 Alius
633 3794 763 3848 item
808 3808 869 3847 se
902 3807 1003 3847 nec
1037 3793 1407 3857 sacrificasse,
1443 3808 1544 3849 nec
1588 3793 2027 3848 sacriﬁcaturum

448 3900 692 3953 unquam
728 3883 1052 3941 afﬁrmabat.
1086 3885 1190 3942 Sed
1224 3896 1279 3942 et
1305 3886 1360 3941 hi
1401 3901 1433 3942 a
1468 3900 1760 3940 numerosa
1792 3884 2024 3939 militum

449 3992 615 4032 manu
651 3976 719 4032 ad
758 3977 810 4032 id
851 3987 1288 4048 comparatorum
1324 3978 1523 4049 pugnis
1559 3976 1614 4031 in
1649 3991 1711 4031 os
1743 3976 1866 4031 caesi
1891 4014 1908 4042 ,
1961 3992 2027 4032 ac

448 4066 612 4124 silere
643 4067 852 4134 coacti,
882 4068 1036 4140 genis
1066 4068 1328 4139 omnique
1368 4066 1511 4121 l‘acie
1536 4065 1860 4121 verberibus
1893 4080 2025 4121 con-

449 4168 569 4215 tusa
604 4160 868 4216 violenter
899 4161 1337 4231 expellebantur.
1374 4160 1528 4215 Adeo
1574 4158 1797 4227 pietatis
1841 4158 2025 4215 hostes

446 4266 746 4323 permagno
779 4253 964 4323 utique
980 4252 1348 4317 aestimabant,
1382 4251 1427 4305 si
1458 4249 1510 4304 id
1541 4248 1684 4319 quod
1712 4248 2019 4314 voluerant,

446 4344 740 4416 perfecisse
760 4344 961 4400 saltem
994 4344 1334 4399 viderentur.
1366 4341 1567 4397 Verum
1602 4340 1716 4395 haec
1758 4341 2022 4398 adversus

518 4530 629 4623 $99)
643 4529 821 4623 ..Τίέξδς
846 4529 1410 4623 ἔδέρικετέξυῖςςς.
1433 4526 2033 4623 ἒέῗῗῖἒθὲαἱῖῖὲξεῖ·
2063 4567 2109 4623 o

446 4598 619 4657 σθαι.
643 4602 871 4656 Ruﬁnus
892 4602 1052 4654 vertit
1086 4619 1100 4651 :
1134 4618 1171 4650 ι,
1194 4598 1249 4653 Si
1290 4600 1413 4667 quis
1445 4611 1727 4650 servorum
1775 4613 2028 4663 perman-

448 4674 609 4728 sisset
635 4671 1002 4734 Christianus,
1030 4671 1331 4725 libertatem
1354 4668 1608 4735 consequi
1636 4682 1740 4720 non
1763 4679 1965 4736 posset.
1998 4689 2016 4720 ι

449 4742 622 4808 Quem
693 4756 915 4796 sensum
991 4751 1209 4795 secutus
1280 4737 1495 4791 videtur
1561 4735 1897 4808 Nicephbrus
1966 4740 2022 4794 in

448 4806 546 4866 lib.
581 4825 678 4875 vtt,
718 4825 770 4864 c.
826 4809 882 4863 5.
928 4809 1024 4865 Sic
1075 4808 1219 4863 enim
1270 4807 1575 4877 Eusebiana
1637 4806 1803 4877 verba
1853 4821 2024 4877 expo-

449 4882 611 4936 suit:
658 4879 771 4951 stal.
810 4878 935 4944 τοὺς
995 4878 1215 4942 οἰκέτας
1279 4876 1678 4951 ἐξομνυμένους
1740 4876 2024 4951 ἐλευθερία

449 4952 637 5023 τιμᾷν.
670 4949 777 5005 Sed
798 4951 923 5023 haec
962 4950 1341 5023 interpretatio
1373 4949 1506 5002 t'erri
1539 4957 1893 5023 _nou_potest.
1933 4949 2024 5004 Sic

450 5017 596 5077 enim
615 5019 987 5092 imperfectum
1014 5017 1206 5077 luisset
1237 5017 1590 5092 imperatoris
1621 5018 1884 5092 edictum,
1915 5033 2025 5088 quo

452 5087 713 5148 honorati
731 5092 999 5147 duntaxat
1068 5099 1125 5148 et
1166 5087 1328 5145 servi
1352 5087 1730 5154 comprehensi
1767 5087 2021 5153 fuissent,

450 5163 598 5233 nulla
641 5160 976 5233 plebeiorum
1025 5176 1091 5233 ac
1152 5160 1478 5233 rusticorum
1524 5158 2019 5233 intentioneut‘acta.

450 5232 601 5288 Adde
623 5227 767 5301 quod
792 5233 837 5287 si
863 5246 960 5302 per
984 5232 1112 5296 τοὺς
1149 5231 1206 5284 ἐν
1237 5227 1500 5291 οἰκετίαις
1538 5229 1681 5302 servi
1716 5228 2025 5299 intelligun-

453 5314 561 5369 tur,
606 5297 1055 5373 ineptum'esset
1078 5302 1285 5373 dicere,
1327 5310 1385 5353 ut
1416 5298 1559 5354 servi
1586 5297 1858 5373 _lihertate
1894 5297 2024 5368 spo—

451 5366 916 5443 lientur.'Neqtte
972 5372 1117 5443 enim
1174 5370 1449 5443 libertate_
1485 5366 1716 5443 spoliari
1764 5366 2020 5443 possunt,

450 5458 744 5513 quamnon
776 5438 1000 5500 habent.
1035 5441 1310 5513 ﬂoccum
1363 5438 1834 5513 animadvertisset
1860 5438 2020 5513 Chri-

450 5508 863 5583 stophorsonus,
892 5515 1018 5577 τοὺς
1040 5513 1099 5565 ἐν
1126 5509 1385 5583 οἰκετίαᾲις
1422 5508 1730 5583 t__privatos_
1766 5526 1786 5560 ι
1832 5510 2017 5583 vertit.

453 5578 564 5653 Ego
597 5594 821 5658 actores
834 5594 890 5658 et
917 5591 1300 5658 procuratores
1330 5578 1598 5658 intelligo,
1640 5580 1741 5658 qui
1774 5581 2021 5658 patronis

451 5648 524 5705 et'
539 5648 932 5721 potentioribus
954 5653 1088 5705 viris
1117 5648 1796 5721 ministrabantLSicinl'ra
1819 5663 1939 5721 cap.
1962 5649 2019 5712 6,

451 5717 576 5785 τοὺς
607 5724 666 5775 ἐν
689 5722 991 5793 βασιλικαῖς
1022 5720 1283 5793 οἰκετίαις
1311 5728 1466 5793 vocat
1498 5717 1763 5793 Eusebius
1803 5720 2051 5793 συζήτει--

457 5794 620 5861 [artos
685 5785 1047 5861 imperatoris.
1128 5791 1235 5861 Sed
1291 5789 1497 5861 optime
1539 5785 1807 5861 Zonaras
1879 5788 2021 5861 hunc

452 5859 675 5926 Eusebii
728 5856 906 5920 locum
957 5860 1223 5932 exposuit.
1287 5856 1419 5913 Nam
1473 5856 1599 5920 τοὺς
1653 5856 1710 5911 ἐν
1748 5856 2019 5935 placatius;

2151 1969 2258 2025 ρως
2281 1951 2454 2016 οὕτως
2476 1952 2583 2006 ἀπὸ
2615 1952 2837 2025 πρώτης
2861 1954 3229 2026 ἐξησθένησαν
3255 1955 3593 2027 προσϐολῆςσ
3622 1956 3718 2012 τῶν

2146 2046 2204 2099 δὲ
2227 2045 2427 2099 λοιπῶν
2449 2046 2677 2110 ἕκαστος
2701 2045 2817 2118 εἴδη
2840 2048 3074 2120 διάφορα
3098 2049 3348 2121 βασάνων
3376 2051 3714 2123 ἐνήλλαττενο

2145 2140 2174 2191 6
2205 2138 2304 2209 μὲν
2333 2138 2584 2209 μάστιξιν
2618 2140 2961 2211 αἰκιζόμενος
2996 2142 3058 2195 τὸ
3085 2142 3279 2213 σῶμα,
3314 2145 3344 2196 6
3375 2144 3433 2198 δέ
3467 2144 3717 2217 στρεϐλώ-

2147 2241 2263 2278 σεσι
2291 2226 2384 2279 καὶ
2424 2225 2645 2297 ξεσμοῖς
2686 2228 3119 2301 ἀνυπομονήτοις
3162 2232 3601 2305 τιμωρούμενος·
3639 2236 3713 2305 ἐφ’

2143 2312 2224 2382 οἷς
2255 2318 2329 2390 (l)
2362 2319 2461 2390 ἤδη
2503 2320 2649 2385 τινὲς
2690 2322 2789 2376 ούκ
2834 2324 3006 2376 αἴσιον
3060 2324 3446 2396 ἀπηνέγκαντο
3480 2324 3574 2378 τοῦ

2143 2410 2315 2474 τέλος.
2338 2411 2519 2465 ’Ἄλλοι
2549 2413 2595 2467 δ’
2612 2411 2680 2468 αὖ
2711 2415 2874 2469 πάλιν
2903 2415 3075 2480 ἄλλως
3093 2416 3185 2469 τὸν
3214 2417 3405 2486 ἀγῶνα
3429 2418 3707 2491 διεξῄεσαν·

2141 2504 2169 2556 6
2197 2504 2294 2575 μὲν
2318 2504 2427 2576 γάρ
2453 2520 2538 2569 τις
2566 2506 2767 2579 ἐτέρων
2791 2507 2882 2579 βία
2912 2507 3296 2571 συνωθούντων
3324 2510 3421 2562 καὶ
3440 2513 3559 2574 ταῖς
3582 2528 3711 2582 παμ-

2145 2595 2361 2666 μιάροις
2383 2597 2475 2650 καὶ
2505 2598 2757 2668 ἀνάγνοις
2783 2602 3164 2672 προσαγόντων
3191 2601 3428 2668 θυσίαις,
3464 2604 3539 2668 ὼς
3567 2604 3704 2658 τεθυ-

2141 2683 2252 2749 κὼς
2298 2687 2694 2759 ἀπηλλάττετο,
2729 2691 2822 2743 καὶ
2850 2693 2897 2743 εἰ
2937 2691 3011 2762 μὴ
3044 2690 3288 2755 τεθυκὼς
3315 2688 3385 2764 ἦν
3404 2710 3419 2723 ·
3453 2695 3482 2747 6
3510 2693 3565 2747 δέ
3593 2694 3701 2767 μηθ’

2138 2777 2274 2842 ὅλως
2305 2779 2709 2851 προσπελάσας,
2740 2782 2874 2852 μηδέ
2903 2799 3050 2846 τινος
3090 2784 3327 2852 ἐναγοῦς
3356 2786 3699 2857 ἐφαψάμενος,

2138 2870 2434 2942 εἰρηκότων
2464 2871 2508 2925 δ’
2536 2873 2737 2943 ἐτέρων
2764 2874 2846 2926 ὅτι
2883 2872 3100 2927 τεθύκοι
3121 2914 3136 2937 ,
3181 2879 3359 2948 σιωπῇ
3411 2876 3587 2950 φέρων
3621 2878 3703 2950 τὴν

2139 2966 2498 3032 συκοφαντίαν
2525 2964 2691 3037 ἀπῄει
2709 2982 2722 2995 ο
2748 2964 2903 3030 ἀλλος
2929 2966 3199 3040 ἡμιθανὴς
3224 2969 3533 3040 αἰρόμενος,
3555 2969 3624 3033 ὡς
3643 2970 3699 3023 ἂν

2137 3056 2238 3127 ήδη
2273 3057 2465 3129 νεκρὸς
2492 3058 2799 3130 ἐῤῥίπτετο.
2827 3060 2938 3113 Καί
2969 3078 3054 3122 τις
3082 3058 3149 3115 αὖ
3182 3062 3361 3116 πάλιν·
3383 3065 3470 3117 ἐπ’
3498 3062 3699 3132 ἐδάφους

2138 3148 2409 3220 κείμενος,
2445 3149 2660 3223 μακρὰν
2694 3151 2925 3222 ἐσύρετο
2952 3156 3065 3206 τοῖν
3092 3154 3305 3221 ποδοῖν,
3357 3158 3416 3210 ἐν
3441 3155 3696 3211 τεθυκόσιν

2134 3239 2318 3302 αὐτοῖς
2360 3238 2735 3311 λελογισμένος
2754 3258 2767 3272 ·
2797 3244 2825 3295 6
2851 3242 2906 3295 δέ
2943 3260 3028 3307 τις
3053 3243 3212 3308 ἐϐόα,
3274 3245 3369 3299 καὶ
3403 3246 3600 3317 μεγάλῃ
3629 3245 3696 3298 δι-

2135 3350 2161 3385 ε
2171 3332 2475 3405 μαρτύρετο
2501 3337 2652 3406 φωνῇ
2675 3335 2773 3405 τῆς
2807 3335 2999 3401 θυσίας
3032 3335 3130 3407 τὴν
3155 3338 3385 3408 ἄρνησιν
3403 3356 3416 3369 ·
3448 3340 3538 3393 καὶ
3561 3338 3694 3401 ἄλλος

2136 3425 2456 3494 Χριστιανὸς
2486 3419 2626 3479 εἶναι
2664 3427 2954 3497 ἐκεκράγει
2975 3467 2989 3493 ,
3021 3430 3089 3500 τῇ
3121 3428 3217 3481 τοῦ
3248 3432 3516 3503 σωτηρίου
3542 3446 3688 3501 προσ-

2141 3517 2379 3588 ρήματος
2408 3517 2664 3589 ὁμολογίᾳ
2690 3518 3141 3590 λαμπρυνόμενος
3158 3536 3172 3549 ·
3203 3520 3396 3593 ἐτερος
3420 3522 3479 3576 τὸ
3522 3522 3588 3593 μὴ
3616 3537 3690 3574 τε-

2140 3607 2361 3662 θυκέναι
2398 3610 2533 3681 μήτε
2577 3609 2759 3663 θύσειν
2806 3611 2936 3664 ποτέ
2972 3611 3278 3667 διετείνετο.
3316 3616 3502 3685 Ὅμως
3539 3615 3580 3668 δ’
3608 3608 3702 3679 οὖν’

2134 3700 2229 3753 καὶ
2253 3700 2359 3753 οἵδε
2393 3700 2712 3773 πολυχειρίᾳ
2736 3701 2834 3773 τῆς
2860 3702 3138 3756 ἐπὶστοῦτο
3177 3705 3517 3775 τεταγμένης
3542 3719 3683 3771 στρα-

2133 3792 2394 3863 τιωτικῆς
2435 3793 2791 3866 παρατάξεως
2819 3794 2959 3848 κατὰ
3002 3795 3265 3867 στόματος
3304 3796 3575 3867 παιόμενοι
3605 3793 3683 3847 καὶ

2135 3885 2646 3957 κατασιγαζόμενοι,
2673 3887 2817 3940 κατά
2840 3905 2900 3940 τε
2933 3887 3223 3960 προσώπου
3258 3890 3354 3943 καὶ
3381 3888 3605 3962 παρειῶν
3618 3886 3679 3956 (2)

2133 3978 2476 4049 τυπτόμενοι.
2511 3979 2647 4050 μετά
2683 3978 2803 4049 βίας
2851 3979 3167 4044 ἐξωθοῦντα.
3202 3982 3392 4047 Οὖτως
3434 3983 3492 4047 ἐξ
3535 3981 3679 4036 ᾶπαν-

2131 4089 2221 4133 τος
2256 4072 2331 4142 (ὅ)
2359 4074 2405 4124 οἱ
2437 4071 2536 4142 τῆς
2563 4071 2871 4136 θεοσεῦείας
2905 4072 3091 4145 ἐχθροὶ
3119 4073 3180 4126 τὸ
3216 4074 3396 4129 δοκεῖν
3429 4074 3674 4144 ηνυκέναι,

2132 4165 2261 4235 περὶ
2290 4163 2483 4217 πολλοῦ
2526 4164 2783 4218 ἐτίθεντο.
2826 4164 2966 4218 Ἀλλ’
2994 4165 3053 4218 ού
3094 4167 3189 4219 καὶ
3233 4169 3374 4221 κατά
3400 4168 3504 4221 τῶν
3535 4166 3675 4234 ἀγίων

2130 4255 2313 4318 αὐτοῖς
2352 4255 2643 4327 μαρτύρων
2687 4256 2856 4310 ταῦτα
2898 4256 3239 4328 προύχιῦρειο
3276 4253 3350 4312 ὧν
3387 4260 3466 4323 εἰς
3504 4254 3674 4328 ἀκριϐῆ
3712 4267 3717 4272 ‘

2127 4348 2379 4420 διήγησιν
2408 4349 2489 4413 τίς
2512 4348 2578 4402 ἂν
2603 4352 2735 4421 ἡμῖν
2760 4348 3071 4421 ἐξαρκέσειε
3097 4349 3288 4417 λόγοςς

2141 4530 2547 4597 interpretatur
2588 4526 2815 4597 privatae
2838 4523 3179 4597 conditionis
3230 4525 3491 4597 homines.
3513 4520 3671 4597 AVerba

2134 4601 2251 4668 ejus
2282 4589 2407 4668 sunt
2427 4617 2440 4652 :
2464 4589 2605 4668 Τοὺς
2633 4596 2731 4668 μὲν
2756 4595 2939 4668 ἀξίαις
2964 4595 2995 4666 ἢ
3025 4595 3337 4668 separat”;
3364 4589 3673 4668 κατειλεγμ.

2134 4615 2251 4668 ejus
2282 4614 2440 4652 sunt:
2465 4614 2603 4660 ἰους
2633 4614 2731 4719 μεν
2756 4614 2939 4661 αςιαις
2964 4614 2995 4666 η
3025 4614 3337 4666 στρατειαις
3364 4614 3671 4671 κατειλεγιεε·

2128 4686 2272 4732 νους,
2300 4667 2511 4738 ἀτίμως
2539 4666 2644 4738 ἐξε
2670 4666 3061 4738 αύνεσθαιᾲκαὶ
3096 4667 3197 4738 τῆς
3236 4665 3416 4738 ἀξίας,
3459 4666 3549 4738 καὶ
3592 4676 3671 4730 της

2131 4734 2435 4811 στρατείας’
2471 4737 2597 4800 τοὺς
2628 4736 2683 4790 δὲ
2715 4736 2887 4807 τύχης
2918 4734 3198 4800 ἰδιώτιδος,
3229 4735 3553 4789 δουλοῦσθαι.

2140 4877 2159 4881 Α
2200 4810 2277 4881 (Ι)
2319 4807 2449 4881 Ἐφ’Δ
2487 4804 2597 4881 οἷς.
2657 4808 2709 4860 Id
2759 4818 2890 4881 est_,_
2919 4824 2938 4856 ι
2994 4807 3046 4881 in
3087 4808 3313 4881 (ιιιὶιηιξΔ
3344 4804 3619 4881 tormentis.
3649 4818 3665 4850 ι

2126 4874 2282 4946 Quod
2306 4874 2412 4932 non
2436 4878 2816 4932 intellexerunt
2841 4874 3115 4930 Masculus
3160 4886 3214 4931 et
3256 4875 3671 4946 Christophorfo-

2127 4941 2250 5005 rius.
2289 4948 2394 5002 Sed
2443 4946 2781 5016 Nicepltorus
2838 4948 2891 5000 in
2915 4946 3005 5001 lib.
3038 4961 3135 5014 vtt,
3171 4961 3296 5017 cap.
3332 4946 3389 5012 4,
3420 4941 3551 4999 hunc
3579 4941 3667 4996 Eu-

2127 5020 2259 5076 sebii
2287 5019 2463 5090 locum
2495 5018 2698 5086 Optime
2722 5017 2993 5090 exposuit.
3041 5084 3053 5090 Δ
3274 5085 3300 5090 _
3402 5084 3453 5090 ν
3544 5081 3556 5090 _
3628 5078 3641 5090 ,

2197 5089 2276 5159 (2)
2301 5081 2554 5159 Katdré
2591 5081 2919 5156 προσώπου
2958 5084 3058 5140 καὶ
3086 5085 3365 5159 παρειῶν.
3400 5081 3663 5159 Plumhatis

2127 5151 2298 5216 caesos
2353 5151 2734 5226 intelligo,'de
2790 5174 2896 5225 quo
2944 5151 3210 5228 supplicio
3254 5158 3306 5211 in
3359 5151 3665 5228 passionibus

2129 5239 2449 5299 martyrum,
2476 5224 2582 5281 non
2609 5242 2734 5281 raro
2773 5230 2835 5284 iit
2867 5224 3090 5299 mentio.
3120 5226 3253 5299 Nam
3290 5224 3410 5299 cum
3432 5224 3661 5299 Eusebius

2127 5295 2394 5369 mart'yres
2418 5298 2612 5369 pugnis
2636 5312 2806 5369 cases
2859 5312 2981 5352 esse
3022 5297 3136 5369 jam
3156 5367 3165 5369 _
3188 5295 3555 5369 dixerit,_binc
3579 5303 3661 5343 ne.

2126 5363 2367 5423 cessario
2392 5363 2693 5437 intelligere
2714 5367 2975 5437 debemus
3004 5363 3300 5437 plumbatis
3330 5367 3382 5421 in
3407 5363 3537 5419 facie
3559 5372 3662 5413 ver-

2126 5438 2361 5494 beratos.
2391 5435 2603 5507 Alioqui
2633 5448 2778 5494 esset
2800 5435 3145 5506 ταυτολογία.
3338 5506 3341 5507 ν
3448 5499 3481 5507 _
3523 5499 3534 5507 _
3606 5494 3634 5507 ξ,

2196 5510 2273 5580 (⁵)
2314 5507 2409 5574 Ἐξ
2436 5499 2803 5580 ἅπὰντοςτνιη
2829 5508 2967 5580 libro
2997 5499 3073 5561 De
3101 5506 3418 5580 martyribus
3439 5499 3657 5580 Palmtt':

2131 5576 2235 5645 me,
2255 5576 2349 5634 ubi
2376 5580 2539 5632 tnulta
2565 5595 2629 5632 ex
2675 5578 2912 5632 Historia
2940 5576 3293 5630 ecclesiastica
3325 5576 3498 5629 iisdem
3544 5576 3658 5645 pello

2122 5634 2304 5705 verbis
2335 5658 2673 5719 repetuntur,
2708 5649 2905 5719 legitur
2940 5649 3004 5700 ἐκ
3043 5647 3265 5719 παντός,
3303 5634 3657 5719 ψιοιίοξίεζθς

2123 5720 2357 5787 Bantius.
2396 5706 2508 5775 'Sic
2557 5706 2785 5774 autem”
2818 5718 2994 5774 Graeci
3060 5706 3267 5784 dicunt,
3319 5706 3451 5785 quod
3500 5706 3655 5762 Latini

2129 5807 2149 5841 ι
2189 5792 2393 5860 utique.
2437 5807 2456 5842 ι

3810 4560 3811 4601 l

3806 4700 3807 4757 ἰ

3802 4768 3805 4835 l

3800 4838 3803 4915 1

3798 4918 3801 4991 l

3797 5006 3799 5069 Α

3775 5698 3781 5927 ﬁ
