3876 6496
473 407 571 464 751

1176 406 1445 465 EUSEBll
1484 402 1965 462 CIESARIENSIS
2003 403 2153 461 OPP.
2193 405 2378 464 PARS
2416 407 2456 462 1.
2495 440 2566 450 -
2604 406 2992 466 HISTORlCA.
3605 415 3687 473 πεί

470 539 560 584 tus
591 538 644 585 et
670 530 868 584 ardore
892 526 1012 583 fidei
1035 525 1558 592 incitatus,edictum
1582 524 1710 580 illud
1741 525 1793 578 in
1823 523 2026 594 publicc

2142 524 2512 597 ὑποκινηθεὶς,
2544 527 2791 600 διαπύρῳ
2841 546 2900 583 τε
2951 529 3271 602 ἐφορμήσας
3319 532 3388 602 τῇ
3439 527 3619 599 πίστει,
3644 536 3698 595 ἐν,

467 632 523 676 et
555 622 747 677 illustri
795 622 943 677 urbis
974 619 1093 676 loco
1124 618 1341 675 aﬂixum
1376 619 1645 682 detraxit,
1687 627 1741 671 et
1775 627 2033 686 tanquam

468 716 693 784 impium
727 730 791 770 ac
816 713 1108 769 scelestum
1143 711 1399 766 manibus
1439 711 1552 766 suis
1588 710 1919 780 discerpsit:
1952 711 2033 765 id-

464 823 571 878 que
611 809 819 862 duobus
856 806 1275 877 imperatoribus
1304 805 1358 859 in
1398 806 1589 859 eadem
1618 806 1754 860 urbe
1789 819 2034 859 commo-

465 899 740 965 rantibus,
791 912 1022 967 quorum
1067 896 1208 952 alter
1247 898 1431 952 senior
1455 898 1752 967 Augustus,
1795 897 2033 966 primum

461 996 605 1050 inter
644 1006 832 1048 omnes
890 989 1104 1061 imperii
1147 992 1374 1060 gradum
1400 1031 1417 1058 ,
1453 991 1593 1046 alter
1625 1005 1751 1046 vero
1782 1001 2032 1061 quartum

460 1085 765 1141 obtinebat.
810 1081 912 1138 Hic
951 1083 1118 1154 igitur
1153 1098 1275 1138 cum
1329 1084 1540 1154 primus
1582 1083 1826 1139 omnium
1870 1083 1923 1138 in
1968 1099 2032 1139 ea

457 1179 683 1255 civitate
708 1175 1018 1247 hujusmodi
1053 1174 1298 1233 facinore
1330 1174 1711 1242 inclaruisset;
1749 1177 1932 1231 statim
1967 1190 2032 1231 ea

456 1270 718 1342 supplicia
753 1283 1047 1342 perpessus
1094 1284 1218 1339 quae
1246 1278 1369 1339 post
1409 1278 1616 1323 tantam
1661 1267 1943 1324 audaciam
1981 1268 2032 1323 ei

457 1365 744 1437 infligenda
758 1378 883 1421 esse
908 1363 1169 1419 credibile
1188 1375 1329 1431 erat,
1358 1363 1600 1418 lzetitiam
1634 1378 1698 1416 ac
1730 1362 2034 1432 tranquilli-

456 1467 621 1514 tatem
644 1456 811 1512 animi
829 1471 1001 1525 usque
1027 1456 1096 1511 ad
1131 1456 1378 1511 ultimum
1404 1456 1653 1526 Spiritum
1671 1456 2029 1510 conservavit.

1067 1570 1295 1630 CAPUT
1335 1571 1421 1626 Vl.

734 1665 815 1722 De
847 1666 916 1721 iis
946 1664 1040 1737 qui
1071 1666 1127 1719 in
1148 1665 1348 1735 palatia
1382 1663 1749 1717 versabantur.

520 1825 726 1882 Verum
752 1842 866 1899 pra:
897 1825 1151 1883 omnibus
1187 1825 1278 1896 qui
1314 1840 1549 1896 unquam
1577 1824 1690 1881 sive
1722 1824 1860 1893 apud
1881 1823 2032 1879 Gne-

2126 624 2407 701 stpogozvsi
2432 622 2525 675 καὶ
2552 622 2787 694 δημοσίᾳ
2817 624 3101 695 κειμένην,
3128 624 3202 687 ὼς
3229 624 3452 678 ἀνοσίαν
3476 626 3564 678 καὶ
3590 628 3689 682 ἀσε-

2138 711 2408 786 ϐεστάτην
2450 713 2652 768 ἀνελὼν
2688 715 2986 788 σπαράττει
3017 717 3132 789 (8),
3162 716 3306 770 δυεῖν
3345 718 3688 790 ἐπιπαρόντων

2138 806 2279 860 κατά
2309 807 2408 881 τὴν
2436 807 2607 880 αὐτὴν
2641 808 2792 863 πόλιν
2820 808 3105 880 βασιλέων,
3133 808 3227 863 τοῦ
3256 827 3317 863 τε
3348 811 3687 884 πρεσϐυτάτου

2137 898 2244 953 τῶν
2278 900 2470 969 ἄλλων,
2501 901 2595 955 καὶ
2619 900 2710 955 τοῦ
2744 903 2834 956 τὸν
2858 902 3116 975 τέταρτον
3149 903 3257 957 ἀπὸ
3286 902 3478 957 τούτου
3502 904 3592 974 τῆς
3611 906 3690 978 ἀρ-

2137 991 2237 1063 χῆς
2265 994 2685 1065 ἐπικρατοῦντος
2720 995 2947 1066 βαθμόν.
2994 996 3135 1050 Ἀλλ’
3165 989 3321 1062 οὗτος
3365 997 3469 1069 μὲν
3494 997 3591 1051 τῶν
3612 1015 3688 1070 τη-

2136 1084 2317 1140 νικάδε
2348 1085 2564 1159 πρῶτος
2594 1087 2781 1142 τοῦτον
2802 1088 3109 1161 διαπρέψας
3143 1090 3234 1144 τὸν
3266 1089 3491 1162 τρόπον,
3515 1090 3618 1161 ᾶμα
3641 1108 3688 1145 τε

2133 1179 2381 1245 τοιαῦτα,
2406 1175 2493 1235 οἷα
2517 1183 2611 1237 καὶ
2644 1182 2789 1246 εἰκὸς
2817 1178 2905 1254 ἦν,
2933 1183 3233 1254 ὑπομείνας
3257 1184 3335 1249 ὡς
3370 1184 3438 1239 ἂν
3480 1185 3566 1238 ἐπὶ
3598 1202 3687 1237 τοι-

2133 1272 2277 1344 ούτῳ
2304 1271 2632 1345 τολμήματι.
2671 1274 2733 1328 τὺ
2761 1274 2967 1329 ἄλυπον
3006 1276 3104 1329 καὶ
3130 1277 3406 1349 ἀτάραχον
3439 1278 3517 1340 είς
3546 1275 3687 1348 αὐτὴν

2132 1364 2447 1420 τελευταίαν
2476 1364 2794 1437 διετήρησεν
2827 1367 3121 1440 ἀναπνοήν.

2657 1574 3052 1629 ΚΕΦΑΛΔΙΟΝ
3090 1577 3181 1643 ς’.

2311 1669 2450 1737 Περὶ
2479 1666 2596 1721 τῶν
2621 1670 2773 1723 κατὰ
2796 1667 2938 1735 τοὺς
2954 1668 3322 1736 ,βασιλικοὺς
3350 1669 3554 1736 οἴκους

2639 1741 2781 1811 (δερ.
2816 1739 2884 1792 u.
2914 1738 2980 1793 E.
3014 1756 3104 1803 ιιι,
3132 1740 3209 1811 5).

2202 1831 2425 1886 Πάντων
2468 1832 2526 1886 δὲ
2563 1833 2678 1886 ὅσοι
2708 1832 2817 1887 τῶν
2857 1832 3079 1886 πώποτε
3108 1832 3475 1904 ἀνυμνοῦνται
3499 1832 3685 1905 θαυμά-

453 1937 553 1977 cos
599 1920 715 1977 sive
756 1920 897 1990 apud
932 1919 1204 1976 Barbaros
1247 1918 1611 1976 admiratione
1652 1918 1800 1983 digni
1858 1929 1913 1971 et
1956 1919 2025 1973 ob

2131 1940 2233 1977 σιοι
2264 1925 2357 1978 καὶ
2385 1924 2483 1979 ἐπ’·
2506 1924 2729 1996 ἀνδρεία
2760 1924 3099 1997 βεϐοημένοι,
3133 1900 3243 1978 εἴτε
3291 1924 3424 1997 παρ’
3458 1900 3684 1997 Ἕλλησιν

452 2013 826 2069 fortitudinem
876 2010 1119 2067 celebres
1164 2011 1514 2077 exstiterunt,
1559 2009 1825 2081 gloriosos
1864 2019 2028 2080 atque

450 2106 692 2163 illustres
717 2105 812 2161 Dei
834 2115 1102 2176 martyres
1119 2118 1181 2160 ea
1209 2114 1501 2175 tempestas
1533 2102 1672 2169 tulit,
1698 2102 2026 2157 Dorotlieunt

450 2200 663 2257 scilicet
684 2207 742 2256 et
766 2198 1013 2270 reliquos
1037 2198 1402 2254 cubicularios
1430 2212 1656 2269 pueros.
1682 2195 1784 2263 Qui
1811 2196 2025 2252 tametsi

447 2294 648 2351 summi
679 2290 906 2350 honoris
953 2291 1312 2364 praerogativa
1351 2292 1423 2347 ab
1469 2291 1894 2359 imperatoribus
1930 2305 2025 2345 or-

446 2387 561 2442 nati
591 2394 801 2451 essent,
834 2399 939 2441 nec
961 2385 1142 2440 minus
1170 2386 1239 2438 ab
1262 2384 1451 2439 iisdem
1482 2382 1836 2454 diligerentur
1862 2398 2025 2451 quam

449 2479 587 2548 ﬁlii;
636 2479 836 2549 probra
866 2488 1046 2535 tamen
1092 2493 1193 2549 pro
1223 2477 1422 2547 pietate
1468 2476 1729 2542 tolerata,
1769 2475 1931 2546 297
1971 2486 2028 2530 ct

359 2633 362 2636 ,
447 2588 759 2641 mrumnas,
788 2588 852 2629 ac
890 2572 1104 2629 diversa
1136 2570 1331 2626 mortis
1355 2580 1559 2641 genera
1589 2570 1849 2628 adversus
1880 2569 2027 2640 ipsos

449 2670 757 2741 excogitata
782 2708 798 2735 ,
846 2666 1072 2738 majoris
1110 2680 1302 2721 revera
1351 2664 1512 2735 pretii
1551 2678 1674 2719 esse
1714 2664 2022 2727 duxerunt,

448 2778 613 2833 quam
648 2762 878 2832 gloriam
907 2775 973 2816 ac
1002 2759 1228 2815 delicias
1260 2758 1421 2830 hujus
1450 2756 1657 2813 saeculi.
1682 2756 1887 2813 l-lorum
1919 2756 2023 2826 igi-

450 2866 540 2912 tur
578 2856 739 2910 unius
767 2855 1029 2911 duntaxat
1057 2852 1146 2909 hic
1170 2854 1379 2907 exitum
1422 2850 1695 2915 referam,
1741 2860 1797 2905 ut
1832 2866 1896 2905 ex
1932 2851 2025 2904 illo

445 2948 682 3004 lectores
717 2946 997 3017 conjicere
1025 2946 1243 3016 possint
1269 2943 1397 3015 quid
1443 2943 1672 3014 reliquis
1700 2942 2021 3013 contigerit.

447 3039 752 3097 Productus
780 3049 863 3096 est
892 3039 945 3094 in
984 3038 1221 3094 medium
1260 3036 1481 3108 quidam
1518 3036 1762 3100 illorum,
1799 3032 1852 3090 in
1887 3036 2024 3091 urbe

444 3138 692 3206 superius
718 3143 1017 3191 memorata
1043 3175 1058 3200 ,
1084 3146 1268 3188 coram
1299 3131 1366 3186 iis
1405 3145 1549 3201 quos
1583 3130 1695 3184 dixi
1728 3130 2023 3200 imperato-

442 3228 616 3283 ribus.
640 3226 945 3297 Jussusque
971 3223 1078 3279 diis
1097 3222 1440 3286 sacrificare;
1473 3237 1598 3276 cum
1632 3222 1685 3275 id
1717 3220 2018 3290 pertinaci-

446 3328 529 3376 ter
558 3327 860 3383 recusaret,
903 3318 1104 3372 nudato
1130 3327 1366 3384 corpore
1399 3312 1647 3367 sublimis
1690 3311 1801 3366 tolli
1824 3312 2019 3381 praeci-

446 3414 616 3485 pitur,
644 3422 699 3468 et
738 3411 1059 3466 verberibus
1099 3406 1317 3462 concidi
1351 3405 1531 3476 quoad
1577 3404 1795 3459 tandem
1826 3404 1911 3458 vel
1939 3405 2023 3457 in-

445 3507 592 3563 vitus
619 3505 788 3575 jussis
826 3505 1253 3572 obtemperaret.
1282 3498 1394 3554 Sed
1425 3513 1549 3554 cum
1594 3496 2025 3567 ille,hujusmodi

446 3598 739 3656 tormentis
783 3595 1239 3660 excarnificatus,
1283 3592 1341 3647 in
1375 3591 1565 3647 eadem
1607 3590 1878 3645 sententia
1930 3587 2026 3643 fir-

447 3708 572 3748 mus
599 3698 970 3762 permaneret,
998 3689 1130 3759 ipsis
1150 3687 1265 3758 jam
1302 3685 1521 3742 ossibus
1549 3681 2024 3748 denudatis,com-

444 3786 678 3840 mixtum
712 3782 826 3837 sale
856 3789 1074 3836 acetum
1117 3777 1523 3835 tabescentibus
1558 3775 1806 3848 corporis
1853 3790 2027 3830 mem-

447 3877 563 3932 bris
596 3874 932 3930 infuderunt.
959 3871 1108 3939 Quos
1147 3871 1365 3928 dolores
1395 3885 1520 3926 cum
1563 3870 1656 3926 ille
1688 3869 1854 3925 etiam
1890 3868 2027 3923 tole-

447 3964 900 4034 raret,craticula
930 3963 1186 4031 deinceps
1201 3971 1257 4019 et
1279 3961 1420 4032 ignis
1435 3962 1489 4016 in
1515 3960 1751 4016 medium
1779 3959 2022 4014 atl'ertur.

444 4061 515 4119 Et
544 4058 789 4130 reliquiae
828 4058 1074 4128 corporis
1110 4054 1298 4127 ipsius,
1330 4054 1504 4110 instar
1536 4052 1782 4108 carnium
1805 4067 1926 4123 qute
1956 4051 2022 4105 ad

451 4155 635 4210 cibum
665 4161 946 4224 parantur,
978 4151 1102 4222 igne
1128 4158 1326 4208 assatat
1347 4159 1503 4213 sunt;
1530 4149 1691 4218 idque
1716 4163 1822 4201 non
1860 4145 2024 4201 simul

447 4264 514 4305 ac
547 4247 737 4313 semel,
772 4248 867 4302 sed
898 4245 1155 4315 paulatim
1176 4284 1192 4308 ,
1225 4257 1294 4298 ne
1317 4242 1529 4298 scilicet
1565 4240 1733 4296 celeri
1755 4241 1903 4294 exitu
1930 4239 2026 4294 de-

445 4343 791 4413 fungeretur.
822 4338 935 4394 Nec
968 4337 1256 4393 carnifices
1282 4336 1374 4405 qui
1412 4349 1536 4389 eum
1584 4348 1717 4403 rogo
1750 4334 2026 4404 imposue-

446 4444 605 4501 rant,
650 4432 925 4490 dimittere
961 4430 1113 4487 illum
1158 4429 1503 4491 sinebantur,
1537 4427 1640 4482 nisi
1681 4426 1832 4497 prius
1856 4425 2025 4496 jussis

444 4539 568 4603 post
614 4536 692 4583 tot
729 4525 1006 4582 cruciatus
1044 4522 1430 4594 acquievisset.
1468 4518 1664 4574 Verum
1710 4518 1799 4572 ille
1839 4516 1896 4571 in
1932 4533 2026 4572 ea-

442 4626 568 4681 dem
598 4639 813 4694 semper
844 4622 1116 4680 senteutia
1152 4632 1515 4689 perseverans
1536 4655 1554 4680 ,
1588 4615 1762 4670 victor
1792 4613 1926 4683 ipsis
1969 4613 2022 4667 in

2128 2016 2236 2069 εἴτε
2280 2016 2428 2088 παρά
2466 2016 2793 2090 βαρϐάροις,
2836 2017 3014 2081 θείους
3054 2018 3283 2090 ἤνεγκεν
3315 2019 3345 2070 ὁ
3397 2018 3577 2090 καιρρς
3605 2017 3684 2073 καὶ

2125 2108 2443 2180 διαπρεπεῖς
2477 2109 2782 2181 μάρτυρας,
2803 2110 2930 2174 τοὺς
2960 2110 3104 2182 ἀμφὶ
3131 2109 3222 2163 τὸν
3250 2109 3526 2182 Δωρόθεον
3552 2109 3683 2178 βασι-

2126 2199 2311 2264 λικοὺς
2336 2200 2549 2266 παῖδας,
2584 2201 2633 2254 οἳ
2676 2202 2770 2255 ml.
2794 2201 2895 2272 τῆς
2927 2200 3191 2256 ἀνωτάτω
3218 2201 3389 2273 τιμῆς
3418 2202 3562 2272 παρά
3586 2204 3683 2265 τοῖς

2124 2294 2409 2359 δεσπόταις
2435 2294 2748 2365 ἠξιωμένοι,
2784 2295 3021 2365 γνησίων
3046 2313 3106 2349 τε
3145 2296 3327 2360 αὐτοῖς
3357 2295 3583 2349 διαθέσει
3610 2296 3681 2348 τὲ-

2125 2404 2265 2441 κνων
2304 2388 2363 2441 οὐ
2412 2386 2753 2457 λειπόμενοι,
2808 2387 3031 2459 μείζονα
3080 2388 3311 2445 πλοῦτον
3361 2388 3440 2451 ὡς
3496 2386 3681 2459 ἀληθῶς

2123 2483 2358 2553 ἥγηνται
2400 2482 2500 2553 τῆς
2525 2482 2619 2535 τοῦ
2655 2482 2769 2552 βίου
2816 2481 2973 2552 δόξης
3013 2483 3113 2536 καὶ
3147 2483 3365 2555 τρυφῆς
3410 2484 3531 2545 τοὺς
3561 2481 3682 2553 ὑπὲρ

2124 2574 2403 2637 εὐσεϐείας
2426 2573 2760 2644 όνειδισμούς
2783 2590 2842 2626 τε
2868 2572 2962 2627 καὶ
2996 2573 3214 2637 πόνους,
3237 2573 3333 2628 καὶ
3364 2573 3491 2637 τοὺς
3518 2590 3682 2627 κεκαι-

2124 2682 2322 2737 νουργη
2332 2665 2525 2737 μένους
2556 2666 2642 2719 ἐπ’
2685 2665 2867 2729 αὐτοῖς
2900 2663 2974 2736 (9)
3005 2665 3384 2739 πολυτρόπους
3410 2664 3677 2727 θανάτους’

2125 2752 2200 2813 ὧν
2225 2759 2343 2823 ἑνός
2374 2777 2517 2823 τινος
2551 2760 2649 2828 οἴῳ
2677 2759 2942 2830 κέχρηται
2993 2758 3327 2831 μνησθέντες
3363 2758 3443 2830 τῷ
3470 2758 3556 2810 τοῦ
3583 2756 3679 2827 βίου

2126 2852 2288 2919 τέλει,
2318 2856 2539 2906 σκοπεῖν
2562 2852 2621 2917 ἐξ
2652 2852 2815 2906 αὑτοῦ
2843 2853 2937 2907 καὶ
2970 2852 3040 2905 τά
3066 2855 3179 2917 τοῖς
3208 2851 3393 2916 ἄλλοις
3435 2848 3679 2922 συμϐεϐη-

2125 2945 2281 3009 κότα,
2307 2947 2420 3008 τοῖς
2446 2945 2832 3016 ἐντυγχάνουσι
2865 2945 3262 3016 καταλείψομεν
3282 2963 3297 2976 ε
3331 2945 3493 3016 ἧγετό
3511 2961 3586 3007 τις
3612 2944 3678 3007 είς

2127 3036 2291 3108 μέσον
2324 3036 2465 3091 κατά
2497 3037 2596 3109 τὴν
2624 3038 3027 3110 προειρημένην
3054 3038 3228 3103 πόλιν,
3263 3038 3351 3109 ἐφ’
3380 3032 3454 3092 ὧν
3480 3034 3679 3109 δεδηλώ-

2123 3143 2301 3199 καμεν
2345 3129 2642 3200 ἀρχόντων.
2679 3128 2841 3189 Θύειν
2882 3129 2946 3201 δὴ
2984 3126 3077 3184 οὖν
3112 3130 3493 3202 προσταχθεὶς,
3520 3129 3587 3193 ὡς
3610 3131 3679 3181 ὲν-

2126 3220 2326 3286 ίστατο,
2351 3221 2552 3292 γυμνὸς
2582 3222 2874 3293 μετάρσιος
2901 3221 3131 3294 ἀρθῆναι
3155 3222 3456 3285 κελεύεται,
3490 3220 3678 3293 μάστιξί

2128 3326 2187 3363 τε
2216 3310 2276 3364 τὸ
2302 3313 2409 3366 πᾶν
2444 3311 2599 3383 σῶμα
2629 3311 3070 3378 καταξαίνεσθαι,
3095 3313 3273 3366 εἰσότε
3301 3314 3567 3385 ἡττηθεὶς,
3592 3313 3678 3366 κᾶν

2126 3402 2276 3457 ἄκων
2308 3402 2367 3456 τὸ
2391 3405 2858 3476 προσταττόμενον
2885 3406 3179 3477 ποιήσειεν.
3222 3406 3310 3469 Ὠς
3334 3406 3392 3459 δὲ
3418 3406 3508 3458 καὶ
3532 3403 3680 3458 ταῦτα

2124 3500 2349 3571 πάσχων
2388 3500 2743 3573 ἀδιάτρεπτος
2765 3496 2855 3572 ἦν,
2883 3501 3003 3566 ὅξος
3032 3500 3216 3554 λοιπὸν
3240 3502 3342 3573 ἤδη
3372 3501 3477 3555 τῶν
3505 3500 3679 3553 ὀστέων

2126 3593 2569 3665 ὐποφαινομένων
2601 3595 2766 3648 αὑτοῦ
2800 3595 2897 3648 σὺν
2929 3595 3023 3648 καὶ
3047 3594 3204 3648 ἆλατι
3238 3594 3522 3667 φύραντες,
3559 3591 3679 3645 κατὰ

2124 3683 2230 3738 τῶν
2252 3683 2623 3739 διασαπέντων
2647 3684 2740 3737 τοῦ
2766 3683 3020 3754 σώματος
3055 3684 3239 3756 μερῶν
3263 3685 3473 3757 ἐνέχεον
3496 3702 3510 3715 ·
3539 3684 3606 3744 ὡς
3627 3680 3677 3733 δὲ

2124 3777 2218 3832 καὶ
2246 3777 2451 3839 ταύτας
2476 3776 2668 3831 ἐπάτει
2690 3776 2788 3840 τὰς
2810 3776 3129 3847 ἀλγηδόνας,
3159 3779 3369 3850 ἐσχάρα
3394 3773 3678 3830 τούντεῦθεν

2124 3869 2220 3924 καὶ
2253 3868 2365 3942 πῦρ
2395 3870 2475 3933 είς
2499 3869 2665 3941 μέσον
2707 3869 2936 3923 εἵλκετο.
2972 3871 3084 3924 Καὶ
3114 3869 3292 3942 κρεῶν
3327 3869 3587 3940 ἐδωδίμων
3613 3863 3677 3918 δί-

2124 3977 2228 4033 κην
2266 3961 2338 4016 τὰ
2366 3960 2593 4032 λείψανα
2625 3960 2774 4031 αὑτῷ
2812 3960 2909 4015 τοῦ
2946 3960 3196 4032 σώματος
3245 3962 3355 4015 ὑπὸ
3392 3960 3482 4014 τοῦ
3528 3949 3677 4028 πυρὸς

2123 4055 2222 4108 οὐκ
2245 4056 2326 4119 είς
2357 4053 2576 4126 ἄθρουν,
2607 4054 2685 4118 ὡς
2715 4053 2781 4107 ἂν
2813 4052 2888 4126 μὴ
2913 4054 3192 4125 συντόμως
3216 4051 3570 4123 ἀπαλλαγείη,
3594 4065 3676 4103 κα-

2122 4146 2193 4201 τὰ
2214 4145 2384 4217 βραχὺ
2407 4145 2464 4198 δὲ
2491 4144 2830 4217 ἀνηλίσκετο,
2847 4146 2908 4199 οὐ
2934 4145 3196 4217 πρότερον
3216 4146 3424 4199 ἀνεῖναι
3445 4143 3544 4197 τῶν
3573 4142 3676 4193 ἐπι-

2123 4237 2379 4292 τιθέντων
2407 4238 2568 4291 αὑτὸν
2594 4241 2659 4309 τῇ
2698 4241 2845 4311 πυρᾷ
2896 4238 3362 4311 συγχωρουμένων
3396 4236 3533 4309 (10),
3563 4230 3674 4304 πρὶν

2126 4335 2193 4389 ἄν
2238 4335 2331 4387 καὶ
2365 4332 2501 4405 μετά
2543 4333 2775 4387 τοσαῦτα
2802 4338 2910 4397 τοῖς
2956 4334 3447 4405 προστασσομένοις
3488 4327 3674 4384 ἐπινεό·

2129 4444 2288 4480 σειεν.
2330 4426 2387 4479 ὐ
2415 4428 2459 4481 δ’
2487 4427 2656 4500 ἀπρὶξ
2697 4426 2953 4498 ἐχόμενος
2975 4428 3073 4495 τῆς
3106 4428 3412 4499 προθέσεως
3432 4465 3447 4489 ,
3472 4420 3671 4492 νικηφόσ

2131 4538 2221 4591 ρος
2251 4521 2308 4573 ἐν
2332 4521 2518 4584 αὑταῖς
2543 4524 2662 4584 ταῖς
2690 4520 2941 4590 βασάνοις
2965 4519 3215 4573 ἀπέδωκε
3241 4520 3338 4591 τὴν
3365 4519 3550 4590 ψυχήν.
3573 4514 3677 4566 Τοι-

2126 4612 2283 4665 οῦτον
2303 4611 2411 4665 τῶν
2443 4611 2734 4681 βασιλικῶν
2759 4611 2877 4675 ἐνὸς
2900 4610 2960 4664 τὸ
2989 4611 3288 4683 μαρτύριον
3317 4610 3529 4665 παίδων.
3553 4604 3677 4667 ἄξιον

447 4717 735 4775 tormentis
774 4714 1012 4770 animam
1048 4707 1346 4766 exhalavit.
1389 4705 1706 4777 Hujusmodi
1738 4702 1844 4758 fuit
1878 4720 2025 4760 mar-

2131 4704 2204 4768 ὡς
2232 4703 2401 4767 ὅντως
2430 4703 2537 4774 (ll)
2567 4702 2661 4756 καὶ
2682 4702 2781 4772 τῆς
2802 4702 3169 4775 προσηγορίας
3190 4720 3205 4731 ·
3235 4703 3436 4775 Πέτρος
3454 4699 3554 4770 γάρ
3570 4699 3681 4748 ἐκα-

518 4895 595 4967 (8)
613 4893 965 4967 Σπαράττει,
979 4892 1170 4949 Edicta
1195 4891 1587 4967 ῖιῃρει-ξιιοωιιι
1620 4897 1678 4944 et
1700 4886 2027 4967 epistolaeuin

445 4956 637 5024 charta
660 4956 1172 5035 praescribebantur.
1200 4956 1338 5015 Hinc
1371 4961 1522 5035 Nilus
1555 4960 1608 5013 in
1642 4958 1866 5028 epistola
1922 4956 2031 5013 264

451 5037 529 5094 ait
575 5032 819 5090 chartam
854 5033 1179 5105 simpliciter
1216 5032 1399 5105 vocari
1448 5045 1568 5100 quae
1616 5045 1692 5105 ex
1733 5043 1940 5098 papyro
1974 5039 2031 5105 et

450 5109 662 5184 glutino
698 5100 982 5184 compacta
1026 5104 1284 5184 est;_sed
1334 5114 1620 5172 pomquam
1664 5100 2029 5183 imperatoris

450 5170 909 5249 subscriptionem
963 5176 1217 5249 accepit,
1285 5170 1415 5249 tunc
1492 5170 1677 5225 vocari
1741 5184 2023 5249 sacra‘m‘:

460 5252 556 5306 Ἐκ
581 5238 835 5318 παπύρου
892 5246 989 5318 καὶ
1044 5238 1239 5318 κόλλης
1276 5242 1484 5318 χάρτης
1539 5238 2022 5318 κατασκευασθεὶς,

485 5262 556 5306 Ex
581 5262 733 5303 παπῡ
804 5263 835 5299 υ
892 5262 989 5300 και
1044 5262 1239 5318 κοΛΛης
1297 5262 1484 5314 ,αρτης
1539 5262 2022 5304 κατασκευασυεις,

485 5323 654 5394 άρτξης
684 5265 1140 5394 ψιςΞς-καλεζταισ
1167 5262 1421 5394 ,ἐπάν-δέ
1457 5311 2025 5394 ὑπογραφὴνιδέξηται

485 5339 654 5394 αρτ-ης
684 5339 839 5391 ψιΛος
863 5339 1140 5372 καλειται*
1196 5339 1333 5369 επαν
1364 5339 1421 5367 οε
1458 5339 1781 5384 υπυγραφην
1807 5339 2025 5382 υιιςηνιαι

447 5339 740 5464 ξασιλέως,
779 5389 937 5462 δῆλον
988 5390 1064 5452 ὡς
1118 5387 1297 5464 σάκρα
1338 5383 1836 5464 ὁνομάζεταιἍᾷγίο
1879 5382 2025 5464 eu'iut

455 5451 739 5534 legendum
769 5451 876 5529 est,
908 5477 1014 5534 non
1047 5451 1107 5512 ut
1149 5460 1203 5534 i_n
1227 5451 1349 5534 'ms.
1384 5451 1571 5510 codice
1607 5452 1863 5534 scribitur
1895 5451 2027 5534 σάρ-

452 5523 548 5588 κοῖ.
575 5534 800 5588 Sacram
839 5523 984 5587 enim
1018 5528 1289 5595 vocabant
1321 5526 1665 5595 imperatoris
1702 5523 2023 5595 Epistulam,

452 5613 515 5656 ut
548 5603 734 5658 videre
755 5612 840 5659 est
862 5603 915 5656 in
941 5601 1092 5656 Actis
1121 5594 1337 5654 concilii
1362 5594 1846 5659 Chalcedonensis,
1885 5603 1941 5647 et
1969 5594 2023 5646 in

454 5672 695 5728 Novellis
724 5672 1040 5736 Justiniani,
1071 5681 1127 5725 et
1169 5671 1222 5724 in
1260 5666 1539 5736 Glossario
1590 5666 1835 5736 Nomico.
1873 5660 2021 5736 Idem

455 5758 672 5813 quoque
705 5753 934 5797 testatur
969 5732 1660 5813 Ammianusitrlibzﬁxxn,
1692 5734 1778 5813 bis
1801 5732 2021 5787 verbis:

461 5804 488 5864 ι’
508 5804 899 5882 Replicatoque
923 5810 1201 5882 volumine.
1226 5804 1414 5863 edicti.
1440 5822 1459 5856 ›
1486 5804 1619 5861 Nam
1642 5804 1894 5861 volumen
1918 5815 2026 5858 non

453 5880 656 5967 dicitur
684 5883 785 5939 nisi
811 5884 877 5936 de
900 5880 1106 5937 charta.

2204 4885 2281 4955 (9)
2312 4882 2943 4955 Κεκαινουργημένους
2968 4884 3085 4955 ᾼέπτ*
3140 4883 3366 4955 αὐτοῖς.
3419 4881 3564 4955 Vulg.
3598 4874 3687 4955 αὐ-

2127 4949 2275 5021 τούςζ
2306 4957 2360 5009 In
2389 4958 2549 5009 codd.
2588 4949 2928 5019 Méd..Maz.,
2962 4953 3099 5009 Fuk.
3137 4963 3187 5007 et
3223 4949 3351 5008 Sav.
3390 4949 3580 5021 rectius
3615 4949 3684 4999 le-

2128 5018 2276 5095 gitur
2313 5028 2400 5079 ἐπ’
2452 5026 2655 5090 αὐτοῖς.
2712 5026 2805 5079 Sic
2859 5018 3001 5079 enim
3036 5025 3243 5078 vitatur
3298 5018 3600 5091 κακοφωγία
3624 5031 3681 5070 ex

2130 5098 2298 5153 nimia
2336 5098 2659 5164 repetitione
2697 5112 2792 5166 ους
2825 5095 3069 5166 syllabae.

2198 5169 2314 5238 (10)
2341 5156 2878 5236 Σὺγχωρουμένωνῖ
2925 5165 3036 5239 Nec
3075 5162 3428 5239 Nicephorus,
3469 5156 3683 5239 necinf

2130 5236 2399 5309 terpretes
2479 5239 2623 5309 hanc
2710 5251 2898 5309 vocem
2980 5236 3442 5309 intellexerunt;_
3478 5236 3687 5309 Διιιιιιξρθ

2124 5298 2365 5393 σαίρω]
2408 5307 2896 5391 animadverterint
2937 5320 3126 5361 vocem
3175 5300 3561 5376 συγχωρεῖσθαι
3603 5298 3685 5352 ωε

2162 5396 2338 5434 asswe
2364 5395 2522 5432 Sllflll.

2123 5397 2338 5453 passwe
2364 5397 2522 5432 sun".

2195 5448 2307 5520 (Η)
2331 5448 2528 5514 Ἄξιον
2550 5448 2631 5515 ὡς
2657 5448 2861 5514 ὄντως.
2895 5445 3258 5520 scribendum
3285 5445 3487 5520 videtur
3514 5436 3681 5520 ἀξίου,

2122 5510 2379 5577 Refertur
2410 5510 2559 5574 enim
2606 5510 2675 5573 ad
2714 5521 2762 5572 id
2801 5510 2945 5587 quod
2997 5520 3294 5587 praecessit,
3339 5515 3469 5578 ἑνός.
3503 5510 3685 5587 for?

2123 5575 2322 5669 deth
2354 5590 2622 5669 _Petro_.et
2669 5589 2734 5643 de
2783 5575 3062 5669 perotheo
3110 5575 3395 5669 praeposito
3434 5575 3682 5669 cubiculi.

2124 5651 2429 5732 Gorgdnio,
2466 5660 2699 5732 aliisque
2726 5658 3076 5732 cubiculariis
3104 5651 3197 5727 qui
3225 5651 3369 5732 'tunc
3396 5651 3513 5710 ca'si
3539 5653 3678 5732 sub}.

2125 5717 2270 5803 videi,
2285 5717 2720 5803 Aicta'passiouis
2767 5729 2915 5786 Indis
2948 5734 3004 5786 et
3033 5717 3259 5784 Doatnte
3297 5728 3379 5784 die
3408 5737 3528 5779 xxvi
3573 5717 3679 5768 De-

2128 5801 2384 5858 cembris.
