3876 6530
232 396 325 449 ῗῦἇ

1132 391 1481 451 HISTORIE
1522 392 2085 449 ECCLESIASTICE
2126 391 2252 447 LIB.
2298 388 2433 445 Vill.

3311 385 3413 438 ’154

194 550 197 557 η
226 515 344 567 lsi—cc
385 513 452 567 Οὐ
476 513 691 584 χείρονα
733 515 788 568 δὲ
814 516 905 569 καὶ
933 516 1000 570 τὰ
1033 515 1172 569 κατὰ
1210 518 1341 582 τοὺς
1368 517 1586 581 λοιποὺς
1607 517 1736 570 ὄντα

1863 518 2061 589 tyrium
2090 516 2245 569 unius
2269 529 2333 567 ex
2367 510 2716 581 imperatoris
2734 505 3103 571 cuhiCuIariis,
3137 504 3281 577 digni
3299 520 3418 574 pro-

221 605 352 672 λόγου
392 603 682 674 φειδόμενοι
713 608 1080 679 συμμετρίας,
1114 608 1537 678 παραλείψομεν,
1564 607 1757 662 τοσοῦο

218 713 292 750 τον
321 696 703 767 ἱστορήσαντες.
721 697 796 760 ὡς
824 698 853 751 ὅ
880 716 942 767 γε
973 700 1246 771 Δωρόθεος
1274 702 1365 754 καὶ
1388 700 1416 750 ὁ
1450 700 1753 771 Γοργόνιος,

217 788 394 855 ἑτέροις
430 787 541 857 ἅμα
582 787 791 842 πλείοσι
824 790 923 861 τῆς
973 790 1256 864 βασιλικῆς
1297 793 1591 857 οἰκετείας,
1616 793 1756 863 μετὰ

214 880 321 943 τοὺς
346 877 704 950 πολυτρόπους
729 880 946 950 ἀγῶνας
976 882 1155 955 βρόχῳ
1184 884 1283 955 τὴν
1317 884 1459 955 ζωὴν
1490 885 1754 956 μεταλλά-

215 966 392 1032 ξαντες,
419 967 514 1036 τῆς
541 968 727 1021 ἐνθέου
765 971 923 1041 νίκης
961 972 1342 1045 ἀπηνέγκαντο
1372 974 1620 1044 βραδεῖα.
1666 975 1754 1027 Ἐν

210 1056 358 1127 τούτῳ
377 1057 468 1127 τῆς
493 1057 635 1111 κατὰ
661 1059 1027 1132 Νικομήδειαν
1055 1062 1379 1136 Ἐκκλησίας
1404 1067 1431 1117 ό
1455 1064 1755 1135 τηνικαῦτα

210 1148 454 1219 προεστὼς
479 1148 762 1221 Ἀνθιμος,
792 1151 879 1205 διὰ
908 1152 1007 1224 τὴν
1044 1155 1125 1218 είς
1152 1156 1384 1227 Χριστὸν
1427 1157 1750 1229 μαρτυρίαν,

206 1239 288 1309 τὴν
309 1240 533 1313 κεφαλήν
566 1242 969 1314 ἀποτέμνεται·
1003 1245 1178 1318 τούτῳ
1212 1247 1269 1301 δὲ
1312 1247 1514 1317 πλῆθος
1555 1248 1753 1320 ἄθρουν

211 1329 467 1401 μαρτύρων
495 1332 874 1405 προστίθεται,
904 1336 1004 1389 οὐκ
1044 1332 1138 1389 οἷδ’
1175 1337 1324 1401 ὅπως
1364 1338 1422 1390 ὲν
1462 1340 1574 1400 τοῖς
1610 1338 1753 1393 κατά

207 1421 287 1491 τήν
313 1420 664 1494 Νικομήδειαν
690 1424 995 1496 βασιλείοις,
1024 1431 1301 1501 πυρκαϊᾶς
1331 1429 1441 1503 (12)
1472 1433 1529 1484 ἐν
1562 1433 1754 1498 αὐταῖς

208 1510 259 1583 δή
283 1515 390 1576 ταῖς
422 1515 658 1586 ἡμέραις
696 1518 960 1591 ἁφθείσης
985 1536 1001 1552 ·
1042 1522 1108 1592 ἣν
1138 1521 1262 1575 καθ’
1301 1523 1554 1584 ὑπόνοιαν
1580 1523 1749 1596 ψευδῆ

208 1604 319 1677 πρὸς
342 1604 442 1658 τῶν
470 1608 754 1678 ἡμετέρων
776 1611 1185 1684 ὲπιχειρηθῆναι
1207 1613 1364 1683 λόγου
1385 1615 1748 1680 διαδοθέντος,

207 1698 420 1769 παγγενῆ
450 1701 689 1771 σωρηδὸν
716 1701 979 1775 βασιλικῷ
1006 1706 1236 1778 νεύματι
1270 1708 1378 1761 τῶν
1410 1710 1535 1781 τῇδε
1567 1710 1750 1764 θεοσε-

207 1787 314 1850 ϐῶν,
336 1788 381 1841 οἱ
412 1789 507 1859 μὲν
540 1789 683 1860 ξίφει
710 1794 1162 1864 κατεσφάττοντο,
1184 1800 1233 1850 οἱ
1262 1798 1319 1852 δὲ
1338 1799 1426 1853 διὰ
1448 1800 1621 1870 πυρὸς
1642 1803 1757 1855 ἑτε-

205 1878 424 1934 λειοῦντο.
462 1876 591 1935 Ὅτε
634 1882 792 1952 λόγος
837 1882 981 1955 ἔχει,
1013 1886 1292 1960 προθυμίᾳ
1333 1889 1455 1961 θεία
1493 1865 1605 1944 τινὶ
1651 1894 1746 1946 καὶ
1778 1865 1820 1921 Β

206 1972 410 2044 ἀρρήτῳ,
435 1972 632 2044 ἄνδρας
660 1974 777 2047 ἅμα
800 1974 1044 2043 γυναιξὶν
1072 1977 1166 2030 ἐπὶ
1194 1978 1296 2051 τὴν
1332 1979 1511 2050 πυρὰν
1542 1980 1747 2036 καθάλ-

204 2061 388 2117 mea.-
429 2063 688 2136 δήσαντες
725 2064 782 2117 δὲ
822 2067 873 2119 οἱ
918 2066 1100 2137 δήμιοι
1144 2066 1272 2123 ἄλλο
1312 2085 1363 2122 τι
1410 2069 1614 2139 πλῆθος
1657 2072 1748 2124 ἐπὶ

205 2155 424 2224 σκάφαις,
450 2158 561 2219 τοῖς
590 2155 897 2220 θαλαττίοις
925 2158 1322 2231 ἐναπέρῤιπτον
1363 2159 1561 2230 βυθοῖς.
1609 2164 1749 2228 Τοὺς

202 2244 248 2299 δέ
270 2263 323 2314 γε
347 2245 651 2316 βασιλικοὺς
676 2250 812 2320 μετὰ
853 2251 1079 2304 θάνατον
1114 2251 1338 2317 παῖδας,
1376 2256 1446 2325 γῇ
1477 2254 1619 2309 κατὰ
1647 2257 1747 2328 τῆς

204 2338 547 2410 προσηκούσης
572 2341 795 2412 κηδείας
823 2343 1227 2415 παραδοθέντας
1247 2383 1260 2406 ,
1294 2340 1450 2409 αὖθις
1483 2347 1542 2413 ἐξ
1580 2347 1749 2419 ὑπαρ-

203 2426 283 2497 χῆς
327 2429 675 2501 ἀνορύξαντες
709 2434 1070 2505 ὲναπορῤῖψαι
1116 2433 1361 2508 θαλάσσῃ
1412 2436 1506 2489 καὶ
1548 2438 1745 2503 αὐτοὺς

204 2518 337 2588 ᾤοντο
358 2521 459 2575 δεῖν
502 2524 552 2576 οἱ
597 2525 974 2596 νενομισμένοι
1015 2525 1308 2591 δεσπόται,
1354 2528 1429 2591 ὼς
1471 2527 1538 2581 ἂν
1571 2529 1646 2601 μή
1685 2531 1745 2584 ὲν

206 2612 439 2680 μνήμασιν
466 2614 864 2685 ἀποκειμένους
887 2619 1239 2691 προσκυνοῖέν
1265 2635 1431 2683 τινες,
1467 2620 1623 2684 θεοὺς
1649 2622 1745 2676 αὒ-

203 2703 319 2765 τοὺς,
348 2703 417 2766 ὧς
437 2721 497 2774 γε
530 2704 721 2777 ᾤοντο,
750 2707 1107 2779 λογιζόμενοι.
1143 2711 1250 2762 Καὶ
1279 2710 1346 2764 τὰ
1394 2711 1494 2781 μὲν
1524 2713 1617 2766 ἐπὶ
1643 2714 1745 2784 τῆς

203 2789 530 2864 Νικομηδείας
548 2798 692 2851 κατὰ
722 2796 820 2870 τὴν
839 2798 1012 2872 ἀρχὴν
1040 2800 1466 2857 ἁποτελεσθέντα
1487 2803 1583 2858 τοῦ
1615 2804 1742 2858 διω-

201 2885 335 2952 γμοῦ,
362 2889 596 2944 τοιαῦτα.
642 2891 756 2944 Οὐκ
788 2893 867 2956 είς
898 2893 1107 2964 μακρὸν
1146 2894 1201 2947 δὲ
1240 2895 1441 2968 ἑτέρων
1482 2897 1623 2951 κατὰ
1643 2898 1743 2971 τὴν

201 2973 452 3050 Ηελιτινὴν
474 2981 587 3050 (15)
615 2980 757 3035 οὕτω
782 2981 1121 3053 καλουμένην
1148 2982 1351 3055 χώραν,
1374 2985 1468 3038 καὶ
1492 2980 1559 3039 αὖ
1580 2986 1743 3040 πάλιν

204 3064 344 3121 ἄλλων
370 3072 504 3138 ἀμφὶ
534 3068 633 3145 τὴν
672 3074 872 3146 Συρίαν
905 3075 1013 3147 (id)
1056 3076 1351 3147 ὲπιφυῆναι
1387 3080 1452 3149 τῇ
1499 3077 1743 3153 βασιλείᾳ

1861 607 2002 663 fecto
2025 622 2123 661 suo
2150 605 2385 660 nomine.
2414 600 2608 658 Petrus
2628 602 2772 656 enim
2800 600 2888 654 ille
2914 598 3229 653 vocabatur.
3262 594 3414 649 Beli-

1860 714 2088 769 qnorum
2128 712 2253 751 vero
2283 694 2541 765 martyria
2575 693 2742 748 nihilo
2770 690 3050 754 inferiora.
3086 699 3265 745 tamen
3288 690 3416 743 bre-

1860 791 2042 846 vitatis
2082 790 2262 845 studio
2309 788 2400 844 hic
2440 789 2774 843 omittemus.
2820 785 2875 840 ld
2920 794 3128 839 tantum
3169 781 3421 837 retulisse

1856 882 2121 949 suﬁiciet,
2153 882 2297 952 quod
2338 882 2639 936 Dorotheus
2672 890 2727 936 et
2770 879 3078 949 Gorgonius
3125 892 3232 932 una
3287 891 3415 933 cum

1855 971 1976 1025 aliis
2006 971 2251 1040 pluribus
2278 971 2369 1040 qui
2402 972 2455 1024 iu
2478 970 2684 1039 palatio
2717 970 3138 1035 ministrabant,
3168 976 3291 1037 post
3316 982 3418 1021 cu-

1850 1062 2046 1130 jusque
2069 1062 2212 1116 modi
2240 1061 2564 1126 certamina,
2584 1062 2736 1116 elisis
2760 1060 2950 1133 laqueo
2980 1060 3246 1125 faucibus,
3274 1058 3416 1113 divi-

1856 1169 1937 1207 me
1962 1155 2198 1209 victoria:
2232 1156 2508 1224 praemium
2534 1154 2710 1223 adepti
2744 1162 2891 1208 sunt.
2926 1152 3080 1207 Tunc
3105 1153 3271 1209 etiam
3302 1154 3417 1208 An-

1855 1245 2344 1305 thimus.Ecclesize
2388 1245 2812 1301 Nicomediensis
2837 1244 3157 1316 episcopus,
3185 1244 3256 1299 ob
3284 1258 3415 1298 con-

1853 1337 2144 1395 fessionem
2173 1339 2373 1394 Christi
2415 1341 2466 1394 in
2507 1339 2693 1394 eadem
2735 1339 2867 1395 urbe
2910 1340 3088 1409 capite
3134 1346 3417 1392 truncatus

1851 1439 1954 1485 esu
1992 1427 2129 1484 Huic
2153 1430 2405 1499 adjuncta
2432 1442 2515 1484 est
2544 1431 2734 1499 ingens
2774 1440 3077 1502 martyrum
3106 1428 3412 1483 multitudo.

1854 1521 2064 1589 Quippe
2094 1521 2282 1575 iisdem
2330 1519 2741 1583 diebus,nesciu
2778 1535 2886 1589 quo
2919 1537 3048 1577 casu
3074 1561 3091 1587 ,
3126 1522 3180 1576 in
3216 1522 3419 1592 palatio

1850 1613 2148 1667 excitatum
2183 1621 2303 1666 erat
2341 1611 2673 1669 incendium.
2711 1614 2878 1685 Cujus
2911 1630 3033 1668 cum
3069 1626 3285 1670 nostros
3318 1627 3418 1666 au-

1851 1719 2033 1765 ctores
2070 1707 2237 1763 fuisse
2280 1705 2523 1777 publicus
2567 1724 2754 1764 rumor
2797 1710 2930 1766 falsa
2979 1710 3288 1779 suspicione
3331 1707 3416 1777 ja-

1851 1810 2094 1867 ctasset,
2144 1804 2414 1874 imperiali
2450 1802 2600 1872 jussu
2655 1811 2918 1872 quotquot
2971 1802 3082 1858 illic
3130 1810 3287 1856 erant
3323 1802 3414 1857 Del
3484 1792 3492 1799 ’

1848 1895 2117 1962 cultores,
2157 1895 2455 1951 acervatim
2480 1911 2603 1951 cum
2633 1895 2748 1949 suis
2781 1893 3033 1959 familiis,
3074 1892 3164 1948 alii
3212 1894 3413 1965 gladio,

1847 1986 2077 2043 ﬂammis
2117 1987 2210 2042 alii
2246 1986 2553 2056 consumpti
2597 1985 2831 2055 periere.
2874 1984 3027 2039 Tunc
3056 1984 3234 2038 divina
3280 1998 3416 2052 qua-

1848 2076 1970 2131 dam
2012 2075 2299 2130 alacritate
2343 2089 2464 2144 qua:
2513 2074 2695 2130 verbis
2735 2073 2995 2143 explicari
3052 2086 3157 2127 non
3201 2081 3413 2142 potest,

1846 2165 2047 2221 conciti
2074 2165 2175 2219 viri
2203 2164 2363 2220 simul
2388 2179 2456 2219 ac
2498 2165 2776 2232 mulieres,
2815 2164 2870 2220 in
2906 2165 3189 2219 ardentem
3225 2174 3419 2230 rogum
3489 2234 3495 2240 Δ

1847 2258 2102 2314 insiliisse
2138 2258 2417 2313 dicuntur.
2461 2256 2629 2327 298
2658 2257 2810 2312 Alios
2842 2266 3060 2327 quoque
3100 2257 3418 2311 innumera-

1845 2350 1981 2405 biles
2004 2353 2216 2405 vinctos
2248 2357 2305 2404 ct
2330 2350 2552 2419 scaphis
2579 2349 2881 2415 impositos,
2903 2347 3190 2402 carnifices
3214 2346 3268 2401 in
3290 2361 3417 2416 pro-

1844 2436 2066 2492 fundum
2101 2452 2249 2492 mare
2288 2437 2586 2509 projecere.
2635 2437 2739 2492 Sed
2779 2448 2835 2492 et
2860 2451 3092 2506 corpora
3136 2436 3412 2503 regiorum

1844 2529 2328 2594 cubiculariorum,
2366 2544 2486 2598 qua:
2515 2538 2637 2599 post
2663 2538 2892 2584 mortem
2923 2530 3265 2585 convenieuti
3296 2540 3413 2582 tra-

1843 2619 1957 2674 dita
1984 2617 2203 2674 fuerant
2229 2617 2545 2687 sepulturae,
2589 2616 2690 2687 ipsi
2722 2632 2913 2672 eorum
2950 2615 3175 2687 legitimi
3207 2614 3411 2668 domini

1842 2711 1960 2765 erui
1982 2725 2049 2765 ex
2070 2711 2319 2779 sepulcro
2345 2719 2400 2766 et
2428 2710 2483 2766 in
2513 2725 2660 2765 mare
2683 2710 2871 2781 projici
2901 2718 3153 2779 oportere
3178 2721 3413 2762 censue-

1845 2812 1991 2870 runt,
2023 2819 2091 2857 ne
2113 2805 2236 2874 quis
2265 2803 2386 2859 illos
2424 2802 2691 2872 sepulcris
2729 2802 3011 2869 conditos,
3043 2816 3143 2871 pro
3174 2801 3277 2854 diis
3301 2838 3318 2865 ,
3353 2807 3414 2852 ut

1843 2896 1943 2965 ipsi
1983 2897 2199 2965 quidem
2247 2896 2632 2966 opinabantur,
2679 2906 2979 2964 reputans,
3036 2894 3088 2947 in
3135 2902 3410 2962 posterum

1842 2988 2207 3047 adoraret.)Et
2232 2989 2345 3043 haec
2362 2988 2580 3057 quidem
2610 2988 2663 3043 in
2696 2989 2816 3058 ipso
2837 2987 3230 3057 persecutionis
3256 3002 3412 3041 exor-

1841 3078 1930 3133 dio
1950 3077 2279 3133 Nicomediae
2301 3088 2450 3149 gesta
2475 3088 2621 3133 sunt.
2654 3078 2923 3134 Caeterum
2954 3079 3112 3147 paulo
3131 3087 3252 3147 post
3284 3093 3407 3133 cum

205 3162 603 3233 πεπειραμένων,
637 3165 766 3228 τοὺς
797 3166 1101 3234 πανταχόσε
1128 3166 1234 3220 τῶν
1264 3168 1568 3242 ἐκκλησιῶν
1602 3186 1736 3241 προ..

1840 3172 1930 3227 alii
1960 3173 2011 3227 in
2056 3171 2292 3226 Melitina
2327 3172 2599 3227 Armenia:
2628 3173 2867 3243 regione,
2903 3172 2994 3226 alii
3027 3173 3080 3226 in
3116 3172 3274 3242 Syria
3306 3170 3409 3225 i.n-

204 3251 404 3316 εστῶτας
457 3256 703 3326 εἱρκταῖς
750 3258 843 3311 καὶ
885 3257 1104 3329 δεσμοῖς
1150 3260 1354 3331 ὲνεῖραι
1408 3261 1763 3333 πρόσταγμαο

202 3341 355 3407 taetra
383 3343 674 3414 βασιλικόν.
705 3348 812 3402 Καὶ
843 3344 912 3421 ἦν
944 3352 977 3420 ἡ
1005 3348 1103 3404 θέα
1138 3350 1246 3404 τῶν
1273 3352 1368 3404 ἐπὶ
1397 3352 1609 3416 τούτοις
1648 3369 1736 3421 γι-

202 3435 401 3500 νομένων
434 3440 615 3493 πᾶσαν
654 3439 903 3512 διήγησιν
933 3442 1339 3513 ὑπεραίρουσα,
1371 3443 1565 3516 μυρίου
1601 3443 1736 3515 πλή-

203 3522 303 3590 θους
325 3528 378 3582 ἐν
402 3532 561 3585 παντὶ
587 3533 740 3604 τόπῳ
771 3533 1062 3606 καθειργνυ
1071 3535 1253 3606 μένου,
1278 3536 1371 3589 καὶ
1396 3535 1466 3589 τὰ
1489 3537 1733 3609 πανταχῆ

202 3615 506 3696 δεσμωτήρια
527 3625 873 3697 ἀνδροφόνοις
892 3629 983 3681 καὶ
1008 3646 1069 3682 τυ
1078 3628 1384 3702 μῦωρύχοις
1405 3628 1573 3683 πάλαι
1603 3629 1737 3701 πρό-

202 3725 328 3781 τερον
360 3716 835 3790 ἐπεσκευασμένα,
875 3722 993 3775 τότε
1038 3721 1386 3793 πληρούντων
1424 3723 1735 3778 ἐπισκόπων

232 3893 351 3974 ,(12)
383 3897 704 3974 Πυρκαῖᾶς.
746 3899 820 3953 De
857 3901 961 3956 hoc
1010 3902 1271 3974 incendio
1303 3902 1445 3974 quod
1482 3898 1731 3955 Nicome-

202 3961 284 4041 djze
310 3961 525 4041 contigit
553 3961 703 4023 anno
746 3987 760 4024 ι
790 3973 1200 4038 persecutionis,
1228 3961 1350 4025 vide
1384 3973 1591 4026 illustre
1620 3984 1728 4026 tes-

205 4038 824 4096 timonium'Constantini
864 4042 990 4110 imp.
1022 4041 1074 4095 in
1107 4042 1366 4097 Oratione
1404 4042 1471 4097 ad
1506 4051 1725 4097 Sancto-

202 4114 297 4176 rum
323 4118 510 4162 coetum
545 4111 723 4176 capite
746 4111 1056 4176 permltimo.

233 4174 367 4252 ,Ηῆὶ
385 4180 542 4235 Κατὰ
569 4174 692 4252 τὴν
734 4174 1080 4252 Μενίιτινήν.
1119 4180 1177 4236 In
1222 4181 1587 4237 vetustissimo
1636 4195 1721 4235 co-

202 4240 296 4323 dice
324 4240 447 4303 Mal.
474 4240 1045 4323 scribiturMeltziqu
1069 4260 1297 4323 accentu
1330 4252 1381 4323 in
1407 4251 1721 4323 penultima.

204 4310 317 4389 llrhs
338 4327 388 4371 ct
417 4321 563 4387 regio
591 4319 670 4374 ita
711 4320 855 4374 diota
895 4331 980 4375 est
1001 4310 1079 4375 'in
1112 4322 1322 4376 minore
1349 4310 1624 4380 Armenia.
1666 4332 1726 4376 ut

199 4396 285 4461 jam
328 4392 521 4462 notavi.
558 4389 731 4462 Porro
782 4390 847 4462 de
897 4401 1125 4461 tyranno
1169 4392 1261 4461 qui
1297 4392 1454 4451 in.ea
1501 4393 1724 4462 regione

202 4459 446 4528 imperium
473 4460 726 4528 arripuit,
767 4461 901 4514 nihil
920 4459 1059 4525 legi.

218 4591 226 4600 ,
255 4525 349 4596 (Η)
386 4525 611 4601 Ἀλλωῶ
636 4529 786 4600 ἀμφὶ
820 4531 935 4599 τὴν
964 4532 1205 4599 Συρίαν.
1238 4531 1535 4601 Eugenium
1569 4530 1716 4587 intel-

200 4588 413 4670 “ginqui
448 4588 693 4670 iuSyrizi
720 4588 1189 4656 brevi‘admodum
1245 4588 1486 4670 tempore
1537 4611 1723 4670 tyrano

200 4669 346 4744 ("diem
388 4669 584 4744 gessit.
639 4669 832 4744 Totam
883 4670 1163 4744 historiam
1221 4669 1408 4725 narrat
1461 4671 1722 4744 Libanius

202 4740 289 4784 tum
316 4740 360 4789 in
393 4740 650 4810 Oratione
675 4742 743 4794 ad
775 4740 1136 4795 Theodosium
1168 4752 1291 4810 post
1324 4741 1723 4797 reconciliatio-

200 4814 318 4885 nem,
356 4823 473 4879 pag.
505 4809 634 4885 dli,
663 4819 775 4885 tum
816 4811 867 4864 in
898 4810 1233 4885 ᾼιιιὶφεΙιὶςο,
1264 4828 1388 4885 pag.
1429 4812 1555 4867 565.
1590 4811 1722 4877 Qui-

198 4868 587 4957 liosjriiigeiidus
616 4868 701 4957 est
723 4881 878 4957 locus
894 4880 1132 4957 ejusdem
1156 4868 1366 4957 Li'bginii
1388 4898 1453 4937 ex
1477 4868 1724 4957 oratione

198 4941 251 5022 id
283 4941 628 5022 Theodosium
670 4951 737 5022 de
768 4941 1032 5022 seditione
1058 4953 1415 5015 Antiochena,
1440 4969 1561 5022 pag.
1595 4952 1717 5007 399.

197 5007 304 5090 Erat
340 5019 552 5084 quidam
592 5020 881 5090 itribunus
937 5021 1218 5087 Seleucize,
1277 5007 1723 5090 nominenEuge-

197 5089 317 5163 ﬁt“.
370 5090 474 5163 qui
504 5089 774 5163 militibus
838 5091 1143 5160 quingentis
1196 5103 1319 5147 erat
1374 5095 1719 5163 prmpositus.

196 5145 272 5205 llis
307 5145 431 5223 opus
462 5159 516 5213 id
556 5145 870 5232 injunctum'
898 5145 1037 5227 erat,
1061 5167 1141 5215 'ut
1169 5145 1232 5217 os
1264 5145 1721 5232 periusiaditum-

195 5235 279 5304 que
301 5240 635 5304 excavarent.
673 5229 871 5284 Milites
897 5246 1020 5285 cum
1048 5233 1137 5304 diu
1171 5229 1446 5301 noctuque
1485 5234 1603 5304 sine
1640 5232 1723 5285 in-

199 5298 497 5372 lermissione
513 5299 848 5372 laborarent,
865 5315 1007 5371 aegre
1036 5303 1086 5356 id
1106 5298 1720 5372 ferentes,'praepositum

197 5369 418 5440 suum‘ad
462 5371 753 5439 imperium
786 5369 1171 5439 capessendum
1207 5369 1537 5440 compellunt
1577 5386 1725 5425 mor-

196 5435 611 5513 iem_minitanfes
662 5442 764 5513 nisi
798 5435 925 5510 ipsis
961 5457 1242 5496 assensum
1278 5435 1564 5513 praeberet.
1607 5441 1723 5513 Hoc

195 5504 324 5582 modo
356 5520 575 5582 coactus
621 5504 888 5573 tribunus,
932 5526 1164 5581 purpura
1188 5527 1250 5564 ex
1280 5504 1581 5567 simulacro
1626 5512 1718 5565 Dei

195 5579 454 5653 Clljuspiam
479 5582 726 5651 abrepta,
756 5579 1049 5653 imperator
1068 5582 1369 5648 salutatur;
1394 5598 1514 5637 mox
1537 5581 1723 5636 Antio-

195 5642 341 5718 chiam
372 5664 487 5719 quae
530 5642 642 5706 tum
673 5642 921 5721 praesidio
950 5651 1178 5706 militum
1211 5642 1379 5706 vacua
1409 5661 1547 5715 erat,
1573 5661 1721 5707 ratus

194 5721 231 5761 SI
274 5728 379 5790 eam
419 5721 518 5777 sibi
565 5721 858 5790 adjungere
899 5730 1099 5788 posset,
1152 5721 1443 5790 plurimum
1487 5723 1719 5789 inceptis

197 5782 516 5861 profuturam,
560 5782 1245 5861 subito'tendit,ieamque
1289 5793 1431 5846 circa
1465 5782 1716 5847 occasum

201 5854 303 5909 solis
326 5871 562 5934 occupat.
588 5862 658 5917 At
690 5861 903 5928 milites,
916 5854 1072 5917 solita
1097 5854 1191 5932 per
1221 5871 1395 5920 totum
1422 5862 1526 5919 iter
1552 5862 1712 5918 iam.

1840 3266 2051 3334 perium
2109 3267 2353 3335 arripere
2393 3265 2577 3319 conati
2618 3275 2847 3330 essent,
2884 3263 3281 3334 promulgatum
3321 3273 3407 3319 est

1840 3356 2186 3425 imperatoris
2224 3356 2483 3420 edictum,
2508 3364 2772 3412 utomnes
2805 3356 3007 3424 ubique
3036 3353 3405 3409 Ecclesiarum

1836 3446 2113 3502 antistites
2150 3447 2313 3502 vincti
2355 3447 2409 3502 in
2461 3461 2742 3503 carcerem
2789 3448 3162 3501 truderentur.
3201 3445 3406 3499 Earum

1836 3552 1968 3594 vero
2011 3553 2192 3593 rerum
2242 3553 2364 3609 qua:
2402 3546 2588 3609 postea
2631 3538 2797 3594 facta:
2832 3545 2962 3593 sunt
2997 3537 3403 3608 spectaculum,

1835 3647 2050 3689 omnem
2084 3646 2310 3702 prorsus
2350 3632 2565 3687 dicendi
2609 3632 2820 3702 copiam
2857 3630 3185 3701 superabat;
3208 3629 3407 3698 quippe

1837 3736 1961 3776 curn
1993 3718 2411 3776 innumerabilis
2433 3719 2635 3791 ubique
2669 3718 2949 3776 hominum
2980 3716 3269 3772 multitudo
3303 3732 3401 3772 cu-

1835 3898 1921 3955 via
1945 3900 2049 3965 usi,
2084 3914 2247 3970 agros
2284 3910 2648 3968 vastaverant,
2697 3902 2935 3968 vinoque
2963 3917 3027 3958 ac
3067 3901 3242 3971 epulis
3282 3916 3403 3957 sese

1836 3971 2317 4042 ingurgitaverant.
2348 3972 2466 4039 Quo
2505 3980 2783 4042 comperto
2814 3973 3229 4034 Antiochenses,
3266 3988 3401 4040 pau-

1834 4040 2050 4111 cit'utem
2076 4040 2304 4094 militum
2350 4040 2776 4111 ebrietatemque
2813 4043 3086 4109 despectui
3115 4043 3400 4105 habentes,

1833 4109 2101 4177 lapidibus
2134 4126 2198 4164 ac
2237 4112 2499 4181 cujusque
2542 4109 2699 4167 modi
2722 4113 2868 4177 telis,
2914 4112 3048 4179 ipsis
3083 4111 3402 4166 mulieribus

1832 4181 2231 4253 adjuvantibus,
2264 4192 2371 4234 tam
2402 4192 2689 4253 tyrannum
2718 4182 2770 4235 in
2793 4183 3046 4251 palatium
3069 4181 3399 4253 tendentem,

1832 4264 1994 4320 quam
2031 4250 2226 4305 milites
2251 4250 2440 4307 omnes
2469 4250 2893 4306 interfecerunt:
2916 4253 2986 4303 ita
3024 4260 3082 4304 ut
3107 4250 3235 4320 περὶ
3252 4251 3403 4320 πρῶ-

1828 4336 1919 4371 τον
1947 4317 2112 4372 ὕπνον
2146 4321 2289 4374 circa
2321 4321 2548 4389 primam
2584 4322 2845 4390 vigiliam,
2870 4335 3029 4374 nemo
3061 4330 3126 4373 ex
3159 4317 3402 4390 ipsis'su-

1830 4399 2090 4458 percsset.
2122 4390 2192 4443 At
2227 4389 2896 4459 impcrator,quimultam
2943 4391 3173 4458 gratiam
3207 4389 3402 4445 Antio-

1829 4460 2121 4514 chensibus
2155 4461 2354 4514 habere
2382 4459 2676 4523 debuisset,
2706 4461 2757 4512 in
2790 4459 3187 4513 Antiochensis
3212 4468 3267 4512 et
3301 4459 3401 4512 Se-

1830 4527 2097 4600 leucensis
2120 4529 2325 4600 ordinis
2353 4530 2620 4600 principes
2640 4530 2818 4599 gladio
2850 4529 3254 4600 animadrertit,
3275 4544 3399 4583 cum

1830 4613 1928 4652 nec
1952 4597 2007 4651 hi
2041 4613 2138 4668 nec
2162 4599 2236 4652 illi
2267 4597 2559 4668 quidquam
2595 4597 3063 4654 commeruissent.
3092 4597 3240 4652 Inter
3260 4614 3401 4666 quos

1823 4677 1878 4721 et
1923 4682 2055 4722 avus
2096 4667 2334 4732 Libauii,
2383 4667 2557 4723 forma
2607 4670 2930 4738 conspicuus
2969 4678 3023 4723 et
3067 4668 3400 4738 proceritate

1823 4739 2088 4808 corporis,
2120 4748 2205 4808 est
2238 4739 2614 4807 interemptus.
2640 4739 2764 4793 llaec
2794 4754 2858 4792 ex
2900 4752 3022 4808 pag.
3054 4738 3154 4791 Ml
3192 4747 3248 4792 et
3270 4738 3397 4791 565.

1824 4806 1994 4861 Porro
2017 4807 2276 4863 Libauius
2300 4810 2350 4862 iu
2384 4806 2630 4863 oratione
2664 4810 2729 4863 ad
2761 4806 3128 4864 Theodosium
3158 4808 3224 4862 de
3254 4810 3399 4862 sedi-

1826 4878 1993 4944 tione,
2024 4895 2123 4932 nos
2163 4879 2316 4933 docet
2353 4879 2495 4933 hunc
2528 4881 2799 4933 tribunum
2833 4878 3062 4933 militum
3103 4877 3398 4933 Seleucen-

1824 4948 1962 5000 sium
2008 4949 2210 5001 dictum
2251 4962 2374 5004 esse
2422 4949 2756 5017 Eugenium;
2798 4950 3173 5017 imperatorem
3214 4958 3392 5001 autem

1825 5031 1944 5070 esse
1989 5017 2406 5081 Diocletianum,
2436 5036 2597 5088 quem
2636 5019 2873 5073 Dioclem
2902 5032 3034 5088 vero
3065 5033 3130 5072 ac
3157 5019 3395 5088 genuino

1823 5088 2042 5141 nomine
2068 5088 2170 5147 (sic
2216 5089 2360 5141 enim
2413 5086 2615 5142 dictum
2665 5097 2746 5140 est
2780 5096 2917 5142 teste
2949 5086 3181 5143 VictOris
3213 5086 3396 5156 Epilo-

1821 5158 1924 5225 me)
1951 5172 2016 5210 eo
2069 5159 2185 5212 loco
2234 5158 2314 5211 bis
2349 5158 2602 5225 appellat.
2644 5157 2735 5212 Sic
2764 5158 2907 5210 enim
2946 5160 3026 5213 ait
3055 5176 3068 5212 :
3104 5158 3161 5211 Ὁ
3189 5157 3246 5211 δὲ
3274 5159 3395 5210 Διο-

1823 5225 1954 5281 κλέα
1994 5226 2185 5298 ᾲλέγων
2239 5244 2321 5280 σοι
2372 5230 2477 5298 καὶ,
2512 5227 2603 5298 τὸν
2660 5227 3077 5298 ἠναγκασμένον
3115 5228 3392 5295 Εὐγένιον,

1823 5299 1918 5369 καὶ
1954 5296 2052 5369 τὴν
2080 5296 2422 5369 ὲκᾹΣικελίας
2462 5297 2621 5368 δεῦρο
2668 5296 3007 5369 μετὰνμέθης
3050 5297 3252 5368 ἄφιξιν,
3282 5309 3389 5350 etc.

1823 5367 1970 5440 Lego
1993 5367 2058 5421 ἐκ
2083 5367 2420 5440 Σελευκείας,
2442 5378 2535 5440 _ut_
2557 5367 2619 5420 ex
2650 5367 2776 5440 aliis
2807 5367 3021 5422 Libanii
3054 5370 3197 5440 locis
3228 5382 3392 5435 supra

1823 5438 2138 5511 memoratis
2165 5450 2400 5495 constat.
2437 5438 2620 5494 Habes
2649 5438 2814 5508 igitur
2851 5439 3063 5511 tyranni
3089 5453 3281 5511 nomen
3309 5446 3393 5511 at—

1822 5524 1929 5579 que
1953 5509 2255 5572 historiam,
2291 5524 2452 5578 quam
2488 5521 2584 5561 nos
2618 5507 2775 5575 pruni
2815 5507 2884 5564 ex
2932 5507 3140 5562 Libauii
3184 5507 3391 5579 oratio-

1822 5577 1982 5634 nibus
2007 5579 2264 5633 cruimus.
2289 5577 2523 5648 Tempus
2563 5592 2693 5631 vero
2714 5593 2821 5646 quo
2847 5579 3116 5647 Eugenius
3153 5577 3390 5646 tyranni-

1820 5648 1944 5703 dem
1975 5649 2216 5715 arripere
2246 5659 2470 5703 conatus
2495 5657 2599 5711 cst,
2623 5649 2710 5703 hic
2760 5650 2969 5704 Eusebii
3023 5648 3175 5702 locus
3215 5648 3394 5699 deela-

1821 5728 1932 5782 rat,
1967 5719 2301 5776 Diocletiano
2325 5718 2528 5775 scilicet
2553 5718 2726 5774 octies
2752 5729 2806 5773 et
2835 5719 3159 5775 Maximiano
3193 5719 3394 5787 septies

1821 5802 1965 5844 COSS.
