3876 6486
235 352 319 409 757

1164 349 1522 409 HISTORUE
1563 352 2128 410 ECCLESIASTICE
2168 353 2298 412 LIB.
2341 352 2478 410 VIII.

3368 353 3471 410 τω

224 470 428 544 σμένων,
445 467 539 522 καὶ
560 463 627 523 αὖ
656 468 816 524 πάλιν
847 469 927 534 είς
952 468 1191 524 τούπίσω
1214 471 1560 544 χωρούντων.
1601 473 1667 526 'U
1696 473 1791 527 καὶ

1899 474 1965 528 lis
1999 474 2246 531 manibus
2277 490 2373 531 eas
2403 476 2457 530 in
2489 471 2812 544 semetipsos
2840 475 3213 545 provocabant
3239 472 3313 548 (id
3329 477 3476 529 enim

224 567 292 627 είς
325 560 525 634 μακρὸν
556 562 876 632 γινόμενον,
924 561 1110 633 θαῦμα
1146 567 1407 635 παρεῖχεν
1451 566 1512 626 οὐ
1556 566 1786 637 σμικρὸν

221 659 317 721 τοῖς
343 653 661 723 θεωμένοις,
694 653 836 709 ὥστε
866 655 966 727 ήδη
994 655 1083 710 διά
1111 657 1171 710 τὸ
1201 657 1485 727 ἄπρακτον
1512 656 1607 710 τοῦ
1638 656 1789 729 πρώ-

219 763 331 805 του,
374 744 623 817 δεύτερον
671 746 767 800 καὶ
811 746 994 818 τρίτον
1027 748 1428 820 προσαφίεσθαι
1468 747 1551 802 ἑνὶ
1584 749 1677 803 καὶ
1708 749 1786 819 τῷ

220 835 350 908 αὐτῷ
374 835 607 909 μάρτυρι
645 835 853 909 θηρίον.
885 838 1319 911 Καταπλαγῆναι
1362 840 1410 894 δ’
1460 834 1531 912 ἦν
1561 838 1661 912 τὴν
1695 840 1788 894 ἐπὶ

218 929 405 994 τούτοις
433 930 702 1000 ἀπτόητον
730 930 840 985 τῶν
870 931 1030 1003 ίερῶν
1060 933 1283 986 ἐκείνων
1324 933 1646 1006 καρτερίαν,
1691 933 1787 987 καὶ

219 1026 303 1096 τὴν
338 1026 392 1076 ὲν
430 1022 811 1093 σώμασινέοις
842 1022 1137 1097 βεϐηκυῖαν
1170 1027 1264 1080 καὶ
1295 1027 1654 1099 ἀδιάτρεπτον
1705 1027 1788 1080 ἕν-

221 1133 407 1170 στασιν.
448 1115 657 1186 Ἑώρας
684 1115 816 1185 γοῦν
855 1117 1072 1188 ἡλικίαν
1103 1118 1211 1171 οὐδ’
1249 1118 1386 1171 ὅλων
1419 1117 1556 1172 ἐτῶν
1587 1120 1784 1179 εἴκοσι,

219 1208 325 1278 δίχα
353 1206 562 1279 δεσμῶν
591 1206 826 1272 ἑστῶτος
853 1208 998 1273 νέου,
1028 1210 1123 1264 καὶ
1157 1210 1255 1275 τὰς
1297 1211 1394 1281 μὲν
1428 1213 1616 1283 χεῖρας
1649 1213 1787 1280 ἐφα-

222 1298 455 1362 πλοῦντος
484 1299 566 1362 είς
602 1298 841 1371 σταυροῦ
881 1299 1086 1366 τύπον,
1138 1299 1546 1371 ἀκαταπλήκτῳ
1594 1303 1650 1355 δὲ
1695 1303 1788 1355 καὶ

223 1389 429 1459 ἀτρεμεῖ
452 1387 661 1460 διανοίᾳ
692 1391 813 1453 ταῖς
841 1389 977 1461 πρὸς
1007 1389 1067 1443 τὸ
1089 1392 1241 1445 Θείον
1272 1388 1599 1460 σχολαίτατα
1624 1408 1787 1445 τετα-

228 1479 368 1553 μένου
396 1479 588 1545 λιταῖς,
623 1480 746 1551 μηδ’
792 1480 929 1545 ὅλως
960 1499 1019 1535 τε
1060 1481 1455 1553 μεθισταμένου
1500 1482 1622 1553 μηδ’
1654 1484 1789 1536 ἁπο-

225 1574 469 1639 κλίνοντός
496 1593 587 1630 ποι
613 1575 710 1629 τοῦ
743 1575 871 1629 ἔνθα
901 1577 1144 1646 εἱστήκει
1187 1576 1386 1639 τόπου,
1431 1578 1649 1649 ἄρκτων
1695 1578 1790 1631 καὶ

225 1669 515 1739 παρδάλεων
545 1667 717 1739 θυμοῦ
748 1668 842 1722 καὶ
866 1668 1094 1722 θανάτου
1130 1668 1400 1722 πνεόντων
1421 1710 1435 1734 ,
1473 1670 1567 1724 καὶ
1600 1668 1789 1738 σχεδὸν

225 1759 372 1829 αὐτῆς
395 1758 825 1830 καθαπτομένων
847 1758 1012 1813 αὐτοῦ
1036 1758 1137 1831 τῆς
1171 1760 1394 1831 σαρκὸς,
1423 1760 1537 1814 ἀλλ’
1565 1761 1665 1814 οὐκ
1692 1757 1788 1815 οἷδ’

1893 563 2072 620 facere
2095 565 2452 635 jubebantur)
2489 579 2556 621 ne
2585 566 2931 636 contigerunt
2962 565 3207 637 quidem.
3245 565 3361 622 lmo
3401 567 3479 620 in-

1891 658 2104 713 terdum
2158 657 2376 727 quidem
2430 656 2484 713 in
2532 670 2630 712 eos
2676 656 3013 726 irruebant;
3068 658 3165 713 sed
3224 658 3477 727 protinus

1890 750 2047 820 quasi
2096 750 2280 806 divina
2316 751 2556 822 quadam
2587 751 2796 807 virtute
2830 750 3063 821 repulsae
3088 791 3104 817 ,
3135 760 3284 806 retro
3314 752 3477 807 cede-

1890 842 2048 899 bant.
2077 841 2208 911 Quae
2241 859 2366 901 cum
2407 844 2617 901 diutius
2651 844 2847 902 ﬁerent
2876 885 2892 910 ,
2926 859 3036 900 non
3079 844 3344 901 mediocri
3378 844 3476 900 ad-

1892 934 2182 993 miratione
2238 936 2402 992 detixi
2448 948 2607 994 erant
2651 947 2995 1007 spectatores
3048 955 3065 993 :
3115 938 3253 993 adeo
3300 947 3360 992 ut
3408 937 3479 993 ob

1891 1042 2108 1084 cassum
2136 1037 2194 1083 et
2225 1028 2442 1084 inanem
2472 1030 2676 1099 prioris
2721 1030 2909 1086 bestiae
2946 1032 3260 1095 incursum,
3302 1029 3476 1084 altera

1891 1134 2082 1174 rursus
2110 1133 2174 1175 ac
2218 1121 2378 1177 tertia
2434 1122 2488 1176 in
2544 1137 2708 1177 unum
2760 1123 3123 1192 eu’mdemque
3172 1130 3479 1191 martyrem

1891 1208 2252 1265 emitteretur.
2305 1209 2491 1265 Mirari
2542 1220 2671 1267 tunc
2719 1212 2921 1267 licebat
2972 1211 3298 1282 intrepidam
3350 1226 3480 1282 erga

1891 1298 2010 1354 haec
2039 1308 2354 1354 sanctorum
2386 1302 2777 1367 constantiam,
2813 1313 2867 1357 et
2892 1302 3143 1358 stabilem
3178 1310 3345 1371 atque
3391 1301 3481 1355 in-

1894 1405 2217 1448 concussam
2255 1394 2307 1447 in
2358 1394 2564 1449 teneris
2612 1394 2938 1466 corporibus
2974 1394 3143 1449 animi
3191 1392 3480 1450 fortitudi-

1894 1499 2039 1538 nem.
2074 1482 2283 1555 Quippe
2326 1484 2562 1540 vidisses
2592 1492 2719 1540 tunc
2751 1482 3220 1540 adolescentulum
3257 1482 3479 1544 vixdum

1895 1575 2215 1631 vicesimum
2237 1578 2417 1631 aetatis
2444 1591 2646 1631 annum
2685 1576 3021 1645 ingressum,
3052 1576 3262 1646 absque
3289 1575 3482 1629 vincu-

1894 1669 1964 1724 lis
2005 1678 2242 1724 stantem
2276 1690 2290 1724 :
2321 1678 2377 1725 et
2412 1670 2665 1726 manibus
2690 1668 2743 1724 in
2771 1669 2954 1724 crucis
2983 1666 3218 1723 formam
3268 1681 3481 1736 expan-

1894 1763 1991 1830 sis,
2028 1762 2295 1833 lirmoque
2321 1771 2375 1818 et
2420 1763 2695 1834 impavido
2728 1763 2912 1818 animo
2958 1759 3322 1824 attentissime
3369 1761 3483 1815 Deo

224 1853 351 1916 ὅπως
381 1852 496 1924 θείᾳ
528 1852 624 1906 καὶ
652 1853 949 1924 ἀπορρήτῳ
977 1850 1206 1922 δυνάμει
1248 1854 1532 1924 μονονουχὶ
1556 1871 1789 1924 φραττο-

1899 1832 2331 1925 supplicantem;
2370 1872 2469 1913 nec
2502 1832 2572 1913 ab
2602 1873 2671 1913 eo
2706 1856 2762 1911 in
2814 1871 2923 1927 quo
2956 1862 3186 1910 steterat
3236 1853 3358 1909 loco
3389 1870 3480 1909 re-

226 1945 382 2012 μένων
407 1944 463 1998 τὸ
497 1945 695 2015 στόμα,
719 1945 814 1998 καὶ
838 1940 992 2009 αὖθις
1022 1944 1533 2017 παλινδρομούντων
1562 1948 1643 2009 εἰς
1672 1946 1794 1999 τού-

222 2037 364 2090 πίσω.
399 2038 509 2091 Kal.
553 2030 712 2101 οὗτος
759 2036 858 2109 μὲν
903 2033 997 2091 οὖν
1026 2036 1265 2101 τοιοῦτός
1291 2055 1375 2102 τις
1418 2032 1504 2110 ἦν.
1540 2036 1709 2091 Πάλιν
1746 2037 1791 2091 δ’

217 2127 279 2183 ἂν
318 2128 531 2201 ἐτέρους
572 2124 742 2193 εῖδες,
774 2128 936 2183 πέντε
978 2128 1087 2202 γάρ
1133 2131 1182 2183 oi.
1226 2129 1425 2194 πάντες
1475 2129 1789 2201 ἐτύγχανον,

217 2224 524 2295 ἠγριωμένῳ
542 2221 733 2294 ταύρῳ
755 2222 1229 2295 παραϐληθέντας,
1247 2223 1305 2287 ὃς
1325 2225 1451 2286 τοὺς
1475 2223 1574 2294 μὲν
1596 2222 1791 2288 ἀλλους

215 2314 314 2368 τῶν
337 2314 529 2380 ἔξωθεν
560 2314 931 2387 προσιόντων,
963 2317 1078 2378 τοῖς
1121 2314 1349 2387 κέρασιν
1393 2316 1475 2379 είς
1524 2316 1616 2369 τὸν
1649 2316 1794 2387 ἀέρα

220 2402 405 2473 ῥίπτων
424 2402 840 2476 διεσπάραττεν,
854 2402 1160 2476 ἡμιθνῆτας
1182 2404 1434 2477 αἴρεσθαι
1447 2404 1787 2471 καταλιπὼν,

216 2496 301 2547 ἐπὶ
330 2495 516 2566 μόνους
564 2495 624 2550 δὲ
666 2495 823 2567 θυμῷ
861 2496 956 2550 καὶ
1000 2495 1195 2568 ἀπειλῇ
1236 2498 1365 2558 τοὺς
1396 2498 1576 2569 ἱεροὺς
1604 2497 1793 2569 ὁρμῶν

219 2590 504 2663 μάρτυρας,
536 2591 657 2644 οὐδὲ
690 2590 1009 2661 πλησιάζειν
1038 2592 1224 2656 αὐτοῖς
1248 2586 1363 2656 οἶός
1390 2609 1449 2645 τε
1480 2586 1570 2663 ἦν,
1603 2592 1794 2662 κυρίτ-

215 2699 312 2735 των
339 2682 394 2736 δὲ
419 2685 530 2747 τοῖς
564 2684 693 2736 mai.
725 2682 839 2754 (19)
868 2684 964 2737 καὶ
991 2686 1104 2747 τοῖς
1145 2684 1339 2756 κέρασι
1389 2684 1518 2755 τῇδε
1567 2685 1792 2737 κάκεῖσε

215 2776 495 2848 χρώμενος,
529 2780 625 2832 καὶ
667 2778 756 2833 διὰ
803 2780 929 2843 τοὺς
971 2779 1079 2833 τῶν
1128 2781 1422 2852 καυτήρων
1469 2779 1793 2851 ὲρεθισμοὺς

217 2869 374 2941 θυμοῦ
405 2873 497 2926 καὶ
526 2872 761 2942 ἀπειλῆς
791 2873 988 2938 πνέων,
1020 2876 1099 2937 εἰς
1129 2874 1373 2927 τούπίσω
1403 2874 1539 2946 πρὸς
1567 2873 1666 2944 τῆς
1712 2875 1791 2927 ἱε-

217 2964 306 3033 ρᾶς
332 2963 643 3017 ἀνθείλκετο
673 2964 971 3035 Προνοίας·
1004 2964 1081 3030 ὡς
1113 2966 1249 3037 μηδὲ
1274 2964 1467 3019 τούτου
1494 2964 1660 3037 μηδὲν
1683 2982 1791 3035 μη-

215 3052 387 3123 δαμῶς
420 3053 619 3118 αὐτοὺς
649 3054 1025 3125 ἀδικήσαντος,
1059 3055 1226 3127 ἕτερα
1282 3055 1418 3110 ἀττα
1467 3057 1649 3116 αὐτοῖς
1695 3057 1794 3110 ἐπ-

215 3145 451 3215 αφίεσθαι
471 3145 659 3218 θηρία.
680 3145 846 3210 Τέλος
866 3145 931 3216 δὴ
946 3142 1040 3201 οὖν
1068 3147 1205 3218 μετά
1225 3146 1326 3212 τὰς
1348 3146 1530 3212 δεινὰς
1552 3147 1648 3201 καὶ
1676 3164 1796 3201 ποι-

1820 3189 1865 3248 C

1895 1945 2176 2002 cedentem
2207 1957 2304 2001 aut
2349 1948 2620 2005 ullatenus
2652 1949 3017 2006 declinantem
3052 1966 3069 2004 :
3100 1963 3223 2002 cum
3258 1945 3480 2001 interim

1893 2037 2012 2091 ursi
2051 2045 2107 2093 et
2134 2041 2289 2110 pardi
2321 2040 2563 2098 furorem
2596 2058 2661 2100 ac
2687 2054 2920 2098 mortem
2950 2040 3193 2097 anhelitu
3224 2040 3344 2109 ipso
3370 2037 3483 2106 spi-

1894 2137 2083 2185 rantes
2108 2169 2124 2195 ,
2160 2134 2405 2191 membra
2455 2133 2603 2190 illius
2631 2151 2771 2206 pene
2793 2135 2907 2206 jam
2938 2132 3212 2189 morsibus
3257 2131 3483 2186 invade-

1894 2228 2039 2274 rent.
2070 2219 2174 2287 Qui
2209 2225 2614 2291 tamen,nescio
2641 2239 2747 2295 quo
2778 2233 2941 2296 pacto
2968 2265 2986 2292 ,
3031 2220 3354 2280 constrictis
3400 2218 3483 2273 di-

1893 2310 2019 2366 vina
2053 2316 2287 2380 quadam
2316 2325 2371 2372 et
2396 2330 2602 2371 arcana
2648 2316 2851 2371 virtute
2900 2315 3143 2384 ipsorum
3183 2309 3433 2368 faucibus
3459 2348 3481 2376 ,

1896 2423 2044 2470 retro
2072 2412 2323 2482 protinus
2365 2409 2753 2466 abscedebant.
2799 2408 2866 2463 Et
2903 2408 2997 2463 hic
3019 2407 3237 2477 quidem
3282 2418 3342 2460 se
3366 2416 3486 2474 ges-

1894 2506 1968 2561 sit
1997 2505 2100 2561 isto
2130 2519 2290 2574 quem
2328 2503 2567 2559 diximus
2598 2502 2780 2559 modo.
2815 2500 3025 2558 Rursus
3058 2515 3190 2555 vero
3229 2497 3365 2553 alios
3394 2495 3481 2552 vi-

1894 2594 2072 2650 disses
2101 2593 2280 2665 (erant
2317 2595 2462 2648 enim
2491 2606 2683 2658 omnes
2712 2606 2941 2648 numero
2962 2588 3226 2663 quinque)
3256 2587 3484 2645 eﬂerato

1895 2686 2139 2755 obiectos
2166 2696 2325 2740 tauro
2354 2725 2370 2751 ,
2407 2686 2502 2756 qui
2534 2687 2667 2742 alios
2695 2686 2914 2756 quidem
2943 2698 3009 2739 ex
3043 2682 3342 2739 inﬁdelium
3381 2697 3483 2736 nu-

1897 2793 2051 2834 mero
2079 2777 2340 2834 cornibus
2368 2778 2422 2831 in
2455 2778 2691 2833 sublime
2730 2777 2970 2848 iactatos
3017 2774 3366 2845 discerpebat
3416 2786 3481 2827 ac

1896 2870 2191 2928 semiviros
2217 2871 2581 2940 seportandos
2611 2870 2956 2942 relinquebat
2980 2887 2995 2924 :
3031 2870 3098 2925 ad
3126 2868 3273 2925 solos
3299 2873 3483 2921 autem

1897 2977 2087 3019 sacros
2103 2973 2393 3034 martyres,
2430 2977 2556 3017 cum
2600 2963 2655 3016 in
2690 2976 2787 3017 eos
2820 2959 3010 3016 furens
3034 2966 3092 3015 et
3120 2957 3485 3013 minabundus

1900 3055 2154 3123 irrueret,
2191 3070 2259 3111 ne
2283 3056 2544 3112 accedere
2580 3054 2800 3125 quidem
2853 3060 3087 3123 poterat.
3115 3049 3222 3105 Sed
3253 3048 3485 3120 pedibus

1900 3156 2101 3201 terram
2127 3148 2401 3217 quatiens,
2435 3156 2493 3202 et
2529 3147 2633 3201 hac
2666 3145 2795 3200 illac
2812 3143 3030 3213 iactans
3058 3156 3292 3208 cornua,
3317 3151 3483 3210 atque

215 3237 359 3303 κίλας
387 3237 596 3293 τούτων
622 3236 961 3310 προσϐολὰς,
998 3238 1139 3309 ξίφει
1189 3239 1636 3308 κατασφαγέντες
1677 3238 1789 3311 (20)

1899 3239 1968 3295 ob
2001 3240 2289 3295 candentis
2318 3239 2446 3295 ferri
2476 3236 2724 3294 stimulos
2748 3236 2912 3308 300
2942 3236 3182 3291 furorem
3212 3248 3278 3291 ac
3303 3233 3484 3289 minas

212 3329 261 3383 οί
285 3332 497 3395 πάντες,
521 3329 646 3384 ἀντὶ
672 3331 777 3403 γῆς
803 3332 897 3386 καὶ
925 3333 1113 3402 τάφων
1140 3335 1253 3398 τοῖς
1283 3332 1593 3397 θαλαττίοις
1614 3348 1793 3404 παρα-

213 3421 431 3478 δίδονται
458 3424 693 3494 κύμασι.

1900 3330 2140 3397 spirans,
2172 3329 2531 3386 nihilominus
2576 3327 2760 3383 divina
2806 3326 3107 3382 obsistente
3139 3321 3483 3393 providentia

1903 3431 2052 3479 retro
2095 3422 2474 3478 avertebatur.
2506 3420 2743 3476 Proinde
2788 3434 2912 3476 cum
2964 3416 3277 3474 nullatenus
3302 3416 3372 3471 ab
3416 3427 3484 3470 eo

212 3513 320 3569 laesi
358 3525 576 3580 essent,
644 3517 766 3572 alia:
825 3533 1015 3573 rursus
1063 3516 1117 3571 in
1170 3517 1292 3571 illos
1336 3516 1594 3572 immissae
1639 3524 1767 3570 sunt
1824 3514 2033 3575 bestiae.
2096 3516 2336 3573 Tandem
2389 3515 2624 3585 denique
2673 3521 2800 3584 post
2856 3510 3184 3583 multiplices
3235 3518 3290 3565 et
3345 3509 3480 3565 hor-

215 3609 403 3665 rendos
450 3610 755 3666 bestiarum
814 3611 1069 3665 incursus
1137 3611 1322 3665 cuncti
1388 3611 1571 3682 gladio
1642 3607 1926 3677 confossi,
1981 3611 2220 3682 sepulcri
2287 3610 2408 3666 loco
2480 3609 2709 3665 marinis
2762 3605 3070 3680 gurgitibus
3118 3600 3483 3659 commendati

213 3709 352 3755 δυηῐ.

246 3806 249 3809 ’
744 3800 924 3853 ΚΕΦΑ
931 3800 1141 3854 ΛΔΙΟΝ
1176 3801 1258 3856 H'.

210 3889 345 3958 Περὶ
375 3890 493 3946 τῶν
529 3893 686 3947 κατὰ
716 3890 833 3959 τὴν
850 3892 1152 3962 Αἴγυπτον
1189 3892 1329 3960 (Nic.
1368 3892 1438 3949 H.
1486 3892 1550 3946 E.
1592 3907 1684 3958 νη,
1720 3894 1797 3965 8).

267 3982 379 4038 Καὶ
415 3984 658 4050 τοιοῦτος
710 3984 808 4055 μὲν
853 3987 883 4038 δ
926 3983 1077 4053 ἀγὼν
1121 3984 1228 4038 τῶν
1277 3986 1419 4039 κατὰ
1453 3986 1628 4057 Τύρον
1674 3988 1799 4051 τοὺς

211 4074 347 4149 ὑπὲρ
404 4078 693 4148 εὐσεβείας
748 4078 942 4142 ἄθλους
1001 4076 1408 4149 ἐνδειξαμένων
1459 4080 1797 4148 Αἰγυπτίων.

206 4164 512 4241 Θαυμάσειε
542 4170 589 4223 δ’
609 4170 676 4224 ἄν
716 4186 802 4233 τις
837 4168 1017 4223 αὐτῶν
1046 4169 1140 4222 καὶ
1170 4171 1297 4233 τοὺς
1328 4170 1421 4223 ἐπὶ
1462 4170 1561 4240 τῆς
1589 4170 1795 4234 οἰκείας

208 4260 304 4330 γῆς
339 4262 826 4334 μαρτυρήσαντας·
859 4260 988 4315 ἔνθα
1014 4260 1194 4332 μυρίοι
1223 4261 1314 4315 τὸν
1338 4261 1570 4334 ἀριθμὸν
1602 4263 1794 4335 ἄνδρες

206 4350 316 4421 ἅμα
345 4352 563 4421 γυναιξὶ¹
591 4352 687 4406 καὶ
710 4354 917 4416 παισὶν,
948 4352 1090 4424 ὑπὲρ
1118 4353 1217 4423 τῆς
1242 4352 1335 4406 τοῦ
1357 4354 1609 4425 Σωτῆρος
1634 4354 1792 4425 ἡμῶν

204 4441 548 4510 διδασκαλίας
594 4444 690 4498 τοῦ
734 4445 1069 4517 προσκαίρου
1110 4445 1210 4517 ζῇν
1261 4447 1791 4518 καταφρονήσαντες,

203 4534 490 4609 διαφόρους
525 4536 829 4607 ὑπέμειναν
875 4536 1158 4600 θανάτους.
1201 4539 1263 4591 Οἱ
1305 4538 1404 4608 μὲν
1434 4537 1612 4590 αὐτῶν
1657 4537 1795 4608 μετά

2492 3798 2721 3857 CAPUT
2757 3797 2890 3855 Vill.

2195 3893 2270 3949 De
2305 3896 2372 3949 iis
2398 3894 2489 3965 qui
2517 3894 2571 3948 in
2603 3891 2840 3963 Egypto
2867 3890 3012 3960 passi
3044 3896 3191 3943 sunt.

1972 3984 2294 4055 ilujusmodi
2341 3986 2446 4039 fuit
2491 3993 2769 4039 certamen
2814 3978 3195 4051 Egyptiorum
3224 4015 3241 4042 ,
3290 3975 3381 4042 qui
3430 3972 3488 4027 in

1900 4079 2033 4133 urbe
2062 4078 2208 4149 Tyro
2238 4092 2338 4147 pro
2378 4078 2582 4146 pietate
2613 4075 2853 4147 gloriose
2895 4071 3257 4128 dimicarunt.
3299 4066 3405 4123 Sed
3433 4074 3491 4122 et

1902 4168 2026 4224 illos
2052 4167 2338 4240 Egyptios
2367 4168 2460 4238 qui
2497 4167 2646 4223 domi
2678 4164 3004 4237 martyrium
3051 4158 3293 4232 perpessi
3321 4166 3486 4220 sunt,

1905 4261 2104 4317 merito
2131 4262 2255 4332 quis
2286 4261 2608 4316 admiretur.
2642 4257 2761 4313 lllic
2808 4258 2955 4311 enim
3003 4254 3103 4309 viri
3143 4266 3308 4322 prope
3336 4250 3490 4304 innu-

1903 4354 2193 4411 merabiles
2243 4369 2370 4410 cum
2403 4353 2672 4408 uxoribus
2698 4358 2753 4405 et
2779 4348 2987 4414 liberis,
3032 4360 3132 4417 pro
3172 4341 3487 4399 Servatoris

1904 4447 2075 4501 nostri
2106 4445 2355 4501 doctrina
2394 4441 2745 4513 temporalem
2787 4442 2932 4495 hanc
2961 4436 3133 4491 vitam
3180 4432 3485 4502 aspernati,

1904 4542 2050 4594 varia
2082 4539 2274 4597 mortis
2296 4551 2500 4610 genera
2529 4536 2915 4592 sustinuerunt
2950 4550 2965 4586 :
2997 4528 3090 4584 alii
3114 4527 3336 4599 quidem
3364 4535 3490 4595 post

205 4624 437 4700 ξεσμοὺς
463 4632 557 4684 καὶ
589 4628 952 4701 στρεϐλώσεις
987 4629 1254 4699 μάστιγάς
1282 4647 1340 4683 τε
1380 4628 1791 4700 χαλεπωτάτας,

1902 4629 2135 4700 ungulas
2161 4644 2226 4685 ac
2262 4626 2536 4692 ﬁdiculas,
2563 4634 2691 4696 post
2729 4620 3112 4679 crudelissima
3145 4618 3376 4673 verbera
3430 4624 3490 4671 et

202 4720 290 4773 καὶ
320 4723 527 4792 μυρίας
556 4722 727 4786 ἄλλας
757 4721 1005 4785 ποικίλας
1033 4723 1129 4775 κει)⁸
1162 4723 1394 4793 φρικτὰς
1423 4722 1651 4775 ἀκοῦσαι
1692 4721 1790 4792 βα-

202 4812 394 4877 σάνους
427 4816 566 4888 πυρὶ
610 4813 1027 4887 παραδοθέντες,
1064 4816 1113 4868 oi
1147 4815 1205 4869 δὲ
1252 4816 1477 4885 πελάγει
1519 4814 1792 4888 καταὸρο⁴

199 4902 535 4973 χθισθέντες,
572 4907 722 4962 ἄλλοι
750 4907 807 4961 δὲ
839 4907 1119 4979 εὐθαρσῶς
1146 4910 1261 4971 τοῖς
1285 4908 1656 4980 ἀποτέμνουσι
1690 4908 1791 4973 τὰς

200 4994 405 5050 ἑαυτῶν
430 4999 820 5071 προτείναντες
851 4998 1112 5070 κεφαλάς,
1146 5001 1194 5053 οἱ
1229 4999 1287 5053 δὲ
1318 5001 1414 5056 καὶ
1434 4999 1794 5055 ἐναποθανόν-

200 5103 286 5149 τες
308 5092 434 5154 ταῖς
470 5090 747 5160 βασάνοις,
772 5090 950 5163 ἕτεροι
978 5090 1037 5144 δὲ
1068 5089 1211 5162 λιμῷ
1237 5090 1625 5163 διαφθαρέντες
1646 5107 1660 5120 ·
1696 5090 1791 5144 καὶ

200 5177 343 5234 ἄλλοι
367 5182 538 5236 πάλιν
565 5181 1141 5247 ἀνασκολοπισθέντες,
1174 5183 1224 5236 οἱ
1267 5184 1366 5255 μὲν
1400 5182 1542 5237 κατά
1579 5180 1642 5235 τὸ
1666 5180 1793 5236 σύνε-

197 5271 322 5342 ηθες
352 5278 472 5340 τοῖς
516 5273 869 5348 κακούργοις,
908 5276 959 5329 oi
999 5275 1057 5329 δὲ
1104 5274 1198 5330 καὶ
1237 5276 1498 5348 χειρόνως
1527 5272 1795 5329 ἀνάπαλιν

265 5528 379 5600 (l9)
401 5529 715 5600 Κυρίττων
734 5526 802 5600 δὲ
826 5523 950 5594 τοῖς
970 5528 1137 5581 ποσί.
1155 5524 1311 5581 Hunc
1326 5526 1507 5600 locum
1527 5523 1794 5595 Nicepho-

199 5595 288 5656 rus
316 5595 674 5683 interpolavit
697 5608 753 5654 et
775 5598 831 5653 in
857 5613 1078 5654 sensum
1125 5611 1352 5669 prorsus
1397 5595 1634 5651 alienum
1658 5610 1792 5651 eon-

198 5682 381 5811 #335
409 5740 587 5810 Ξὶφει
605 5724 1109 5809 κατασφαγέντες.
1135 5736 1355 5811 Langus
1377 5736 1540 5791 vertit
1578 5754 1599 5789 ι
1626 5734 1786 5805 jugu-

201 5808 310 5877 lati,
348 5808 367 5865 ι
418 5808 590 5881 recte,
620 5823 679 5873 ut
699 5808 949 5879 equidem
984 5811 1180 5866 sentio.
1215 5809 1328 5868 Mos
1363 5811 1508 5868 enim
1548 5820 1688 5873 erat,
1726 5816 1786 5860 ut

1901 4724 2087 4779 varios
2120 4724 2241 4792 ipso
2280 4720 2447 4777 etiam
2494 4719 2644 4775 dictu
2671 4715 2980 4773 horrendos
3008 4711 3293 4768 cruciatus
3328 4707 3487 4763 llam-

1902 4815 2008 4870 mis
2034 4812 2307 4883 absumpti
2340 4830 2355 4867 :
2389 4811 2484 4867 alii
2518 4824 2654 4866 vero
2682 4809 2740 4864 in
2771 4821 2921 4863 mare
2948 4802 3205 4859 demersi.
3229 4799 3333 4855 Alii
3362 4813 3488 4854 car-

1901 4904 2155 4970 niﬁcibus
2200 4902 2381 4974 capita
2416 4916 2517 4957 sua
2544 4896 2877 4968 amputanda
2925 4890 3097 4948 alacri
3134 4889 3320 4944 animo
3348 4900 3490 4974 prte-

1900 5002 2160 5055 buerunt.
2194 4993 2449 5051 Nonnulli
2500 4989 2790 5048 tormentis
2822 4985 2958 5057 ipsis
3006 4980 3320 5045 immortui;
3363 4978 3487 5048 qui-

1898 5093 2022 5147 dam
2056 5092 2201 5145 fame
2234 5086 2565 5156 consumpti.
2605 5082 2710 5137 Alii
2739 5080 2981 5149 denique
3002 5076 3057 5131 in
3094 5086 3313 5130 crucem
3341 5069 3485 5135 acti;

1901 5199 2031 5255 pars
2075 5198 2142 5239 eo
2190 5182 2356 5237 modo
2397 5195 2505 5250 quo
2557 5174 2793 5233 maleﬁci
2842 5171 3008 5243 vulgo
3044 5166 3223 5236 sulligi
3257 5163 3483 5255 solent:

1906 5252 2033 5348 pars
2066 5274 2309 5330 atrocius
2334 5312 2350 5338 ,
2380 5270 2560 5342 capite
2592 5271 2848 5324 deorsum
2873 5276 3036 5320 verso
3061 5258 3234 5319 clavis
3262 5252 3485 5317 conﬁxi,

1903 5523 2246 5596 confectores
2300 5518 2748 5596 immitterentur,
2804 5508 3484 5596 quinnoxios‘p‘argna

1905 5576 2235 5665 {diuisisti},
2265 5599 2513 5665 utsupra
2540 5576 2838 5665 observavi
2868 5579 2969 5665 ubi
2991 5580 3059 5636 de
3098 5580 3350 5665 passione

1918 5649 2130 5736 ycarpi.
2165 5649 2309 5736 Cave
2339 5649 2503 5729 igitur
2526 5656 2806 5714 existimes
2836 5649 3111 5722 tnartyres’
3143 5649 3265 5707 illos
3304 5649 3487 5719 capite

1897 5731 2176 5793 truncatus
2200 5731 2385 5788 fuisse.
