3876 6498
415 352 525 410 759

1123 353 1395 410 EUSEBII
1434 351 1917 409 C/ESARIENSIS
1951 349 2105 408 OPP.
2147 350 2328 409 PARS
2366 353 2387 407 l
2456 381 2517 396 οι-
2556 354 2948 415 IIISTORICA.

3561 359 3661 419 760

417 487 473 531 et.
503 477 606 533 vivi
642 492 708 534 eo
749 493 922 548 usque
974 478 1215 542 servati,
1245 477 1420 546 quoad
1465 477 1520 531 in
1555 475 1691 547 ipsis
1722 475 1981 547 patibulis

2099 476 2378 547 ιατωκάρα
2427 476 2898 548 προσηλωθέντες,
2946 476 3274 550 τηρούμενοι
3325 495 3386 532 τε
3441 471 3678 552 ζῶντες,

421 574 562 627 fame
588 572 950 631 interiissent.

1010 678 1239 738 CAPUT
1279 675 1373 735 IX.

698 770 774 827 De
799 774 864 827 iis
892 772 983 843 qui
1010 774 1064 827 in
1099 774 1357 828 Thebaide
1381 755 1524 842 passi
1555 780 1699 828 sunt.

488 864 686 918 Verum
735 878 954 918 omnem
992 863 1209 920 dicendi
1241 865 1451 933 cepiam
1483 874 1743 935 superant
1769 862 1983 923 crucia-

415 967 505 1012 tus
540 958 614 1011 illi
645 972 709 1011 ac
737 956 955 1011 dolores
984 971 1123 1028 quos
1173 958 1316 1028 apud
1346 954 1679 1014 Thebaidem
1716 969 1984 1031 martyres

412 1048 775 1118 pertulerunt,
809 1048 993 1119 aeutis
1027 1049 1186 1104 testis
1223 1050 1346 1103 vice
1374 1048 1697 1119 ungularum
1727 1050 1983 1108 adhibitis

423 1149 534 1193 toto
565 1153 793 1209 corpore
839 1139 905 1195 ad
951 1149 1181 1195 mortem
1230 1155 1405 1211 usque
1434 1141 1684 1197 lacerati.
1733 1141 1984 1200 Mulieres

418 1248 548 1287 vero
576 1231 746 1287 altero
776 1233 911 1302 pede
943 1234 1187 1304 religatze
1219 1235 1480 1290 sublimes
1527 1236 1704 1304 capite
1731 1236 1982 1292 deorsum

410 1335 674 1393 vergente
701 1363 718 1389 ,
752 1326 1022 1380 machinis
1054 1327 1374 1397 quibusdam
1410 1329 1465 1383 in
1498 1328 1666 1383 altum
1710 1328 1938 1384 sublata:
1967 1368 1983 1394 ,

413 1416 680 1485 nudisque
731 1431 796 1471 ac
845 1432 1070 1487 prorsus
1098 1420 1315 1474 intectis
1346 1420 1670 1489 corporibus
1694 1460 1709 1485 ,
1746 1419 1986 1475 ϊωᾱίεεί-

412 1519 558 1556 tuum
614 1503 779 1559 simul
828 1514 992 1575 atque
1043 1505 1560 1562 inlmmanissimum
1613 1509 1982 1578 spectaculum

409 1595 623 1649 cunctis
668 1595 1007 1651 intuentibus
1035 1599 1407 1668 przebuerunt.
1445 1599 1553 1653 Alii
1586 1615 1774 1655 rursus
1801 1600 1864 1654 ad
1896 1616 1985 1654 ar-

409 1682 578 1738 bores
611 1692 667 1739 et
694 1700 878 1741 ramos
906 1687 1114 1757 alligati
1163 1689 1441 1744 interiere.
1491 1689 1627 1743 Nam
1674 1705 1795 1744 cum
1824 1692 1988 1745 robu~

2086 566 2261 621 εἰσότε
2289 567 2384 620 καὶ
2404 567 2502 623 ,ἐπ’
2527 567 2707 622 αὑτῶν
2737 568 2925 640 ἰκρίων
2948 569 3093 641 λιμῷ
3118 568 3488 641 διαφθαρεῖεν.

2624 681 3018 755 ΚΕΦΑΛΑῙΟΝ
3049 682 3127 739 Θν.

2199 770 2338 839 Περὶ
2368 768 2487 825 τῶν
2516 771 2667 826 κατὰ
2695 772 2950 839 Θηϐαΐδα
2984 770 3125 844 (Nic.
3157 772 3227 828 11.
3250 772 3321 829 Ε.
3352 773 3548 845 vn,8).

2153 861 2342 919 Πάντα
2366 864 2411 918 δ’
2435 863 2722 937 ὑπεραίρει
2746 863 2921 933 λόγον,
2948 866 3044 920 καὶ
3065 864 3131 930 ἃς
3155 865 3456 937 ὑπέμειναν
3479 865 3664 931 αἰκίας

2083 954 2178 1011 καὶ
2206 955 2503 1027 ἀλγηδόνας
2533 956 2583 1009 oi
2610 954 2750 1011 κατὰ
2767 954 3008 1028 Θηϐαΐδα
3045 958 3338 1030 μάρτυρες,
3374 957 3663 1030 ὀστράκοις

2083 1046 2204 1100 ἀντὶ
2233 1046 2439 1116 ὀνύχων
2463 1046 2581 1100 ὅλον
2601 1046 2663 1101 τὸ
2692 1048 2850 1120 σῶμα
2877 1049 2973 1103 καὶ
3005 1047 3195 1120 μέχρις
3224 1046 3551 1120 ἀπαλλαγῆς
3573 1046 3663 1102 τοῦ

2087 1137 2201 1209 βίου
2231 1136 2709 1209 καταξαινόμενοι,
2742 1138 2941 1209 γύναιά
2968 1156 3030 1193 τε
3060 1142 3175 1193 τοῖν
3212 1139 3398 1194 ποδοῖν
3443 1138 3507 1205 ἐξ
3550 1137 3668 1204 ἐνὸς

2084 1227 2563 1301 ἀποδεσμούμενα,
2611 1230 2860 1301 μετέωρά
2895 1248 2956 1284 τε
2986 1230 3081 1284 καὶ
3114 1230 3325 1299 διαέρια
3361 1229 3479 1301 (21)
3517 1229 3667 1284 κάτω
3760 1217 3767 1224 ’

2083 1321 2323 1394 κεφαλὴν
2353 1322 2651 1393 μαγγάνοις
2680 1322 2821 1375 τισὶν
2851 1324 2931 1385 είς
2967 1322 3102 1391 ὕψος
3144 1321 3485 1393 ἀνελκόμενα
3508 1361 3524 1386 ,
3568 1336 3666 1389 γυ-

2088 1417 2239 1486 μνοῖς
2283 1431 2343 1468 τε
2386 1414 2664 1478 παντελῶς
2702 1416 2796 1468 καὶ
2834 1415 2957 1486 μηδ’
2986 1414 3523 1487 ἐπικεκαλυμμένοις
3556 1413 3667 1478 τοῖς

2086 1505 2334 1577 σώμασι,
2365 1505 2493 1559 θέαν
2519 1505 2724 1576 ταύτην
2753 1506 3036 1577 αἰσχίστην
3066 1507 3161 1561 καὶ
3189 1507 3412 1561 πάντων
3453 1505 3669 1577 ὠμοτά-

2082 1614 2183 1668 την
2225 1598 2319 1650 καὶ
2385 1596 2890 1669 ἀπανθρωποτάτην
2925 1601 3039 1661 τοῖς
3073 1599 3271 1670 ὁρῶσιν
3317 1599 3494 1652 ἅπασι
3534 1614 3665 1669 παρ-

2085 1691 2379 1762 εσχημένα.
2414 1690 2597 1743 Ἀλλοι
2629 1689 2673 1743 δ’
2702 1685 2770 1744 αὖ
2809 1689 2970 1743 πάλιν
3008 1690 3247 1761 δένδρεσι
3278 1690 3375 1743 καὶ
3404 1690 3668 1763 πρέμνοις

411 1778 685 1833 stissimos
716 1794 900 1833 ramos
922 1779 1147 1835 innexos
1179 1782 1635 1840 machinamentis
1661 1786 1982 1855 quibusdam

2099 1782 2486 1855 ἐναπέθνησκον
2511 1782 2885 1854 δεσμούμενοι.
2927 1784 3066 1847 Τοὺς
3103 1782 3213 1856 γὰρ
3244 1782 3486 1854 μάλιστα
3516 1783 3669 1855 στερ-

413 1870 467 1923 in
497 1884 662 1923 unum
696 1870 844 1925 coire
876 1869 1170 1936 fecissent,
1202 1871 1361 1943 301
1399 1887 1697 1947 martyrum
1730 1879 1987 1935 cruribus

2099 1876 2345 1947 ῥοτάτους
2366 1875 2475 1928 τῶν
2496 1875 2702 1929 κλάδων
2732 1878 2999 1948 μηχαναῖς
3027 1892 3168 1929 τισιν
3196 1875 3289 1929 ἐπὶ
3320 1874 3520 1928 ταὺτδν
3548 1890 3670 1926 συν-

412 1964 673 2033 utrinque
714 1962 781 2017 ad
828 1978 923 2018 eos
972 1964 1212 2034 religatis
1238 2003 1255 2028 ,
1305 1980 1489 2021 ramos
1518 1968 1571 2022 in
1607 1971 1883 2038 proprium
1924 1986 1989 2024 ae

2099 1967 2331 2029 ἕλκοντες
2350 2005 2365 2030 ,
2403 1968 2481 2030 εἰς
2508 1965 2747 2038 ἑκάτερά
2775 1983 2835 2019 τε
2862 1966 3066 2020 τούτων
3094 1965 3163 2018 τὰ
3207 1964 3320 2019 τῶν
3375 1964 3670 2037 μαρτύρων

414 2058 717 2116 naturalem
748 2060 913 2116 situm
941 2057 1146 2116 reverti
1180 2059 1472 2124 sinebant,
1507 2069 1566 2114 ut
1609 2063 1849 2116 membra
1890 2077 1986 2118 eoo

2099 2058 2456 2122 Ξιποτείνοντες
2504 2058 2704 2131 σκέλη,
2749 2060 2830 2124 εἰς
2869 2059 2965 2130 τὴν
3006 2058 3212 2112 ἐαυτῶν
3259 2059 3497 2128 ἠφίεσαν
3547 2057 3671 2120 τοὺς

417 2166 536 2203 rum
568 2152 831 2209 adversus
864 2167 1000 2222 quos
1035 2153 1150 2209 haec
1178 2156 1625 2223 excogitaverant
1653 2196 1668 2223 ,
1696 2170 1801 2211 uno
1827 2154 1987 2210 simul

2099 2150 2310 2214 κλάδους
2339 2149 2596 2223 φέρεσθαι
2635 2150 2796 2220 φύσιν
2814 2192 2828 2217 ,
2868 2151 3065 2224 ἄθρουν
3092 2150 3199 2203 τῶν
3232 2150 3413 2221 μελῶν
3443 2150 3672 2203 διασπα-

416 2243 619 2311 impelu
657 2244 1120 2315 discerpereutur.
1150 2246 1327 2317 Atque
1353 2246 1469 2302 haec
1500 2248 1683 2303 omnia
1714 2263 1818 2304 non
1850 2264 1986 2319 pau—

2099 2241 2222 2313 ςμὸν
2275 2241 2395 2295 καθ’
2434 2234 2510 2295 ὧν
2558 2241 2711 2296 ταῦτ’
2757 2240 3093 2313 ἐνεχείρουν,
3144 2242 3508 2305 ἐπινοοῦντες.
3564 2241 3672 2296 Καὶ

414 2335 495 2387 eis
536 2333 733 2389 diebus
761 2351 860 2390 nec
885 2336 1083 2406 exiguo
1115 2338 1381 2403 temporis
1415 2340 1611 2406 spatio,
1647 2339 1741 2393 sed
1777 2339 1989 2408 prolixo

2099 2331 2260 2386 ταῦτά
2299 2350 2363 2401 γε
2409 2333 2586 2388 πάντα
2624 2335 2909 2405 ἐνηργεῖτο
2935 2335 3036 2389 οὑκ
3063 2335 3149 2387 ἐπ’
3170 2334 3359 2403 ὀλίγας
3399 2333 3669 2406 ἡμέραςῆ

414 2422 624 2489 aliqum
644 2438 912 2478 annorum
931 2425 1206 2481 curriculo
1232 2427 1489 2482 continue
1503 2436 1808 2497 perpetrata
1827 2439 1985 2484 sunt:

417 2527 541 2567 cum
577 2529 720 2570 nunc
765 2516 913 2581 deni,
958 2515 1228 2572 interdum
1261 2516 1438 2573 viceni
1474 2528 1529 2572 et
1554 2518 1815 2588 amplius;
1853 2535 1987 2574 nou-

417 2617 692 2675 nunquatn
728 2606 795 2660 ad
835 2608 1057 2679 triginta
1092 2624 1269 2679 usque
1311 2617 1370 2663 ct
1399 2610 1714 2679 sexaginta;
1748 2609 1989 2680 quando-

2085 2424 2276 2495 χρόνον
2300 2423 2420 2479 τινὰ
2452 2425 2657 2498 βραχὺν
2676 2465 2690 2490 ,
2725 2426 2837 2480 ἀλλ’
2859 2428 2951 2480 ἐπὶ
2987 2426 3195 2497 μακρὸν
3222 2427 3362 2480 ὅλων
3388 2426 3529 2480 ἐτῶν
3555 2426 3670 2480 διάο

2089 2532 2302 2589 στημα,
2338 2518 2430 2572 ὁτὲ
2474 2517 2571 2590 μέν
2607 2517 2865 2571 πλειόνων
2898 2517 2931 2589 ἢ
2970 2518 3132 2582 δέκα,
3168 2514 3257 2571 ὁτὲ
3290 2518 3346 2571 δὲ
3377 2518 3522 2589 ὑπὲρ
3552 2518 3673 2581 τοὺς

2088 2611 2261 2665 εἴκοσι
2311 2609 2402 2664 τὸν
2450 2610 2681 2685 ἀριθμὸν
2735 2609 3175 2681 ἀναιρουμένων,
3232 2610 3423 2665 ἄλλοτε
3473 2611 3532 2664 δὲ
3579 2610 3672 2681 οὑχ

418 2711 525 2764 que
557 2708 609 2753 et
642 2700 857 2754 centeni
891 2700 990 2755 viri
1022 2701 1181 2755 simul
1216 2716 1280 2755 ac
1312 2701 1567 2758 mulieres
1594 2716 1715 2757 cum
1749 2703 1986 2773 parvulis

2099 2695 2249 2773 ἧττον
2272 2701 2368 2755 καὶ
2396 2701 2705 2773 τριάκοντα,
2726 2701 2826 2771 ἤδη
2857 2700 2915 2754 δὲ
2945 2700 3108 2771 ἐγγύς
3140 2717 3243 2753 που
3265 2701 3362 2755 καὶ
3393 2700 3672 2772 ἐξήκοντα,

420 2804 532 2842 uno
574 2790 663 2846 die
714 2792 1174 2858 interficerentur,
1209 2794 1375 2849 variis
1411 2809 1475 2849 ac
1508 2809 1605 2864 per
1644 2797 1792 2851 vices
1817 2795 1985 2851 alter-

2099 2795 2187 2849 καὶ
2237 2794 2399 2849 πάλιν
2443 2793 2629 2848 ἄλλοτε
2665 2792 2855 2847 ἐκατδν
2894 2795 2952 2846 ἐν
2984 2794 3166 2865 ἡμέρᾳ
3201 2796 3303 2865 μιᾷ
3334 2794 3533 2864 ἀνδρες
3564 2793 3673 2865 ἅμα

417 2882 565 2935 natis
610 2881 892 2952 suppliciis
940 2884 1161 2940 addicti.
1198 2883 1311 2940 Nos
1360 2900 1577 2957 quoque
1619 2902 1742 2941 cum
1779 2887 1831 2942 in
1883 2888 1991 2944 illis

2099 2886 2284 2960 κομιδῆ
2313 2886 2526 2958 νηπίοις
2545 2886 2641 2940 καλ⁵
2666 2886 2907 2955 γυναιξὶν
2932 2886 3253 2950 ἐκτείνοντο,
3286 2886 3562 2950 ποικίλαις
3588 2885 3675 2939 καὶ

408 2975 659 3042 partibus
694 2976 1036 3047 degeremus,
1067 2991 1231 3046 quam
1262 2976 1521 3047 plurimos
1546 2979 1841 3034 acervatim
1882 2995 1991 3037 uno

2099 2980 2538 3044 ἐναλλαττούσαις
2569 2978 2858 3049 τιμωρίαις
2885 2976 3395 3049 καταδικαζόμενοι.
3441 2979 3675 3051 Ἱστορήυ

417 3066 507 3122 die
554 3088 566 3123 :
621 3067 759 3123 alios
801 3071 1020 3139 quidem
1063 3071 1244 3139 capite
1292 3080 1574 3127 truncatus
1603 3112 1618 3134 .
1673 3072 1810 3130 alios
1868 3090 1992 3133 vero

2099 3088 2267 3143 σαμεν
2313 3070 2369 3125 δὲ
2407 3071 2500 3125 καὶ
2543 3070 2699 3125 αὑτοὶ
2726 3070 2837 3142 (2‘2)
2874 3071 2965 3123 ἐπὶ
3005 3069 3114 3124 τῶν
3156 3070 3338 3125 τόπων
3373 3070 3673 3141 γενόμενοι,

413 3157 650 3213 ﬂammis
703 3161 930 3217 traditos
964 3162 1224 3217 vidimus.
1258 3163 1408 3217 Adeo
1454 3173 1517 3219 ut
1548 3163 1713 3235 gladii
1750 3165 1852 3235 ipsi
1898 3168 1992 3225 he-

2099 3163 2311 3228 πλείους
2336 3163 2548 3235 ἀθρόως
2575 3161 2716 3217 κατά
2750 3162 2878 3234 μίαν
2912 3161 3145 3233 ἡμέραν,
3172 3164 3298 3218 τοὺς
3327 3162 3429 3233 μὲν
3460 3163 3562 3231 τῆς
3591 3178 3676 3215 κε-

415 3250 760 3318 betarcntur,
802 3261 856 3307 et
903 3253 1113 3308 caedere
1158 3252 1390 3322 amplius
1423 3269 1530 3309 non
1563 3254 1804 3312 valentes
1836 3258 1990 3313 l‘ran-

418 3356 714 3413 gerentur;
776 3344 988 3416 ipsique
1033 3346 1325 3402 carniﬁces
1370 3346 1581 3403 viribus
1631 3346 1989 3418 fatiscenles,

415 3437 518 3490 sibi
551 3436 782 3491 invicem
815 3438 1193 3493 succederent.
1218 3438 1338 3505 Quo
1367 3440 1585 3509 quidem
1617 3451 1862 3514 tempore
1890 3444 1992 3499 mi-

415 3528 642 3582 rabilem
672 3529 723 3582 in
746 3530 938 3598 primis
973 3531 1138 3584 animi
1172 3533 1420 3587 ardorem
1445 3574 1463 3600 ,
1495 3548 1729 3605 vereque
1753 3537 1990 3591 divinam

415 3620 671 3674 virtutem
720 3631 777 3675 et
822 3620 1166 3677 alacritatem
1221 3638 1411 3678 eorum
1466 3627 1556 3695 qui
1612 3628 1664 3681 in
1715 3628 1990 3685 Christum

418 3712 513 3765 Dei
547 3712 933 3778 crediderant,
983 3715 1154 3770 oculis
1188 3717 1389 3771 nostris
1419 3719 1824 3787 conspeximus.
1869 3722 1997 3778 Ete-

418 3805 533 3857 nim
579 3803 798 3857 vixdum
829 3808 1095 3859 adversus
1131 3807 1338 3872 primos
1379 3807 1487 3862 lata
1533 3818 1647 3863 erat
1678 3815 1948 3870 sententia
1976 3853 1994 3880 ,

2094 3254 2267 3326 φαλῆς
2299 3254 2577 3326 ἀποτομὴν
2606 3253 3034 3325 ὑπομείναντας,
3068 3255 3193 3317 τοὺς
3219 3254 3275 3307 δὲ
3309 3253 3414 3325 τὴν
3454 3254 3543 3307 διὰ
3576 3271 3672 3307 πυ-

2094 3346 2189 3420 ρδς
2231 3347 2499 3418 τιμωρίαν
2518 3364 2532 3377 ·
2581 3346 2656 3411 ὡς
2683 3345 3052 3417 ἀμϐλύνεσθαι
3084 3343 3379 3415 φονεύοντα
3410 3346 3504 3399 τὸν
3532 3345 3672 3415 σίδηο

2094 3457 2221 3513 ρον,
2253 3438 2548 3494 ἀτονοῦντά
2571 3456 2631 3492 τε
2657 3437 2976 3493 διαθλᾶσθαι
2996 3480 3010 3503 ,
3042 3436 3238 3500 αὐτούς
3266 3454 3329 3490 τε
3367 3439 3498 3500 τοὺς
3531 3438 3674 3489 ἀναι-

2095 3531 2320 3609 ροῦντας
2364 3533 2814 3605 ἀποκάμνοντας,
2862 3530 3152 3603 ἀμοιϐαδὸν
3195 3530 3464 3600 ἀλλήλους
3508 3527 3674 3582 διαδέο

2093 3616 2469 3701 χεσθαι.”’οτε
2500 3629 2595 3682 καὶ
2624 3609 3082 3699 θαυμασιωτάτην
3110 3624 3309 3697 ὁρμὴν,
3335 3623 3490 3678 θείαν
3520 3641 3577 3677 τε
3601 3622 3673 3688 ὡς

2094 3722 2308 3793 ἀληθῶς
2339 3721 2569 3792 δύναμιν
2602 3721 2695 3774 καὶ
2723 3719 3029 3790 προθυμίαν
3067 3716 3174 3769 τῶν
3211 3717 3293 3779 είς
3324 3715 3418 3769 τὸν
3450 3714 3673 3787 Χριστὸν

2094 3814 2187 3867 τοῦ
2221 3812 2354 3867 Θεοῦ
2383 3811 2823 3865 πεπιστευκότων
2851 3808 3226 3879 συνεωρῶμεν.
3266 3809 3333 3859 ’Ἃ
3343 3826 3421 3878 μα
3458 3808 3585 3876 γοῦν
3609 3808 3669 3877 τῇ

420 3911 543 3947 cum
588 3895 678 3948 alii
710 3895 929 3950 aliunde
974 3901 1039 3953 ad
1073 3899 1309 3954 tribunal
1368 3899 1567 3970 iudicis
1602 3906 1951 3975 prosilierunt
1976 3899 2017 3975 ,’

417 3986 763 4042 Christianos
793 4003 912 4043 sese
942 3990 1201 4046 confessi.
1246 3991 1313 4046 Et
1342 3995 1578 4062 pericula
1610 3996 1827 4066 quidem
1858 4014 1995 4053 cun-

418 4089 617 4147 etaque
638 4079 1048 4135 multiformium
1078 4091 1473 4140 tormentorum
1500 4102 1697 4157 genera
1722 4090 1872 4157 parvi
1897 4091 1993 4145 du-

2099 4089 2221 4153 νοὺς
2255 4090 2394 4158 σφᾶς
2436 4086 2820 4158 ὁμολογοῦντες
2844 4127 2858 4152 ,
2901 4085 3271 4157 ἀφροντίστως
3304 4085 3406 4155 μὲν
3448 4084 3581 4155 πρὸς
3609 4081 3671 4136 τΞι

418 4171 617 4224 eehant
649 4173 926 4241 :supremi
957 4188 1087 4230 vero
1125 4178 1366 4231 omnium
1402 4177 1652 4235 Numinis
1698 4181 1905 4235 cultum
1938 4181 1993 4236 li-

2099 4177 2245 4233 δεινά
2276 4178 2519 4241 καὶτοὺς
2548 4177 2654 4230 τῶν
2688 4174 2979 4229 πολυειδῶν
3010 4173 3257 4244 βασάνων
3298 4173 3539 4245 τρόπους
3565 4172 3673 4225 δια·

417 4263 547 4317 ιιετει
578 4278 714 4318 voce
747 4264 953 4335 absque
984 4266 1092 4323 ullo
1129 4279 1272 4322 metu
1305 4270 1734 4339 proﬁtebantur;
1786 4283 1839 4328 et
1870 4290 1993 4328 cum

2099 4270 2358 4341 κείμενοι,
2388 4268 2822 4337 ἀκαταπλήκτως
2861 4266 2918 4319 δὲ
2962 4264 3467 4337 παρρησιαζόμενοι
3497 4265 3587 4320 ἐπὶ
3610 4264 3670 4334 τῇ

416 4354 616 4422 gaudio
656 4364 820 4423 atque
850 4357 1152 4422 hilaritate,
1188 4360 1430 4416 ridentes
1455 4363 1749 4432 capitalem
1779 4374 1993 4419 senten-

2099 4364 2179 4425 είς
2203 4361 2294 4415 τὸν
2324 4361 2433 4414 τῶν
2462 4360 2597 4413 ὅλων
2624 4359 2755 4412 Θεὸν
2780 4358 3057 4429 εὐσεϐείᾳ,
3101 4359 3240 4429 μετά
3276 4376 3335 4411 τε
3379 4360 3558 4428 χαρᾶς
3586 4353 3673 4408 καὶ

418 4446 551 4499 tiam
603 4447 949 4514 excipiebant
991 4465 1004 4505 :
1054 4452 1189 4505 adeo
1236 4462 1296 4505 ut
1335 4453 1389 4506 in
1441 4452 1654 4508 Iaudem
1702 4455 1993 4511 conditoris

2099 4454 2334 4524 γέλωτος
2364 4454 2459 4507 καὶ
2498 4451 2830 4523 εὐφροσύνης
2870 4452 2968 4523 τὴν
3004 4452 3238 4523 ὑστάτην
3269 4451 3548 4520 ἀπόφασιν
3584 4446 3669 4501 τοῦ

416 4540 660 4593 omnium
708 4540 803 4596 Dei
842 4543 1074 4611 psalmos
1107 4545 1447 4615 hymnosque
1478 4556 1532 4600 et
1567 4549 1866 4616 gratiarum
1904 4566 1993 4604 ac-

2102 4547 2333 4603 θανάτου
2380 4544 2834 4616 καταδεχόμενοι,
2871 4544 3011 4598 ὥστε
3054 4543 3311 4615 ψάλλειν,
3353 4544 3449 4597 καὶ
3483 4541 3672 4613 ὕμνους

2095 3904 2239 3959 κατά
2282 3903 2391 3957 τῶν
2435 3893 2713 3976 προτέρων
2759 3901 3064 3971 ἀποφάσει,
3120 3900 3413 3969 ἐπεπήδων
3465 3899 3674 3953 ἄλλοθεν

2096 3997 2243 4053 ἄλλοι
2287 3995 2367 4068 τῷ
2413 3996 2520 4067 πρὸ
2559 3995 2651 4048 τοῦ
2694 3993 2947 4048 δικαστοῦ
2989 3994 3190 4064 βήματι
3224 3991 3375 4059 (25),
3421 3992 3673 4063 Χριστιαο

417 4632 597 4687 tiones
652 4634 717 4686 ad
748 4642 1054 4689 extremum
1105 4652 1277 4704 usque
1327 4639 1578 4705 spiritum
1621 4640 1993 4697 concinerent.

417 4722 489 4776 Et
518 4724 573 4777 hi
616 4724 833 4793 quidem
881 4726 1240 4783 admiratione
1287 4730 1533 4799 profecto
1571 4729 1719 4801 digni
1766 4733 1993 4786 exstite-

418 4823 564 4867 runt.
604 4813 803 4870 Verum
856 4817 894 4871 ii
929 4818 1224 4873 maximam
1266 4836 1377 4890 pra:
1414 4822 1627 4876 cunctis
1668 4820 1880 4876 laudem
1911 4833 1997 4876 at-

419 4917 526 4971 que
554 4906 963 4963 admirationem
1008 4918 1309 4977 merentur,
1338 4912 1430 4982 qui
1463 4913 1656 4981 opibus
1690 4927 1756 4965 ac
1794 4913 1999 4967 nobili-

421 5010 537 5054 tate
585 4999 854 5070 pollentes
879 5043 895 5069 ,
941 5011 997 5059 et
1030 5004 1100 5060 ob
1136 5004 1499 5076 elo‘qnentiam
1543 5022 1608 5061 ac
1640 5004 1998 5077 philosophia:

494 5189 883 5259 (elimaépca.
928 5191 1292 5247 Monstrosam
1336 5193 1618 5247 lectionem
1652 5192 1741 5247 hic
1777 5193 2003 5247 exhibet

412 5260 789 5329 Nicephorius:
820 5278 884 5314 ex
932 5278 1039 5330 quo
1082 5272 1307 5331 apparet
1339 5264 1488 5316 illum
1532 5264 2002 5332 depravatissimis

421 5332 957 5406 liusebiijmdicibus
1011 5348 1167 5386 usum
1228 5332 1415 5406 fuisse.
1462 5332 1596 5386 Nam
1638 5349 1735 5401 pro
1761 5333 1999 5406 διαέρια,

420 5401 588 5456 habet.
623 5397 714 5456 οἷά
739 5421 858 5455 τινα
887 5404 1077 5472 ἱερεῖα,
1109 5404 1250 5472 quod
1286 5418 1448 5456 sensu
1480 5397 1653 5459 caret.

488 5472 610 5551 βε)
642 5471 1064 5551 Ἰςτορῄσαμεν
1185 5472 1281 5526 καὶ
1312 5473 1500 5527 αὐτοὶ.
1532 5472 1607 5527 Ex
1638 5474 1738 5551 hoc
1771 5474 1893 5527 loco
1924 5473 2007 5551 tli-_-

424 5544 649 5605 scimus,
684 5544 970 5597 Eusebium
1005 5545 1054 5596 in
1082 5542 1319 5611 IEgypto
1341 5553 1613 5596 versatum
1652 5542 1836 5606 fuisse,
1858 5541 2002 5610 quod

425 5612 588 5663 etiam
612 5622 845 5667 testatur
868 5613 1188 5666 Theodorus
1210 5612 1497 5666 Metochita
1528 5615 1580 5666 itt
1612 5613 1954 5666 Collectaneis
1983 5624 2004 5662 :

426 5695 535 5754 qun
552 5682 667 5735 IOCl)
689 5683 940 5754 observat
955 5698 1143 5754 n_tnnes
1162 5697 1267 5735 non
1285 5684 1443 5754 modo
1471 5681 1755 5754 Egyptios
1774 5724 1789 5750 ,
1818 5696 2003 5735 verum

428 5752 589 5804 etiam
622 5767 713 5806 eos
734 5754 823 5821 qui
850 5753 901 5806 in
940 5752 1175 5822 Ᾱῐεγιιιο
1197 5753 1396 5807 versati
1420 5764 1566 5820 sunt,
1583 5752 1843 5808 intricata
1866 5764 2003 5820 qna-

2098 4639 2194 4693 xa‘t
2226 4638 2571 4710 εὐχαριστίας
2608 4638 2689 4701 είς
2726 4636 2815 4690 τὸν
2858 4635 2966 4689 τῶν
3013 4635 3150 4689 ὅλων
3178 4632 3312 4687 θεὸν
3362 4633 3555 4704 μέχρις
3582 4631 3672 4685 αὑ·

2099 4729 2199 4798 τῆς
2248 4729 2482 4800 ἐσχάτης
2519 4726 2864 4798 ἀναπέμπειν
2908 4724 3198 4795 ἀναπνοῆς.
3242 4723 3547 4793 Θαυμάσιοι
3584 4720 3672 4792 μὲν

2098 4819 2192 4877 οὖν
2234 4822 2328 4876 καὶ
2362 4816 2533 4875 οὗτοι⁸
2569 4819 2858 4893 ἐξαιρέτως
2900 4817 2956 4871 δὲ
2986 4818 3179 4870 ἐκεῖνοι
3218 4815 3670 4888 θαυμασιώτερα,

2099 4917 2147 4969 οἱ
2183 4912 2397 4984 πλούτῳ
2444 4914 2544 4983 μὲν
2584 4911 2678 4966 καὶ
2709 4911 2956 4982 εὐγενείᾳ
2987 4910 3080 4964 καὶ
3116 4907 3266 4982 δόξῃ,
3302 4908 3450 4980 λόγῳ
3489 4926 3546 4962 τε
3588 4904 3672 4960 καὶ

2100 5006 2388 5079 φιλοσοφίᾳ
2412 5005 2837 5078 διαπρέψαντες,
2880 5003 3059 5057 πάντα
3090 5017 3155 5070 γε
3190 5000 3299 5072 μὴν
3328 5000 3555 5072 δεύτερα
3590 4997 3670 5053 θέα

2111 5194 2231 5247 daut
2264 5205 2317 5249 et
2363 5196 2590 5250 obscura
2630 5195 2864 5249 dictione
2915 5195 2969 5249 in
3001 5194 3288 5249 scribendo
3337 5208 3469 5248 usos
3498 5192 3668 5246 fuisse.

2109 5261 2257 5319 Inter
2284 5280 2422 5334 quos
2469 5282 2575 5321 non
2631 5275 2907 5335 postremo
2950 5265 3068 5321 loco
3106 5273 3355 5321 recenset
3396 5262 3670 5319 Eusebium

2111 5346 2375 5390 liOSll‘lllll.

2184 5403 2297 5482 (‘23)
2333 5404 2421 5482 Τῷ
2439 5404 2551 5482 πρὸ
2580 5403 2687 5458 τοῦ
2714 5402 3260 5482 δικᾳσςοῦβήιέίέτι.
3290 5403 3427 5459 Mira
3460 5400 3667 5482 locutio,

2112 5475 2344 5527 tribunal
2370 5477 2511 5546 quod
2554 5488 2637 5529 est
2660 5486 2784 5529 ante
2820 5475 3077 5546 judicent.
3114 5475 3274 5546 Βῆμα
3303 5490 3435 5544 ergo
3459 5475 3669 5546 sumitur

2112 5559 2209 5611 pro
2227 5535 2483 5608 gradibus
2503 5535 2962 5599 trihttnalisjline
2976 5545 3140 5612 iudex
3160 5535 3351 5599 s'edere.
3368 5535 3559 5600 dicitur
3575 5535 3669 5610 πρὸ

2110 5612 2203 5686 τοῦ
2236 5613 2509 5686 βήματος,
2535 5616 2588 5668 id
2617 5628 2723 5678 εει,
2764 5616 3161 5686 protribunali,
3194 5616 3279 5672 vel
3315 5632 3413 5686 pro
3445 5615 3665 5669 tribuna-

2112 5681 3013 5758 libus,'utbicloquiturRulinus.
3148 5681 3154 5683 ⁷
3256 5724 3259 5725 ν
