3876 6480
203 370 273 425 769

1116 363 1466 421 HISTORUE
1506 360 2065 419 ECCLESIASTICAZ
2105 358 2235 418 LIB.
2277 360 2416 421 VIII.

3282 364 3392 423 770

196 487 299 557 ἀνὴρ
337 485 425 555 τῆς
455 478 602 554 παρά
648 477 930 551 βασιλεῦσι
969 482 1158 551 τιμῆς,
1203 479 1278 545 ὡς
1319 479 1415 532 καλ⁵
1460 475 1559 539 τὰς
1589 475 1705 529 καθ

1826 492 1947 531 rum
1990 476 2197 547 palatio
2237 483 2562 548 provectus,
2594 474 2795 547 quippe
2823 476 2915 548 qui
2948 477 3389 549 procurationem

192 581 284 636 ὅλου
337 576 613 647 διοικήσεις
629 571 746 644 (Η)
768 574 870 643 τῆς
894 573 1024 643 παρ’
1049 572 1233 634 αὐτοῖς
1258 567 1597 640 καλουμένης
1621 583 1722 640 μα-

190 666 487 744 τιστρότητὸς
543 664 654 736 (45)
692 682 754 718 τε
810 665 908 719 καὶ
947 662 1368 733 καθολικότητος
1409 659 1718 731 ἀμέμπτως

187 761 370 819 διελθεῖν
388 798 402 822 ,
440 758 529 811 ἐπὶ
558 759 693 810 πᾶσι
723 755 938 820 τούτοις
968 754 1275 827 διαπρέψας
1301 755 1413 816 τοῖς
1440 754 1498 806 ἐν
1530 750 1716 804 θεοσε-

187 856 280 927 ϐείᾳ
306 849 676 924 κατορθώμασι
710 849 806 903 καὶ
831 850 954 912 ταῖς
980 849 1060 912 είς
1080 847 1174 901 τὸν
1196 845 1428 919 Χριστὸν
1452 842 1548 897 τοῦ
1577 842 1714 897 Θεοῦ

184 943 466 1018 ὁμολογίαις,
520 942 600 1013 τῷ
643 940 741 995 τοῦ
805 939 1100 1013 μαρτυρίου
1163 938 1452 1010 διαδήματι
1494 952 1718 991 κατεκο-

185 1036 360 1108 σμήθη,
389 1034 471 1088 ἐπ’
502 1034 674 1106 αὐτῆς
705 1033 808 1104 τῆς
852 1032 950 1086 τοῦ
996 1029 1289 1092 καθολικοῦ
1328 1027 1586 1103 πράξεως
1622 1027 1715 1084 τὸν

143 1121 147 1125 ’
182 1130 289 1201 ὑπὲρ
312 1126 583 1191 εὐσεϐείας
619 1126 923 1197 ὑπομείνας
951 1125 1158 1195 ἀγῶνα.

650 1216 1049 1273 ΚΕΦΑΛΛΙΟΝ
1085 1217 1188 1272 IB'.

180 1314 287 1387 Περὶ
329 1313 624 1387 “mare?
656 1311 877 1387 ἐτέριιξν
916 1310 1154 1387 ἀνδρῶν
1180 1327 1245 1387 :8
1277 1310 1378 1387 xei
1409 1308 1713 1387 τυνᾳιξεῶν

232 1380 496 1453 διαφόρως
534 1380 963 1454 ἠγωνισμένων
1000 1383 1138 1453 (Nic.
1176 1382 1249 1437 Η.
1293 1382 1362 1436 Ε.
1392 1380 1488 1446 vit,
1526 1380 1638 1452 11).

231 1475 285 1528 Τί
324 1492 384 1546 με
410 1474 514 1547 χρὴ
553 1475 649 1529 νῦν
690 1475 778 1528 ἐπ’
801 1474 1065 1546 ὀνόματος
1102 1473 1211 1529 τῶν
1260 1472 1461 1528 λοιπῶν
1503 1490 1713 1546 μνημο-

179 1565 335 1630 νεύειν,
358 1566 390 1638 ἢ
422 1566 481 1619 τὸ
510 1565 715 1636 πλῆθος
740 1565 850 1620 τῶν
878 1564 1087 1640 ἀνδρῶν
1113 1566 1388 1637 ἀριθμεῖν,
1420 1564 1453 1637 ἢ
1488 1563 1586 1629 τὰς
1611 1580 1712 1618 πο-

178 1657 429 1731 λυτρόπους
492 1657 678 1721 αἰκίας
736 1656 1156 1729 ἀναζωγραφεῖν
1224 1658 1333 1711 τῶν
1392 1655 1710 1728 θαυμασίων

178 1748 368 1822 Χριστοῦ
402 1749 716 1823 μαρτύρων,
745 1750 866 1803 τοτέ
898 1750 995 1821 μὲν
1028 1750 1247 1814 πέλυξιν
1279 1748 1705 1821 ἀναιρουμένων,
1762 1798 1781 1816 ,

1816 583 2042 624 summae
2072 570 2175 633 rei,
2205 578 2259 625 et
2282 568 2550 638 magistri,
2580 578 2640 623 ut
2665 579 2882 635 vocant,
2902 585 2968 626 ac
3005 570 3284 626 rationalis
3308 570 3396 626 of—

1816 659 2003 716 ﬁcium
2055 660 2408 731 integerrime
2460 661 2720 730 gessisset
2769 679 2784 716 :
2835 671 3034 731 praeter
3084 662 3199 717 hate
3251 678 3390 719 om-

1816 752 1907 809 nia
1947 752 2134 807 multis
2176 751 2339 823 305
2389 752 2670 822 praeclaris
2709 754 2926 810 actibus
2965 754 3110 810 inter
3154 753 3341 810 ﬁdeles
3370 794 3386 821 ,

1814 855 1873 900 et
1926 845 2164 901 nominis
2232 844 2439 900 Christi
2495 844 2933 902 confessionibus
2999 845 3319 902 nobilitatus
3368 865 3384 905 :

1814 939 1942 993 dum
1984 936 2161 993 adhuc
2201 938 2487 994 rationalis
2534 937 2769 995 oﬁicium
2827 939 3254 1007 administraret,
3286 955 3388 1009 pro

1812 1047 1944 1089 vera
1987 1031 2190 1103 pietate
2221 1030 2510 1088 decertans
2554 1032 2803 1105 martyrii
2846 1048 3050 1089 corona
3085 1046 3390 1090 exornatus

1812 1134 1916 1182 εει.

2400 1216 2628 1274 CAPUT
2668 1216 2781 1271 ΧΗ.

1816 1309 1895 1366 De
1913 1311 2155 1382 pluribus
2192 1310 2321 1367 uiris
2345 1321 2392 1365 et
2426 1311 2757 1375 mulieribus,
2779 1310 2869 1377 qui
2895 1308 3100 1363 diverso
3139 1306 3391 1379 martyrii

2303 1398 2489 1451 genere
2512 1381 2887 1437 occubuerunt.

1880 1474 2021 1543 Quid
2065 1489 2209 1530 nunc
2236 1489 2374 1543 opus
2409 1482 2495 1529 est
2530 1474 2766 1543 reliquos
2798 1472 3116 1528 nominatim
3147 1487 3389 1529 comme-

1810 1580 2047 1630 morare,
2072 1575 2167 1622 aut
2192 1566 2594 1622 multitudinem
2636 1566 2915 1621 hominum
2952 1577 3256 1631 recensere,
3292 1574 3391 1621 aut

1808 1660 1992 1715 varias
2025 1668 2425 1716 tormentorum
2454 1658 2669 1727 species
2709 1658 2979 1713 orationis
3009 1658 3260 1727 penicillo
3291 1661 3388 1713 tle-

1809 1754 2072 1825 pingere!
2115 1753 2329 1823 Quippe
2372 1767 2495 1807 cum
2532 1751 2834 1807 admirandi
2869 1763 3156 1823 martyres,
3187 1753 3385 1822 partim

176 1838 243 1898 οἷα
266 1842 437 1911 γέγονε
457 1844 572 1905 τοῖς
602 1843 688 1895 ἐπ’
721 1841 979 1913 ’Δραϐίας
996 1881 1011 1905 ,
1041 1842 1163 1896 τοτέ
1192 1842 1249 1895 δὲ
1280 1841 1348 1896 τὰ
1371 1841 1536 1912 σκέλη
1573 1857 1705 1895 κατ-

1809 1847 2099 1902 securibus
2127 1847 2250 1903 ctesi
2291 1846 2422 1909 sint,
2455 1854 2515 1900 ut
2549 1844 2602 1899 in
2633 1846 2835 1900 Arabia
2883 1846 3112 1916 contigit
3139 1864 3153 1900 :
3186 1847 3385 1916 partim

176 1934 470 2004 αγνυμένων,
524 1928 614 1987 οἶα
661 1935 775 1998 τοῖς
817 1935 876 1987 ἐν
926 1934 1291 2007 Καππαδοκίᾳ
1369 1931 1704 2005 συμϐέϐηκε,

174 2024 246 2077 καὶ
271 2024 388 2077 ποτὲ
418 2024 517 2095 μὲν
552 2022 695 2077 κατά
729 2022 975 2093 κεφαλῆς
1016 2026 1081 2077 ἐκ
1110 2024 1223 2076 τοῖν
1259 2020 1437 2077 ποδοῖν
1466 2023 1546 2085 είς
1574 2019 1707 2091 ὕψος

174 2115 551 2190 ἀναρτωμένων,
582 2115 678 2168 καὶ
712 2112 985 2186 μαλθακοῦ
1021 2114 1194 2185 πυρὸς
1238 2111 1348 2184 (46)
1378 2112 1708 2184 ὑποκαιομέ-

172 2227 257 2272 νου,
421 2207 916 2282 παραπεμπομένῳ
964 2206 1158 2278 καπνῷ
1212 2206 1311 2276 τῆς
1366 2205 1706 2278 φλεγομένης

172 2305 274 2377 ὕλης
293 2308 758 2378 ἀποπνιγομένων,
791 2301 879 2360 οἷα
904 2308 1018 2371 τοῖς
1043 2308 1102 2361 ἐν
1133 2307 1275 2379 μέσῃ
1302 2306 1411 2359 τῶν
1443 2305 1706 2378 ’ποταμῶν

171 2398 418 2470 ίπψιέχθη,
448 2398 580 2452 ποτέ
618 2398 676 2451 δέ
719 2399 871 2469 ῥῖνας
901 2398 995 2451 καὶ
1023 2391 1140 2451 ὦτα
1171 2398 1265 2451 καὶ
1296 2399 1485 2469 χεῖρας
1524 2398 1706 2469 ἀκρω-

169 2489 554 2560 τηρισζομένων,
587 2488 659 2542 τά
687 2505 745 2542 τε
770 2488 934 2543 λοιπὰ
958 2488 1052 2542 τοῦ
1083 2486 1335 2560 σώματος
1365 2489 1501 2560 μέλη
1525 2506 1586 2543 τε
1611 2488 1705 2544 καὶ

172 2582 282 2652 μέρη
307 2582 802 2655 κρεουργουμένων,
834 2576 923 2637 οἷα
949 2582 1018 2637 τὰ
1043 2582 1129 2636 ἐπ’
1169 2581 1571 2655 Ἀλεξανδρείας
1599 2578 1702 2655 ἦν;

169 2670 221 2724 Τί
234 2671 300 2725 δεῖ
318 2672 418 2725 τῶν
445 2676 532 2726 ἐπ’
572 2675 900 2745 Ἀντιοχείας
917 2672 1297 2747 ἀναζωπυρεῖν
1323 2672 1422 2744 τὴν
1459 2675 1701 2746 μνήμην,

171 2764 387 2836 ἐσχάραις
419 2766 593 2839 πυρὸς
634 2766 744 2838 (47)
775 2769 875 2822 ούκ
908 2768 989 2832 είς
1029 2766 1278 2831 θάνατον,
1314 2765 1429 2820 ἀλλ’
1460 2767 1555 2819 ἐπὶ
1600 2784 1706 2837 μα-

170 2853 252 2922 κρᾷ
276 2854 500 2925 τιμωρία
541 2857 1008 2928 κατοπτωμένων,
1041 2857 1243 2930 ἐτέρων
1288 2874 1348 2909 τε
1382 2856 1576 2911 θᾶττον
1605 2855 1705 2930 τὴν

167 2940 312 3009 δεξιὰν
335 2946 508 3000 αὐτῶν
541 2949 677 3020 πυρὶ
703 2948 1020 3013 καθιέντων,
1050 2948 1084 3020 ἢ
1125 2948 1224 3019 τῆς
1254 2947 1481 3017 ἐναγοῦς
1511 2948 1705 3014 θυσίας

169 3033 548 3107 ἐφαπτομένωνς
589 3032 665 3093 ὧν
696 3056 841 3103 τινες
870 3039 971 3111 τὴν
999 3043 1194 3111 πεῖραν
1228 3039 1539 3110 φεύγοντες,
1574 3042 1703 3115 πρὶν

168 3125 333 3181 ἁλῶναι
364 3133 457 3184 καὶ
487 3132 568 3195 είς
606 3134 793 3204 χεῖρας
823 3131 933 3186 τῶν
978 3132 1277 3187 ἐπιϐούλων
1325 3132 1521 3199 ἐλθεῖν,
1559 3135 1704 3189 ἄνω·
1730 3183 1772 3205 ﬂ

168 3215 239 3271 θεν
275 3222 327 3287 ἐξ
368 3222 586 3303 ὑψηλῶν
606 3183 897 3294 δδωμάτων
952 3223 1181 3288 ἑαυτοὺς
1228 3183 1700 3297 κατεκρήμνισαν,
1728 3183 1772 3240 c

166 3311 236 3366 τὸν
280 3313 495 3369 θάνατον
537 3315 809 3387 ἅρπαγμα
858 3316 1075 3387 θέμενοι
1117 3316 1218 3386 τῆς
1264 3316 1375 3370 τῶν
1427 3316 1702 3371 δυσσεϐὦν

169 3402 444 3476 μοχθηρίας.
480 3406 591 3459 Καί
638 3422 721 3468 τις
752 3405 873 3477 ἱερά
899 3406 994 3459 και¹
1031 3405 1307 3477 θαυμασία
1346 3407 1447 3478 τὴν
1473 3408 1572 3479 τῆς
1600 3406 1703 3477 ψυ-

165 3491 242 3560 χῆς
265 3495 473 3566 ἀρετὴν,
508 3496 570 3549 τὸ
600 3496 658 3549 δὲ
692 3495 850 3567 σῶμα
876 3496 1034 3569 γυνὴ,
1070 3498 1166 3550 καὶ
1202 3498 1272 3552 τὰ
1310 3498 1445 3554 ἄλλα
1473 3498 1584 3551 τῶν
1615 3499 1701 3552 ἐπ’

173 3581 463 3656 Ἀντιοχείας
490 3587 709 3659 πλούτῳ
735 3590 828 3642 καὶ
852 3589 1001 3657 γένει
1029 3588 1125 3642 καὶ
1150 3588 1362 3662 εὐδοξία
1392 3590 1541 3662 παρά
1565 3591 1701 3644 πᾶσι

72 3666 77 3671 Α
164 3673 446 3751 βεϐοημένη,
489 3680 698 3734 παίδων
730 3679 993 3752 ξυνωρίδα
1035 3680 1320 3752 παρθένων
1364 3684 1430 3754 τῇ
1460 3680 1557 3735 τοῦ
1595 3680 1700 3735 σὼ-

161 3783 300 3837 ματος
331 3771 447 3843 ὥρα
478 3773 576 3826 καὶ
617 3773 770 3845 ἀκμῇ
799 3773 1237 3845 διαπρεπουσῶν,
1280 3774 1501 3847 θεσμοῖς
1543 3777 1698 3830 εὐσε-

160 3857 282 3925 ϐείας
306 3851 747 3936 ἀναθρεψαμένη,
775 3866 961 3937 ἐπειδὴ
994 3867 1163 3931 πολὺς
1190 3870 1220 3922 ὁ
1249 3869 1379 3941 περὶ
1406 3868 1578 3934 αύτάς
1611 3888 1698 3924 κι-

157 3953 376 4025 νούμενος
433 3957 652 4027 φθόνος,
688 3957 865 4012 πάντα
909 3959 1111 4031 τρόπον
1156 3960 1453 4031 ἀνιχνεύων
1498 3961 1699 4017 λανθα-

156 4050 318 4117 νούσας
374 4051 813 4126 πριειργάζετο,
871 4049 990 4108 εἶτα
1043 4055 1131 4108 ἐπ’
1173 4055 1476 4129 ἀλλοδαπῆς
1528 4057 1699 4123 αὐτὰς

155 4142 409 4218 διατρίϐειν
444 4146 656 4219 μαθὼν,
703 4146 1179 4219 πεφροντισμένως
1220 4149 1313 4201 ἐπὶ
1350 4150 1448 4221 τὴν
1496 4151 1701 4204 Ἀντιό-

155 4252 276 4305 χειαν
324 4239 539 4303 ἐκάλει,
589 4237 822 4292 δικτύων
872 4237 928 4291 δὲ
972 4238 1073 4309 ἤδη
1123 4240 1525 4312 στρατιωτικῶν
1568 4242 1699 4295 εἵσω

155 4330 524 4401 περιϐέϐληντο,
553 4334 614 4385 ἐν
641 4331 946 4402 ἀμηχάνοις
972 4332 1142 4404 αὐτὴν
1173 4334 1268 4387 καὶ
1291 4333 1487 4397 παῖδας
1512 4332 1700 4389 θεασα-

157 4420 285 4494 μένη,
319 4427 411 4480 καὶ
446 4425 516 4479 τὰ
546 4423 811 4496 μέλλοντα
841 4424 899 4492 ἐξ
931 4424 1234 4497 ἀνθρώπων
1266 4427 1414 4481 δεινά
1444 4427 1522 4500 τῷ
1552 4428 1697 4501 λόγῳ

1807 1937 2082 1996 suﬁractis
2104 1940 2362 1996 cruribus
2384 1938 2722 2004 interierint,
2754 1938 3211 2008 quemadmodum
3241 1940 3387 2009 arcis

1807 2031 1886 2085 dit.
1920 2031 1974 2085 in
2002 2029 2382 2100 Cappadocia;
2413 2029 2658 2086 nonnulli
2709 2031 2891 2100 capite
2924 2030 3180 2086 deorsum
3223 2043 3389 2085 verso

1806 2122 2033 2195 pedibus
2078 2123 2349 2194 suspensi,
2387 2122 2497 2177 leni
2545 2137 2607 2177 ac
2633 2123 2864 2179 remisso
2907 2123 3033 2193 igne
3069 2122 3263 2178 subtus
3290 2137 3389 2179 ac-

1806 2230 1995 2283 censo,
2026 2215 2310 2288 ﬂagrantis
2338 2214 2580 2270 materia:
2611 2214 2760 2269 fumo
2786 2212 3036 2271 suﬂ‘ocati
3073 2214 3204 2278 sint,
3234 2228 3293 2270 ut
3327 2214 3385 2270 iu

1804 2307 2195 2377 Mesopotamia
2216 2307 2420 2361 factum
2448 2316 2531 2361 est
2556 2324 2571 2374 ;
2599 2306 2694 2361 alii
2727 2321 2885 2373 naso,
2906 2308 3151 2374 auribus,
3181 2323 3247 2362 ac
3270 2323 3384 2361 ma-

1805 2399 1965 2456 nibus
1997 2398 2255 2464 truncati,
2293 2399 2614 2470 czelerisque
2655 2400 2902 2470 corporis
2933 2401 3194 2455 membris
3224 2400 3389 2455 muti-

1805 2493 1899 2548 lati
1927 2494 2039 2549 sint
2066 2501 2231 2562 atque
2254 2491 2484 2557 concisi,
2516 2499 2573 2546 ιιι
2614 2492 2842 2561 contigit
2868 2490 3231 2546 Alexandria»
3260 2490 3381 2546 Jam

1805 2599 1937 2640 vero
1964 2600 2028 2640 ea
2056 2599 2176 2655 quis
2196 2584 2338 2655 apud
2368 2582 2713 2638 Antiochiam
2739 2593 2892 2655 gesta
2923 2594 3075 2648 sunt,
3094 2584 3221 2652 qttid
3246 2595 3390 2653 opus

1805 2678 1972 2733 estin
1994 2678 2313 2734 memoriam
2344 2676 2643 2732 revocare?
2671 2677 2759 2731 ubi
2786 2676 2879 2732 alii
2902 2675 3180 2732 craticulis
3208 2677 3388 2745 impo-

1805 2768 1917 2834 siti,
1953 2782 2058 2823 non
2110 2767 2177 2823 ad
2220 2776 2449 2823 mortem
2485 2780 2678 2836 usque,
2723 2766 2818 2822 sed
2852 2767 2921 2821 ad
2971 2766 3384 2821 diuturnitatem

1803 2858 2058 2929 supplicii
2097 2857 2465 2913 terrebantur.
2521 2857 2628 2911 Alii
2676 2858 2901 2913 dextras
2946 2872 3076 2912 suas
3114 2857 3167 2911 itt
3203 2857 3384 2927 ignem

1804 2950 2099 3005 immittere
2136 2949 2472 3014 maluerunt,
2512 2964 2675 3018 quam
2710 2948 2871 3018 impia
2920 2948 3213 3002 libamenta
3250 2962 3386 3002 ron-

1806 3040 2036 3108 tingere.
2083 3037 2165 3094 Ex
2211 3038 2409 3108 quibus
2464 3038 2706 3094 nonnulli
2753 3036 3056 3108 periculum
3122 3036 3380 3101 vitantes,

1805 3133 2122 3203 priusquam
2166 3142 2515 3200 caperentur,
2564 3141 2621 3185 et
2664 3130 2719 3183 in
2770 3128 3150 3183 insidiatorum
3185 3141 3381 3183 manus

1804 3224 2129 3291 inciderent,
2176 3237 2244 3278 ex
2296 3220 2624 3277 sublimibus
2669 3220 2924 3275 tabulatis
2970 3218 3277 3290 prcecipites
3320 3234 3381 3275 se

1803 3319 2093 3380 dederunt,
2114 3324 2336 3388 propter
2362 3314 2651 3385 impiorum
2680 3311 2938 3367 malitiam
2963 3320 3195 3366 mortem
3224 3311 3380 3367 lucro

1804 3410 2147 3480 deputantes.
2179 3406 2435 3475 Quaedam
2490 3407 2656 3461 etiam
2709 3403 3053 3459 sanctissima
3096 3401 3297 3457 femina
3324 3411 3382 3456 et

1802 3500 1874 3557 ob
1904 3499 2073 3556 animi
2106 3498 2486 3554 fortitudinem
2511 3495 3084 3564 admirabilis,0pibus
3110 3508 3174 3549 ac
3202 3492 3381 3562 splen-

1802 3592 1933 3647 dore
1976 3591 2215 3662 generis,
2257 3590 2506 3659 bouaque
2555 3587 2608 3643 in
2652 3587 2843 3658 primis
2897 3587 3043 3641 fama
3077 3585 3380 3641 Antiochia:

1802 3682 2156 3753 percelebris,
2186 3697 2309 3752 quae
2356 3683 2494 3737 duas
2535 3680 2676 3735 lllias
2720 3680 2960 3749 virgines
2990 3678 3236 3749 corporis
3269 3676 3384 3733 for-

1802 3793 1890 3832 ma
1931 3784 1989 3833 et
2022 3775 2361 3837 aetatisjlore
2390 3781 2712 3843 praestantes
2742 3771 3071 3828 Christiana:
3105 3770 3381 3842 religionis

1799 3867 2091 3940 praeceptis
2119 3868 2431 3924 instituerat
2462 3884 2478 3920 :
2513 3881 2641 3921 cum
2676 3865 2922 3937 plurimi,
2956 3865 3274 3921 stimulante
3298 3866 3382 3936 ip-

1799 3976 1892 4019 sos
1916 3960 2143 4029 invidia,
2175 3975 2363 4018 carum
2393 3958 2631 4016 latebras
2658 3959 2931 4016 curiosius
2954 3958 3379 4030 investigarent;

1800 4054 2000 4112 deinde
2047 4064 2329 4126 comperto
2373 4068 2470 4110 eas
2514 4051 2658 4123 apud
2708 4059 2931 4108 exteros
2980 4052 3203 4122 degere,
3231 4049 3380 4105 omni

1800 4145 1984 4203 studio
2041 4154 2206 4215 atque
2251 4157 2417 4216 opera
2473 4142 2822 4200 Antiochiam
2865 4156 2961 4200 eas
3015 4150 3375 4208 evocassent;

1800 4249 2089 4310 postquam
2124 4239 2319 4295 mulier
2366 4252 2490 4294 sese
2519 4251 2587 4293 ac
2632 4235 2775 4293 tilias
2806 4238 2860 4290 in
2893 4234 3126 4290 militum
3155 4234 3377 4304 laqueos

1800 4333 2056 4388 incidisse
2086 4332 2281 4395 sensit,
2332 4330 2398 4385 ad
2442 4329 2679 4399 inopiam
2715 4326 2932 4384 consilii
2967 4326 3207 4392 redacta,
3242 4325 3379 4380 ﬁlias

1799 4425 2034 4482 allocuta
2076 4434 2180 4480 est.
2211 4423 2279 4479 Et
2303 4432 2508 4493 quanta
2536 4421 2672 4492 ipsis
2703 4418 2846 4475 mala
2884 4434 2916 4474 a
2959 4417 3223 4493 militibus
3272 4418 3375 4470 im-

154 4491 445 4585 παραθεῖσα,
473 4491 558 4571 τό-
577 4534 639 4570 τε
671 4491 891 4571 πάντων
920 4491 1106 4573 δείνων
1136 4491 1535 4595 ἀφορητότερον

1807 4522 2074 4575 tninerent
2102 4518 2357 4588 exposuit
2387 4533 2404 4572 :
2444 4515 2688 4571 omnium
2712 4528 2843 4570 vero
2874 4491 3139 4567 maloritm
3167 4508 3379 4579 gravis-

150 4604 270 4672 νεεας
324 4609 551 4681 ἀπειλὴν
609 4607 745 4679 μηδὲ
798 4609 989 4679 ἄκροις
1046 4611 1179 4666 ὠσὶν
1248 4614 1540 4687 ὑπομεῖναι
1592 4616 1703 4672 δεῖν

1812 4617 2013 4672 simum
2042 4627 2107 4666 ac
2136 4609 2368 4666 maxime
2396 4606 2739 4664 intolerabile
2766 4621 2889 4663 esse
2919 4614 3192 4674 stuprum,
3223 4600 3378 4670 cujus

150 4835 337 4895 Menaris
377 4842 719 4907 Graecorum,
770 4840 858 4894 die
894 4856 953 4895 ιιι
990 4838 1267 4895 Octobris.
1307 4840 1432 4895 Fuit
1469 4851 1524 4898 et
1553 4841 1692 4898 alter

150 4908 393 4967 Adauctus
424 4915 618 4967 eodem
672 4910 1305 4982 temporeﬁmarlyrittnr
1334 4910 1520 4967 Romae
1560 4928 1690 4982 pas-

150 4992 256 5045 sns;
289 4982 434 5050 cujus
470 4982 676 5036 mentio
722 4982 781 5035 ﬁt
820 4996 895 5034 vn
932 4980 1235 5036 Februarii.
1268 4980 1402 5035 lluic
1434 4980 1695 5038 Damasus

150 5061 265 5118 papa
306 5056 675 5122 coemeterium
711 5051 895 5106 Romae
938 5051 1177 5122 fecittut
1218 5051 1377 5106 docet
1403 5063 1554 5107 vetus
1580 5053 1696 5122 epi-

147 5132 357 5191 gramma
383 5124 521 5188 aputl
552 5120 871 5191 Gruterum,
900 5138 1020 5191 pag.
1051 5119 1207 5191 1072.

207 5189 306 5259 (Η)
333 5191 441 5259 Τὰς
476 5193 740 5246 καθόλου
775 5188 1121 5260 διοικήσεις.
1166 5188 1503 5245 Rationalem
1544 5207 1693 5246 sum-

148 5270 332 5330 marum
366 5263 635 5330 intelligit.
666 5264 761 5317 Sic
789 5276 950 5324 supra
991 5264 1057 5317 de
1095 5261 1429 5323 Philoromo,
1462 5277 1582 5329 cap.
1608 5261 1642 5315 9
1675 5282 1688 5317 :

155 5322 327 5404 :Apquv
342 5350 467 5404 τινα
490 5322 568 5387 οὐν
581 5331 681 5404 τὴν
704 5322 972 5403 τυχοῦσαν
992 5333 1092 5403 τῆς
1136 5332 1255 5404 κατ’
1290 5322 1693 5404 Ἀλεξάνδρειαν

207 5401 398 5476 σιλικῆς
433 5401 1295 5476 διοικήσεωςέγκεχειρισμένος.
1337 5402 1504 5456 Recte
1531 5401 1695 5473 igitur

190 5470 534 5529 ul‘tnus'hunc
580 5470 758 5528 locum
808 5470 974 5528 vertit
1005 5470 1309 5528 {Rationes
1361 5470 1691 5527 summarum

144 5543 348 5600 Partittm
376 5544 779 5597 administrans.
812 5544 877 5597 Et
910 5560 1097 5599 rursus
1134 5543 1299 5598 infra.

201 5610 302 5682 (45)
349 5614 463 5682 Τῆς
506 5614 659 5684 παρέ
688 5613 892 5679 αὐτοῖς
948 5612 1324 5684 καλουμένης
1364 5615 1687 5683 ματ-ιστρό-

143 5691 312 5755 γητος.
372 5684 510 5739 Male
549 5683 781 5739 Ruﬁnus
835 5683 1201 5753 magisterium
1249 5684 1546 5755 ciliciorum
1596 5685 1682 5738 hic

146 5752 398 5825 intellexit.
448 5755 829 5825 lntelligttntur
864 5752 1007 5809 enim
1041 5756 1282 5819 magistri
1317 5757 1391 5825 rei
1428 5754 1675 5825 ptjivatze,

148 5828 192 5869 ul
220 5823 440 5880 declarat
488 5839 593 5882 vox
633 5823 902 5895 'proxime
948 5840 1182 5894 sequens
1235 5823 1673 5895 καθολικῦτητος.

1792 4843 1929 4899 Nam
1982 4841 2224 4912 magistri
2273 4840 2353 4912 rei
2396 4840 2623 4910 privata:
2657 4855 2778 4912 cum
2812 4835 3191 4912 Rationalibus
3219 4834 3374 4912 iungi

1792 4917 1969 4970 solent
1997 4914 2050 4967 in
2074 4908 2264 4966 codice
2293 4908 2609 4978 Theodosii,
2644 4922 2702 4965 ιιι
2732 4908 3061 4977 jampridem
3091 4909 3272 4964 notavi
3307 4908 3377 4967 ad

1792 4987 1995 5040 librum
2030 4998 2097 5036 xv
2124 4984 2303 5036 Amm.
2332 4982 2652 5048 Marcellini,
2681 4996 2805 5048 pag.
2839 4981 2929 5034 78.

1864 5055 1977 5123 (46)
2026 5052 2355 5107 Μαλθακοῦ
2406 5054 2617 5123 πυρός.
2669 5051 2816 5106 Talis
2867 5049 3151 5123 estgignis
3193 5048 3376 5118 quicx

1793 5121 1967 5196 paleis
2018 5121 3138 5196 _aut_virgultis;accenditur.“Dicitur
3193 5131 3373 5196 autem

1796 5190 2074 5267 μαλθακὸν
2106 5192 2241 5264 πῦρ,
2280 5190 2347 5267 ad
2382 5194 2740 5267 differentiam
2775 5190 3044 5267 ἀσϐέστου
3075 5190 3266 5261 πυρός,
3304 5192 3373 5243 de

1794 5264 1901 5335 Quo
1932 5280 2095 5333 supra
2116 5264 2309 5335 notavi
2353 5267 2425 5335 ad
2462 5264 2659 5319 librutn
2694 5277 2788 5335 ytt.
2824 5265 3236 5317 Accendebatur
3276 5274 3375 5335 au-

1796 5328 1901 5390 tem
1936 5328 2076 5403 ignis
2111 5334 2201 5388 ille
2241 5348 2308 5388 ex
2350 5334 2665 5403 longinquo,
2693 5331 2768 5386 ita
2794 5341 2853 5387 ut
2902 5328 3374 5404 martyressuﬂ'o-

1792 5400 2051 5461 careniur
2080 5406 2260 5474 potius
2282 5419 2444 5473 quam
2468 5400 2869 5460 cremarentur.
2900 5400 3219 5474 Huiusmodi
3249 5400 3374 5471 igne
3398 5418 3405 5425 ·

1792 5487 2017 5531 necatus
2056 5471 2272 5529 videtur
2299 5471 2525 5528 Pionius
2570 5483 2800 5543 martyr,
2853 5482 2913 5528 ut
2960 5472 3076 5541 ejus
3112 5471 3248 5543 Acta
3294 5480 3374 5523 te-

1792 5556 2030 5600 stantur.
2064 5544 2553 5615 HocisUpplicium
2585 5540 2889 5615 intelligere
2918 5540 3137 5599 videtur
3161 5540 3368 5615 Seneca

1793 5615 1849 5671 in
1900 5616 2039 5669 libro
2089 5630 2148 5668 ιιι
2180 5614 2254 5668 De
2288 5611 2392 5678 ira,
2428 5615 2512 5669 his
2564 5615 2789 5670 verbis:
2839 5611 2908 5668 Et
2936 5613 3252 5668 circumdati
3279 5613 3371 5665 deo

1790 5686 1915 5754 ﬁxis
1952 5685 2255 5754 'rorporr'bgtts
2288 5687 2455 5754 ignes.

1860 5755 1971 5833 (i7)
2001 5752 2334 5833 :Ecxdpaté
2358 5753 2768 5833 :zvgdc._lierte
2793 5753 3021 5833 Ruﬁnus
3059 5755 3369 5809 craticulam

1785 5824 1969 5890 rei-tit,
1994 5824 2199 5879 GIoSsa:
2233 5840 2439 5882 veteres
2471 5828 2679 5898 ἐσχάρα
2710 5827 2999 5882 craticula.
