3876 6506
454 342 559 410 ’Πὶ

1167 354 1436 412 EUSEBII
1471 352 1951 413 CESARIENSIS
1990 352 2144 412 OPP.
2190 354 2372 412 PARS
2410 357 2453 414 1.
2494 384 2566 397 -—
2603 344 3001 412 HISTOIilCA.

3617 352 3718 409 772

455 475 623 550 303
648 476 826 533 minas
851 494 921 535 ne
950 478 1137 533 auditu
1168 478 1388 548 quidem
1415 479 1685 537 sustinere
1708 478 1811 534 sibi
1837 478 1939 549 ipsi
1966 493 2016 534 at

2134 478 2385 545 ἀκοῦσαι,
2413 479 2581 550 ἑαυτῇ
2602 494 2663 532 τε
2685 476 2781 531 καὶ
2804 476 2923 541 ταῖς
2941 475 3131 547 κόραις
3159 472 3710 546 παρακελευσαμένη,

456 568 671 625 ﬁliabus
714 569 798 626 las
826 582 989 626 esset.
1021 571 1102 624 Ad
1138 570 1252 624 haec
1283 570 1517 624 animam
1552 571 1802 626 servituti
1845 580 1901 628 et
1930 570 2031 627 ob-

455 662 647 730 sequio
673 661 980 716 daemonum
1012 662 1346 731 mancipare,
1370 662 1523 716 omni
1555 672 1732 718 morte
1754 663 2031 733 exitioque

453 754 609 824 pejus
634 768 756 809 esse
791 769 914 809 cum
949 754 1202 817 dixisset,
1227 753 1448 807 unicum
1474 755 1739 809 adversus
1775 757 1887 809 lucc
1911 771 2027 809 om-

454 845 545 899 nia
583 845 881 899 remedium
910 858 1031 898 esse
1073 844 1385 911 admonuit,
1417 845 1461 899 si
1515 846 1581 899 ad
1634 860 1789 915 opem
1822 844 2026 900 Christi

453 936 830 1007 confugerent.
865 935 961 991 His
994 936 1177 1000 dictis,
1215 937 1356 992 idem
1390 952 1581 992 omnes
1602 939 1888 993 consilium
1910 953 2028 992 am-

450 1028 652 1098 plexae;
686 1043 808 1082 cum
858 1029 925 1083 ad
974 1029 1210 1084 medium
1249 1029 1465 1084 itineris
1500 1030 1893 1099 pervenissent,
1934 1046 2027 1086 ve-

416 1164 419 1169 .
451 1121 594 1174 niam
622 1134 652 1173 a
678 1119 941 1175 militibus
971 1129 1235 1191 petuntut
1258 1122 1527 1189 tantisper
1548 1122 1614 1176 de
1637 1122 1720 1175 via
1741 1121 2029 1179 deﬂectere

449 1211 552 1266 sibi
597 1209 806 1265 liceret.
842 1210 962 1277 Quo
1004 1212 1319 1279 impetrato,
1355 1212 1674 1280 compositis
1706 1212 1926 1266 honeste
1962 1227 2027 1267 ac

448 1303 704 1358 decenter
739 1303 1011 1367 vestibus,
1051 1303 1104 1357 in
1137 1302 1507 1372 praellueutem
1553 1318 1614 1357 se
1646 1302 1866 1357 ﬂuvium
1900 1319 2026 1358 con-

443 1394 711 1464 iecerunt.
729 1395 797 1449 Et
814 1396 896 1449 ha:
917 1393 1139 1464 quidem
1159 1396 1481 1463 semetipsas
1503 1396 1575 1449 ita
1592 1394 2023 1450 submerserunt.

446 1487 577 1543 Duae
605 1502 736 1543 vero
767 1487 890 1542 alia;
921 1487 1160 1558 virgines
1189 1488 1243 1541 in
1269 1491 1462 1544 eadem
1489 1489 1623 1542 urbe
1646 1489 1843 1542 divina:
1869 1502 2023 1557 pror-

445 1593 539 1635 sus
578 1594 639 1634 ac
665 1594 941 1650 germana:
969 1595 1065 1649 per
1096 1581 1279 1635 omnia
1321 1596 1558 1645 sorores,
1595 1579 1877 1649 splendore
1906 1581 2024 1649 qui-

445 1669 570 1726 dem
599 1671 883 1736 natalium,
911 1671 1129 1741 opibus,
1162 1679 1320 1725 aetate
1356 1682 1408 1726 et
1434 1669 1606 1726 l‘orma
1635 1670 1906 1735 ﬂorentes,
1933 1672 2023 1725 sed

444 1763 713 1834 gravitate
744 1776 980 1827 morum,
1028 1763 1229 1817 mentis
1277 1763 1500 1833 pietate,
1546 1764 1834 1835 studioque
1863 1774 1918 1820 et
1945 1766 2024 1820 in-

2132 570 2269 625 ἀλλὰ
2306 572 2401 626 καὶ
2428 571 2489 625 τδ
2520 569 2809 642 προδοῦναι
2839 568 2939 633 τὰς
2974 568 3154 639 ψυχὰς
3181 571 3247 639 τῇ
3287 565 3397 621 τῶν
3442 567 3712 638 δαιμόνων

2131 663 2365 735 δουλείᾳ,
2396 664 2614 718 πάντων
2644 662 2910 734 ὑπάρχειν
2932 661 3175 716 θανάτων
3203 659 3298 714 καὶ
3320 659 3507 731 πάσης
3535 662 3712 731 χεῖρον

2131 757 2405 821 ἀπωλείας
2438 758 2678 828 φήσασα,
2716 755 2844 826 μίαν
2869 753 3073 808 τούτων
3103 752 3359 807 ἁπάντων
3387 746 3531 806 εἶναι
3561 751 3712 807 λύσιν

2132 850 2436 913 ὑπετίθετο,
2471 849 2570 920 τὴν
2604 849 2699 901 ἐπὶ
2724 847 2814 901 τὸν
2854 846 3056 917 Κύριον
3083 846 3406 916 καταφυγήν
3426 861 3440 874 ο
3476 843 3712 898 κᾶπειτα

2129 938 2264 1010 ὁμοῦ
2291 942 2356 1011 τῇ
2390 938 2584 1013 γνώμῃ
2615 938 2958 1009 συνθέμεναι,
2983 937 3054 990 τά
3082 953 3142 990 τε
3172 934 3403 1007 σώματα
3429 934 3709 1007 περιστεί-

2128 1029 2288 1086 λασαι
2318 1031 2558 1103 κοσμίως
2595 1034 2708 1095 τοῖς
2745 1030 3169 1101 περιϐλήμασιν,
3202 1029 3289 1081 ἐπ’
3332 1028 3507 1098 αὐτῆς
3545 1028 3712 1100 μέσης

2129 1122 2415 1194 γενόμεναι
2453 1123 2549 1195 τῆς
2587 1122 2709 1176 ὁδοῦ
2735 1122 2868 1193 (48),
2907 1121 3079 1197 βραχύ
3110 1139 3163 1175 τι
3193 1123 3320 1185 τοὺς
3353 1121 3607 1191 φύλακας
3636 1125 3711 1187 είς

2130 1214 2478 1285 ἀναχώρησιν
2531 1216 3145 1287 ὑποπαραιτησάμεναι,
3196 1215 3290 1269 ἰπὶ
3326 1217 3710 1288 παραρρέοντα

2130 1306 2374 1377 ποταμὸν
2414 1305 2614 1370 ἑαυτὰς
2661 1306 2971 1376 ἠκόντισαν.
3021 1306 3146 1360 Δῖδε
3193 1304 3294 1377 μὲν
3334 1302 3430 1360 οὖν
3483 1307 3707 1370 ἑαυτάςο

2129 1393 2294 1465 ἀλλην
2321 1394 2365 1447 δ’
2404 1395 2489 1447 ἐπ’
2524 1395 2693 1466 αὐτῆς
2750 1395 3078 1465 Ἀντιοχείας
3108 1395 3376 1468 ξυνωρίδα
3429 1395 3709 1470 παρθένων

2128 1487 2195 1540 τὰ
2227 1488 2403 1541 πάντα
2433 1487 2752 1560 θεοπρεπῶν
2781 1489 2875 1542 καλ⁵
2904 1488 3120 1560 ἀληθῶς
3151 1488 3419 1559 ἀδελφῶν,
3455 1482 3708 1555 ἐπιδόξων

2132 1580 2233 1650 μὲν
2267 1580 2327 1633 τὸ
2352 1580 2527 1648 γένος,
2562 1579 2829 1651 λαμπρῶν
2865 1580 2923 1633 δὲ
2952 1580 3042 1634 τὸν
3082 1579 3216 1650 βίον,
3249 1582 3388 1634 νέων
3420 1582 3549 1645 τοὺς
3583 1581 3707 1653 χρό-

2130 1689 2274 1735 νους,
2315 1672 2530 1743 ὡραίων
2560 1672 2621 1725 τὸ
2660 1672 2842 1743 σῶμα,
2874 1673 3085 1744 σεμνῶν
3113 1672 3212 1744 τὴν
3238 1674 3441 1744 ψυχὴν,
3473 1673 3707 1728 εὐσεϐῶν

2130 1764 2223 1817 τὸν
2256 1766 2477 1836 τρόπον,
2509 1764 2839 1836 θαυμαστῶν
2870 1765 2970 1837 τὴν
3001 1766 3236 1837 σπουδήν
3256 1805 3271 1830 ,
3304 1765 3381 1830 ὡς
3414 1765 3482 1819 ἂν
3519 1765 3592 1837 μὴ
3625 1783 3708 1835 φε-

444 1833 649 1909 dustria
674 1854 940 1909 clariores
974 1870 989 1909 :
1027 1855 1253 1924 perinde
1276 1869 1341 1909 ac
1363 1854 1408 1909 si
1443 1863 1587 1910 terra
1618 1833 1826 1911 tantum
1859 1856 2016 1911 decus

2130 1833 2326 1928 ρούσηξ
2370 1860 2470 1929 τῆς
2513 1833 2631 1929 γῆς-
2654 1858 2725 1911 τὰ
2761 1833 2984 1912 τοιαῦτα
3015 1833 3323 1929 βαστάζειν,
3364 1833 3608 1931 θαλάττη
3637 1833 3707 1931 ρί-

445 1946 593 2002 ferre
614 1962 722 2002 non
749 1957 955 2018 posset,
982 1961 1011 2001 a
1041 1947 1341 2002 cultoribus
1370 1949 1674 2002 daemonum
1702 1949 1865 2018 jussa:
1895 1961 2024 2005 sunt

445 2039 501 2093 in
536 2053 684 2093 mare
715 2038 1068 2109 praecipitari.
1102 2036 1226 2092 Haec
1247 2037 1572 2094 Antiochias.
1608 2039 1714 2094 Sed
1742 2055 1861 2109 qua:
1885 2042 2024 2111 apud

445 2128 674 2187 Pontum
705 2140 855 2202 gesta
877 2140 1027 2197 sunt,
1057 2131 1161 2201 vel;
1190 2132 1306 2201 ipso
1337 2132 1485 2187 dictu
1522 2132 1795 2187 incutiunt
1830 2132 2022 2187 horro-

446 2238 582 2279 rem.
605 2223 740 2279 Aliis
763 2238 1026 2277 manuum
1054 2223 1207 2293 digiti
1236 2238 1266 2278 a
1292 2224 1520 2279 summis
1540 2238 1713 2293 usque
1733 2223 2020 2292 unguibus,

444 2316 620 2371 acutis
665 2314 1023 2371 arundinibus
1073 2315 1561 2386 transﬁgebantur.
1616 2316 1753 2370 Aliis
1801 2316 2022 2385 plumbo

444 2409 586 2479 ignis
629 2409 681 2463 vi
733 2406 1046 2479 liquefacto,
1086 2406 1349 2464 bulliente
1394 2423 1460 2464 ac
1508 2408 1757 2465 fervente
1802 2409 2021 2465 metallo

443 2512 595 2572 terga
626 2501 1022 2569 adurebantur,
1055 2509 1113 2557 et
1155 2501 1401 2571 corporis
1433 2510 1616 2571 partes
1648 2502 1890 2557 maxime
1926 2518 2022 2559 ne-

444 2594 701 2651 cessaria:
723 2592 1094 2651 torrebantur.
1119 2594 1351 2662 Quidam
1388 2594 1443 2648 in
1476 2593 1779 2650 visceribus
1822 2609 1887 2649 ac
1923 2610 2023 2665 pu-

445 2688 637 2744 dendis
664 2688 910 2759 partibus
933 2688 1105 2745 fmdos
1122 2697 1288 2759 atque
1315 2686 1727 2757 inexplicabiles
1748 2688 2020 2746 cruciatus

444 2782 652 2852 absque
684 2780 793 2837 ulla
823 2781 1175 2837 miseratione
1218 2778 1582 2850 pertulerunt,
1622 2789 1784 2850 prout
1809 2780 2023 2837 scilicet

442 2873 693 2944 generosi
724 2873 803 2929 illi
832 2883 887 2929 et
914 2874 1053 2944 aequi
1080 2873 1293 2943 judices
1330 2873 1608 2928 solertiam
1651 2888 1805 2928 suam
1836 2886 2020 2930 osten-

443 2975 643 3031 tantes,
670 2965 826 3037 quasi
859 2966 962 3021 hoc
993 2964 1215 3020 virtutis
1248 2964 1479 3036 alicujus
1509 2980 1574 3021 ac
1612 2967 1911 3035 prudentia:
1933 2983 2021 3024 es-

438 3065 546 3122 set,
574 3056 915 3113 ambitiosius
950 3057 1375 3128 excogitabant;
1409 3058 1564 3113 novis
1599 3058 1841 3129 quotidie
1889 3076 2018 3132 snp-

438 3150 725 3219 pliciorum
771 3150 1034 3216 inventis,
1064 3159 1322 3220 tanquam
1356 3150 1411 3205 in
1447 3150 1745 3206 certamine
1778 3154 2012 3223 quodam

439 3243 494 3297 in
526 3259 633 3313 quo
662 3245 939 3315 proposita
975 3253 1103 3297 sunt
1133 3241 1378 3313 praemia,
1417 3256 1679 3311 superare
1702 3258 1761 3297 se
1790 3244 2019 3299 invicem

438 3335 849 3391 contendentes.
897 3336 1168 3391 Caeterum
1205 3337 1290 3388 ha:
1340 3333 1677 3388 calamitates
1712 3349 1820 3389 non
1872 3336 2022 3404 prius

440 3426 602 3481 linem
632 3438 992 3497 acceperunt,
1021 3443 1182 3497 quam
1211 3425 1428 3494 iudices
1462 3432 1541 3479 tot
1573 3428 1833 3482 aerumnis
1865 3429 2021 3497 quid-

436 3534 601 3589 quam
632 3520 871 3589 adjicere
919 3534 1081 3590 posse
1112 3521 1485 3591 desperantes,
1510 3520 1736 3591 jamque
1783 3520 2021 3576 caedibus

439 3610 595 3675 fessi,
626 3626 749 3665 cum
798 3610 957 3687 ipsos
989 3612 1272 3681 sanguinis
1304 3614 1527 3667 satietas
1557 3626 1622 3665 ac
1664 3610 1879 3666 taedium
1930 3623 2019 3665 ce-

438 3703 627 3772 pisset,
680 3704 745 3757 ad
791 3703 1097 3772 speciosam
1143 3702 1313 3767 illam,
1362 3714 1421 3757 ut
1462 3704 1681 3775 quidem
1733 3703 2015 3774 putabant,

436 3793 782 3849 clementiam
814 3803 981 3862 atque
1004 3795 1403 3849 humanitatem
1437 3810 1495 3850 se
1522 3803 1933 3857 converterunt,
1959 3804 2017 3847 ut

437 3887 771 3958 inposterum
824 3888 973 3941 nulla
1026 3888 1313 3943 adversum
1360 3902 1459 3943 nos
1494 3887 1572 3942 uti
1632 3887 1836 3943 saevitia
1866 3886 2019 3942 vide-

439 3988 649 4034 rentur.
681 3978 868 4048 Neque
892 3980 1039 4034 enim
1080 3979 1164 4034 fas
1196 3995 1318 4035 esse
1345 3980 1584 4044 aiebant,
1617 3989 1676 4034 ut
1707 3980 1869 4034 urbes
1898 3978 2019 4047 qui-

436 4072 557 4127 dem
592 4072 789 4126 civium
823 4072 1090 4143 sanguine
1130 4072 1665 4137 contaminarentur;
1718 4075 2014 4142 imperato-

435 4179 527 4219 res
574 4172 754 4243 autem
811 4163 914 4232 ipsi
962 4178 1090 4234 erga
1144 4178 1338 4219 omnes
1381 4164 1600 4236 benigni
1646 4179 1711 4218 ac
1742 4162 2014 4217 mansueti

434 4256 769 4312 crudelitatis
803 4266 1224 4328 aspergerentur
1260 4258 1485 4313 infamia
1520 4275 1532 4311 :
1566 4256 1660 4311 sed
1709 4255 1889 4325 potius
1924 4256 2017 4308 de-

432 4363 577 4414 cere,
596 4359 655 4403 ut
676 4349 988 4405 humanitas
1012 4360 1066 4405 et
1086 4350 1444 4407 benelicentia
1467 4348 1833 4418 imperatoria
1853 4345 2013 4417 307

432 4440 731 4512 uiajestatis
776 4442 829 4497 in
869 4442 1156 4497 universos
1202 4441 1624 4503 dilfunderetur,
1652 4453 1754 4493 nec
1784 4439 2014 4508 posthac

2127 1966 2280 2002 πτειν
2320 1950 2572 2003 ἐκέλευον
2599 1951 2649 2002 οἱ
2696 1950 2805 2021 τῶν
2838 1951 3104 2021 δαιμόνων
3135 1949 3490 2023 θεραπευταί.
3529 1951 3705 2005 Ταῦτα

2129 2041 2227 2111 μὲν
2255 2037 2346 2095 οὖν
2383 2041 2532 2113 παρὰ
2558 2042 2753 2096 τοῖσδε.
2788 2042 2868 2096 Τὰ
2895 2043 3098 2113 φρικτὰ
3122 2043 3180 2096 δὲ
3216 2044 3410 2107 ἀκοαῖς
3443 2044 3586 2098 κατά
3615 2044 3702 2098 τὸν

2126 2133 2324 2188 Πόντον
2374 2135 2611 2205 ἔπασχον
2656 2135 2852 2207 ἕτεροι,
2890 2136 3155 2208 καλάμοις
3193 2136 3339 2202 ὀξέσι
3374 2141 3497 2192 ταῖν
3531 2141 3701 2209 χεροῖν

2123 2225 2182 2292 ἐξ
2215 2228 2396 2299 άκρων
2427 2228 2631 2299 ὀνύχων
2674 2230 2801 2293 τοὺς
2836 2229 3133 2295 δακτύλους
3159 2231 3587 2304 διαπειρόμενοι,
3613 2234 3702 2286 καὶ

2122 2318 2270 2373 ἄλλοι
2313 2321 2445 2392 πυρὶ
2474 2321 2722 2391 μολίϐδου
2749 2321 3113 2387 διατακέντος,
3143 2323 3462 2398 βρασσούσῃ
3490 2326 3582 2378 καὶ
3608 2341 3699 2378 πε-

2123 2413 2527 2487 πυρακτωμένῃ
2553 2418 2618 2486 τῇ
2647 2413 2746 2487 ὕλῃ
2771 2413 2838 2468 τὰ
2865 2415 3011 2469 νῶτα
3049 2417 3471 2487 καταχεόμενοι,
3518 2418 3609 2470 καὶ
3636 2416 3700 2469 τὰ

2126 2504 2359 2575 μάλιστα
2379 2504 2785 2574 ἀναγκαιότατα
2815 2504 2908 2558 τοῦ
2941 2504 3192 2577 σώματος
3222 2505 3335 2576 (49)
3363 2504 3698 2575 κατοπτιὶῳε-

2122 2613 2233 2650 νοι·
2290 2595 2378 2650 διά
2424 2613 2483 2650 τε
2531 2596 2637 2650 τῶν
2683 2597 3012 2668 ἀπορρήτων
3054 2596 3231 2668 ἕτεροι
3284 2596 3463 2668 μελῶν
3514 2613 3572 2649 τε
3612 2595 3699 2649 καὶ

2123 2686 2445 2758 σπλάγχνων
2475 2687 2706 2760 αἰσχράς
2754 2687 2850 2742 καὶ
2881 2688 3225 2759 ἀσυμπαθεῖς
3275 2690 3372 2742 καὶ
3405 2689 3525 2742 οὐδὲ
3566 2688 3696 2757 λόγῳ

2123 2779 2293 2854 ῥητὰς
2322 2780 2592 2852 ὑπέμενον
2640 2780 2851 2844 πάθας,
2888 2781 2953 2844 ἀς
2985 2783 3033 2834 οἱ
3066 2782 3308 2849 γενναῖοι
3357 2780 3450 2834 καὶ
3490 2779 3696 2851 νόμιμοι

2119 2868 2371 2925 δικασταὶ
2408 2873 2507 2943 τήν
2538 2888 2685 2940 σφων
2720 2870 3151 2943 ἐπιδεικνύμενοι
3177 2871 3491 2943 δεινότητα,
3520 2870 3695 2941 ὥσπερ
3744 2878 3745 2881 “

2119 2963 2241 3019 τινὰ
2273 2962 2466 3032 σοφίας
2498 2963 2697 3035 ἀρετὴν
2738 2962 3145 3034 φιλοτιμότερον
3174 2964 3453 3026 ἐπενόουν,
3482 2963 3566 3016 ἀεὶ
3587 2963 3693 3023 ταῖς

2121 3054 2434 3126 καινότερον
2503 3054 2994 3126 ὲφευρισκομέναις
3053 3053 3291 3119 αἰκίαις,
3353 3053 3592 3126 ὡσπερεὶ
3642 3056 3692 3105 ὲν

2122 3146 2332 3216 ἀγῶνος
2379 3145 2675 3218 βραϐείοις,
2715 3146 2977 3219 ἀλλήλους
3018 3145 3379 3218 ὑπερεξάγειν
3422 3143 3693 3216 διαμιλλώ-

2127 3256 2298 3309 μενοι.
2327 3238 2407 3293 Τά
2429 3239 2473 3294 δ’
2510 3235 2606 3293 οὖν
2633 3238 2742 3293 τῶν
2774 3239 3069 3311 συμφορῶν
3097 3238 3301 3308 ἔσχατα
3345 3238 3457 3309 (50)
3477 3277 3490 3299 ,
3523 3238 3608 3289 ὅτε
3632 3233 3689 3307 δὴ

2123 3329 2307 3384 λοιπὸν
2336 3330 2697 3402 ἀπειρηκότες
2737 3330 2831 3384 ἐπὶ
2857 3334 2924 3402 τῇ
2952 3330 3060 3384 τῶν
3089 3329 3277 3384 κακῶν
3311 3328 3579 3400 ὑπερϐολῇ
3608 3325 3690 3381 καὶ

2124 3424 2260 3495 πρὸς
2315 3423 2375 3476 τὺ
2412 3423 2643 3477 κτείνειν
2693 3422 3103 3493 ἀποκαμόντες,
3143 3422 3462 3494 πλησμονήν
3510 3438 3569 3473 τε
3605 3420 3688 3473 καὶ

2122 3513 2285 3583 κόρον
2313 3516 2413 3584 τῆς
2440 3512 2546 3565 τῶν
2588 3514 2834 3584 αἱμάτων
2864 3512 3140 3583 ὲκχύσεως
3174 3513 3489 3583 ἐσχηκότες,
3522 3510 3608 3564 ἐπὶ
3632 3508 3686 3562 τὸ

2122 3605 2473 3675 νομιζόμενον
2514 3605 2698 3668 αὐτοῖς
2732 3604 2963 3676 χρηστὸν
2999 3603 3094 3657 καὶ
3129 3603 3508 3676 φιλάνθρωπον
3541 3602 3681 3672 ἐτρέ-

2121 3712 2305 3760 ποντο,
2350 3695 2426 3759 ὡς
2472 3696 2637 3767 μηδὲν
2688 3697 2785 3766 μὲν
2827 3695 2906 3748 ἔτι
2953 3695 3129 3748 δοκεῖν
3163 3694 3337 3749 δεινὸν
3381 3693 3499 3747 καθ’
3542 3689 3682 3762 ήμῶν

2122 3790 2614 3861 περιεργάζεσθαι·
2657 3790 2731 3859 μὴ
2771 3788 2879 3859 γὰρ
2914 3788 3178 3859 καθήκειν
3221 3788 3386 3857 φασὶν
3426 3785 3680 3857 ἐμφυλίοις

2119 3885 2313 3955 αἵμασι
2356 3884 2588 3955 μιαίνειν
2629 3883 2728 3946 τὰς
2778 3882 2992 3945 πόλεις,
3041 3880 3164 3952 μηδ’
3214 3881 3301 3933 ἐπ’
3337 3879 3570 3950 ὠμότητι
3592 3875 3678 3945 τήν

2120 3977 2379 4030 ἀνωτάτω
2424 3975 2534 4047 (51)
2579 3974 2882 4029 διαϐάλλειν
2937 3973 3035 4045 τὴν
3074 3973 3182 4026 τῶν
3227 3971 3564 4044 κρατούντων
3591 3969 3680 4039 ἀρα

2119 4065 2240 4137 χὴν,
2291 4066 2496 4135 εὐμενῆ
2538 4067 2652 4127 τοῖς
2698 4066 2861 4116 πᾶσιν
2907 4063 3255 4132 ὑπάρχουσαν
3302 4062 3397 4114 καὶ
3444 4059 3669 4131 πραεῖαν,

2117 4159 2226 4212 δεῖν
2293 4158 2351 4210 δὲ
2407 4157 2607 4228 μᾶλλον
2679 4157 2778 4225 τῆς
2832 4153 3216 4225 φιλανθρώπου
3271 4153 3367 4207 καὶ
3417 4150 3667 4223 βασιλικῆς

2119 4248 2366 4312 ἐξουσίας
2419 4249 2499 4311 είς
2561 4247 2768 4308 πάντας
2818 4243 3152 4297 ὲκτείνεσθαι
3198 4243 3298 4314 τὴν
3350 4239 3668 4314 εὐεργεσίαν,

2121 4341 2317 4412 μηκέτι
2369 4341 2584 4410 θανάτῳ
2629 4337 3061 4409 κολαζομένους·
3115 4336 3373 4390 λελύσθαι
3424 4335 3526 4405 γὰρ
3567 4330 3669 4387 καθ’

2116 4436 2273 4507 ήμῶν
2310 4434 2513 4504 ταύτην
2544 4433 2723 4486 αὐτῶν
2751 4432 2846 4503 τὴν
2875 4431 3168 4502 τιμωρίαν,
3193 4430 3280 4484 διά
3310 4429 3407 4500 τὴν
3432 4428 3533 4481 τῶν
3556 4442 3669 4496 κραο

431 4534 603 4589 nostri
652 4533 869 4605 capitali
902 4534 1180 4603 supplicio
1229 4534 1619 4604 plecterentur.
1658 4529 1865 4598 Quippe
1911 4529 2011 4581 hn-

2125 4526 2349 4580 τούντων
2392 4524 2823 4596 φιλανθρωπίαν.
2869 4521 3181 4594 Τηνικαῦτα
3224 4521 3529 4591 ὀφθαλμοὺς
3568 4516 3668 4581 ἐξο-

425 4627 665 4699 jusmodi
694 4643 857 4698 poma
886 4641 985 4698 per
1018 4627 1413 4695 imperatorum
1459 4623 1848 4693 indulgentiam
1879 4620 2012 4675 libe-

2125 4619 2427 4692 ρύττεσθαι,
2486 4620 2579 4672 καὶ
2638 4622 2750 4671 τοῖν
2812 4615 3023 4670 σκελοῖν
3075 4613 3387 4687 πηροῦσθαι
3449 4612 3667 4681 θάτερον,

430 4729 580 4775 ratos
611 4735 712 4777 nos
763 4735 909 4776 esse.
948 4715 1160 4774 Exinde
1192 4718 1358 4789 igitur
1386 4718 1575 4775 oculos
1619 4715 1823 4770 nostris
1866 4712 2007 4780 erui,

502 4897 616 4973 (‘8)
666 4903 791 4958 Ἐπ’
844 4900 1036 4971 αὐτῆς
1068 4902 1266 4973 μέσης
1328 4901 1641 4970 γενόμεναι
1689 4895 1795 4965 τῆς
1841 4895 2005 4973 ὁδοῦ.

429 4970 638 5040 Duplex
680 4974 872 5028 horum
916 4970 1205 5028 verborum
1252 4986 1449 5026 sensus
1500 4986 1621 5024 esse
1658 4980 1867 5040 poteSt.
1903 4970 2012 5040 Aut

428 5039 930 5114 enimhintelligere
973 5057 1261 5113 possumus
1313 5043 1595 5114 mulieres
1632 5039 1756 5114 illas
1800 5040 1909 5114 jam
1943 5039 2010 5091 ad

430 5111 711 5168 dimidium
742 5108 955 5169 itineris
977 5108 1328 5183 pervenisse,
1362 5108 2013 5183 quomodoNicephorus

430 5184 670 5253 accepit;
724 5196 815 5238 aut
872 5181 1023 5239 certe
1063 5185 1116 5239 in
1169 5182 1347 5238 medio
1382 5181 1493 5238 via:
1538 5181 1772 5253 publica;
1816 5193 2013 5249 aggere

425 5251 759 5311 constitisse.
825 5253 1000 5309 Porro
1070 5256 1135 5309 de
1203 5253 1508 5320 huiusmodi
1573 5251 2011 5307 Christianarum

425 5324 717 5380 mulierum
770 5326 1031 5397 martyrio
1071 5340 1190 5394 quae
1232 5326 1441 5394 seipsas
1475 5322 1696 5397 pudoris
1723 5320 1882 5376 simul
1914 5334 1996 5397 _a_c

426 5397 705 5465 religionis
764 5390 1048 5466 servanda:
1088 5390 1280 5466 jcausa
1319 5390 1752 5466 praecipitarunt
1784 5426 1845 5466 ,Α
1876 5390 1998 5445 vide

426 5461 783 5533 Aug'ustiuuut
816 5469 868 5521 in
900 5461 995 5521 lib.
1028 5482 1043 5520 ι
1074 5465 1150 5520 De
1185 5461 1397 5518 civitate
1429 5463 1549 5526 Dei,
1589 5478 1640 5518 c.
1666 5462 1758 5517 26.
1779 5461 1998 5533 Ἐκειαι

425 5530 729 5591 enectitium
760 5540 949 5592 harum
986 5539 1273 5590 mulierum
1314 5535 1369 5589 in
1402 5545 1545 5589 tomo
1569 5534 1744 5601 primo
1774 5530 1996 5601 Joannis

426 5605 821 5677 Chrysostomi,
872 5609 962 5661 ubi
1005 5617 1178 5660 mater
1223 5605 1508 5677 Domnina,
1563 5600 1686 5677 lilize
1714 5617 1844 5677 vero
1873 5600 1999 5677 Ber-

427 5671 557 5729 ηἰρὲ
571 5688 624 5729 et
650 5671 926 5732 Prosdoce
968 5680 1240 5731 dicuntur.
1290 5676 1487 5728 Earum
1539 5674 1774 5728 natalem
1806 5671 1999 5725 Antio-

428 5748 588 5801 cheni
614 5750 967 5802 celebrabant
994 5747 1085 5800 die
1116 5760 1185 5799 xx
1221 5755 1344 5814 post
1381 5745 1576 5800 festum
1616 5744 1830 5814 Sancta:
1859 5740 1998 5795 Cru-

427 5820 527 5883 cis,
554 5830 610 5873 ut
642 5819 696 5873 in
725 5820 839 5888 ipso
889 5818 1150 5874 orationis
1184 5812 1408 5873 cson-dio
1453 5816 1645 5872 scribit
1676 5812 2000 5884 Chrysosto-

2117 4712 2515 4786 προσετάττετο
2543 4710 2677 4783 (52).
2714 4709 2899 4764 Ταῦτα
2944 4708 3053 4779 γὰρ
3088 4704 3157 4779 ἦν
3200 4708 3388 4769 αὐτοῖς
3414 4705 3478 4759 τὰ
3504 4702 3666 4773 φιλάν-

2111 4909 2255 4950 mus.
2318 4892 2553 4948 Proinde
2600 4887 2771 4963 Graeci
2835 4884 3661 4963 natalemAillarummulieruiu

2109 4965 2455 5019 contulerunt
2486 4964 2541 5017 in
2600 4962 2748 5015 diem
2802 4975 2858 5015 ιν
2890 4959 3164 5024 Octobris,
3200 4971 3257 5013 ut
3304 4959 3486 5012 videre
3510 4964 3585 5010 est
3615 4959 3660 5005 in

2111 5034 2437 5089 Menolonio.

2183 5053 2437 5177 223308;};
2474 5103 2914 5177 ἀναγκαιότατα
2959 5098 3067 5177 τ’οῇ
3112 5096 3417 5177 σώματοςῖ
3460 5092 3662 5177 [iugi-ius

2111 5164 2389 5245 eleganter
2444 5164 2612 5229 vertit
2642 5193 2654 5228 :
2689 5173 2863 5240 Usque
2900 5174 2982 5245 Aad
3007 5172 3158 5245 _loca_
3199 5164 3661 5245 pudenda‘quilms

2113 5235 2376 5300 nat'itralis
2408 5246 2600 5315 egeslio
2627 5235 2909 5315 procurari
2937 5241 3091 5295 solet.
3124 5235 3270 5295 Sane
3312 5235 3658 5315 Grmcidvdr-

2101 5334 2204 5388 κην
2240 5308 2458 5370 νοοειιι(
2479 5331 2599 5370 eam
2627 5308 2896 5384 'corporis
2927 5320 3162 5381 partem,
3197 5325 3363 5380 quam
3391 5308 3552 5379 pudor
3572 5322 3659 5358 no-

2106 5388 2302 5441 minari
2336 5395 2505 5440 vetat.

2168 5457 2282 5530 (50)
2334 5459 2409 5510 Τὼ
2453 5449 2655 5530 δ’ᾼοᾼῦκ
2696 5452 2814 5509 τῶν
2864 5449 3194 5530 (ξυμφορῶν
3232 5451 3485 5530 ἔσχατα.
3522 5443 3654 5499 lluuc

2095 5522 2275 5584 locum
2313 5542 2416 5579 non
2454 5526 2746 5580 infeliciter
2772 5525 3003 5579 vertisse
3035 5523 3166 5576 mihi
3195 5522 3405 5576 videor.

2167 5580 2282 5670 (ἐι)
2324 5597 2443 5666 Τὴν
2476 5594 2773 5670 ἀνωτάτω..
2805 5595 2860 5670 lu
2890 5593 3057 5670 codd.
3119 5591 3425 5670 died.,Maz.
3459 5596 3508 5670 et
3533 5580 3649 5670 [inli-

2098 5654 2362 5739 sccipt'um
2385 5654 2645 5739 imperi:
2676 5665 2764 5739 ἐπ’
2794 5664 3040 5739 ὠμότητι
3083 5665 3152 5736 τῇ
3179 5654 3433 5718 ἀνωτάτω
3457 5654 3651 5709 διαϐἀλ·

2099 5736 2223 5796 λειν
2242 5739 2339 5809 τὴν
2366 5736 2850 5809 τῶνίκρατούντω]
2890 5736 3089 5809 ᾁρχήν.
3120 5803 3154 5809 __
3337 5803 3348 5809 _
3532 5804 3541 5809 _
3609 5790 3617 5800 ,

2170 5803 2770 5885 (³ί2)’[1ροσετᾶττετο.
2806 5803 3039 5864 Βυίίιιυέ
3067 5803 3305 5885 edictum
3335 5803 3647 5873 imperatqm
