3876 6478
187 346 265 400 773
568 328 573 333 '
1113 303 1466 401 Ἠιετοιιῐλε
1503 343 1677 402 ECCL

1787 345 2057 403 ASTICE
2096 346 2224 404 LIB.
2266 349 2400 409 VIII.
3264 358 3369 413 πει

178 463 354 534 θρωπα,
381 461 471 515 καὶ
497 460 606 514 τῶν
633 459 753 515 καθ’
782 462 816 531 ἡ
826 459 942 532 μῶν
974 461 1252 533 τιμωριῶν
1276 461 1344 515 τὰ
1372 463 1676 531 κουφότατα

1802 475 1857 518 et
1905 466 2130 520 alterum
2165 482 2230 522 ex
2273 468 2519 524 cruribus
2570 468 2842 525 debilitari
2879 479 3207 542 praeceptum
3257 484 3364 528 est.

175 555 287 608 ὥστε
316 553 407 625 ήδη
438 550 637 624 ταύτης
678 554 840 606 ἕνεκα
878 555 976 624 τῆς
1005 553 1113 607 τῶν
1150 552 1360 608 ἀσεϐῶν
1394 552 1680 624 φιλανθρω-

1800 554 2115 625 Hujusmodi
2157 559 2300 614 enim
2352 560 2456 615 fuit
2489 561 2701 617 illorum
2746 563 3091 628 humanitas;
3142 564 3246 620 hoc
3285 564 3368 620 le-

173 647 296 711 πίις,
337 645 505 698 οὐκέτ’
535 642 674 699 εἶναι
726 645 952 698 δυνατὸν
989 645 1221 710 ἐξειπεῖν
1260 645 1322 699 τὸ
1356 643 1556 715 πλῆθος
1590 644 1680 697 τῶι

1799 649 2080 704 uissimum
2106 651 2353 720 supplicii
2387 668 2558 722 genus
2578 655 2839 709 adversus
2863 670 2965 710 nos
2990 656 3187 710 visum.
3214 657 3366 713 Adeo

173 735 287 805 ὑπὲρ
318 734 490 787 ’πάντα
534 734 712 802 λόγον,
745 736 872 796 τοὺς
915 735 1012 804 μὲν
1047 733 1251 798 δεξιοὺς
1280 733 1587 805 ὀφθαλμοὺς
1616 734 1680 801 ξίι

1800 748 1856 791 ut
1883 751 2100 809 propter
2121 742 2257 797 hanc
2277 743 2565 812 impiorum
2590 744 2871 798 hominum
2896 745 3365 810 lenitatetn,nullo

170 844 241 896 φει
274 827 519 898 πρότερον
544 825 984 896 ἐκκοπτομένων,
1026 827 1120 879 καὶ
1152 823 1286 896 μετὰ
1310 826 1406 897 τὴν
1440 825 1680 897 ἐκκέντη-

1792 829 1902 898 jam
1954 833 2113 887 modo
2167 836 2438 888 recenseri
2478 826 2646 906 possit
2678 851 2961 902 numerus,
3016 848 3127 893 tum
3173 854 3364 895 eorum

170 936 237 971 σιν
271 918 476 979 τούτους
519 918 653 988 πυρὶ
688 914 1222 988 καυτηριαζομὲνων,
1267 918 1393 980 τοὺς
1424 918 1481 970 δὲ
1514 916 1680 981 λαιοὺς

1796 922 1993 989 quibus
2035 923 2180 978 oculi
2219 924 2392 978 dextri
2444 928 2677 996 primum
2722 927 2934 995 quidem
2962 927 3124 989 .ferro
3156 928 3363 995 eﬂossi,

168 1012 305 1072 πόδας
339 1008 472 1062 κατὰ
498 1008 605 1062 τῶν
633 1009 886 1077 ἀγκυλῶν
924 1005 1081 1074 αὖθις
1120 1010 1416 1080 καυτῆρσιν
1443 1010 1693 1080 ἀχρειου-

167 1102 329 1171 μένων,
361 1102 492 1171 μετά
528 1118 586 1154 τε
626 1101 799 1154 ταῦτα
842 1103 956 1165 τοῖς
1005 1101 1128 1155 κατ’
1178 1102 1445 1173 ἐπαρχίαν
1488 1099 1691 1171 χαλκοῦ

167 1191 409 1263 μετάλλοις
448 1192 547 1263 οὐχ
581 1193 880 1264 ὑπηρεσίας
927 1192 1198 1255 τοσοῦτον,
1238 1193 1359 1246 ὅσον
1400 1192 1693 1257 κακώσεως

164 1280 237 1332 καὶ
287 1279 645 1350 ταλαιπωρίας
701 1281 886 1334 ἕνεκεν
956 1281 1499 1352 καταδικαζομένων,
1556 1282 1692 1355 πρὸς

165 1370 301 1423 ἅπασί
338 1387 392 1424 τε
434 1370 645 1435 τούτοις
693 1372 867 1426 ἄλλων
917 1372 1097 1437 ἄλλοις
1144 1372 1372 1442 ἀγῶσιν,
1416 1373 1509 1437 οὒς
1557 1375 1692 1446 μηδὲ

162 1461 436 1530 καταλέγειν
463 1462 686 1515 δυνατόν
709 1480 723 1493 ·
755 1465 879 1535 νικᾷ
920 1465 1028 1534 γὰρ
1060 1464 1235 1519 πάντα
1282 1465 1437 1535 λόγον
1465 1466 1531 1521 τὰ
1571 1468 1689 1521 κατ’

161 1552 323 1615 αὐτοὺς
366 1553 855 1625 ἀνδραγαθήματαο
911 1559 1423 1627 περιπεπτωκότων.
1486 1560 1575 1613 Ἐν
1625 1559 1688 1631 δὴ

161 1640 330 1704 τούτοις
356 1642 464 1712 (55)
506 1643 592 1711 ἐφ’
630 1644 888 1715 ὅλης-τῆς
932 1646 1256 1718 οἰκουμένης
1293 1647 1689 1719 διαλάμψαντες

160 1732 196 1783 oi
227 1732 643 1802 μεγαλοπρεπεῖς
677 1734 770 1788 τοῦ
812 1737 1047 1807 Χριστοῦ
1097 1739 1391 1809 μάρτυρες,
1432 1741 1559 1804 τοὺς
1590 1741 1687 1811 μὲν

1797 1013 1996 1067 deinde
2024 1029 2154 1068 vero
2176 1017 2419 1070 cauterio
2447 1017 2624 1072 adusti
2654 1027 2779 1072 sunt
2805 1036 2821 1073 :
2852 1028 2962 1072 tum
2995 1019 3212 1074 illorum
3238 1021 3364 1088 qui-

1795 1101 1898 1156 bus
1934 1104 2139 1159 sinistri
2178 1105 2405 1174 poplites
2432 1107 2701 1162 candente
2732 1107 2881 1164 ferro
2913 1121 3042 1165 sunt
3069 1111 3358 1175 debilitati,

1794 1203 1849 1249 et
1895 1195 1986 1263 qui
2045 1205 2229 1263 postea
2277 1199 2345 1251 ad
2392 1197 2516 1252 aeris
2567 1198 2785 1253 metalla
2823 1214 2943 1269 quas
2984 1201 3039 1254 in
3082 1202 3362 1269 provincia

1793 1298 1968 1352 erant,
2019 1302 2123 1340 non
2169 1296 2280 1341 tam
2334 1287 2512 1357 operis
2563 1288 2798 1344 faciendi
2851 1306 3014 1360 quam
3059 1293 3362 1348 vexationis

1793 1393 1955 1433 causa
1989 1378 2534 1434 condemnabantur:
2574 1381 2801 1436 aliorum
2831 1382 3068 1452 denique
3087 1384 3179 1452 qui
3206 1384 3358 1438 varia

1792 1470 1995 1524 viritim
2044 1469 2244 1538 singuli
2296 1475 2594 1528 certamina
2630 1475 2935 1530 subierunt.
2976 1475 3104 1542 Qum
3131 1476 3353 1544 quidem

1790 1578 1889 1616 nos
1914 1578 2014 1618 nec
2036 1578 2354 1618 enumerare
2383 1563 2694 1628 suliicimus.
2722 1568 2918 1634 quippe
2942 1580 3062 1619 cmn
3092 1566 3357 1635 praeclara

1788 1650 2001 1709 illorum
2043 1654 2291 1709 facinora
2335 1670 2547 1710 omnem
2581 1656 2793 1709 dicendi
2826 1657 3037 1724 copiam
3074 1666 3352 1725 superent.

1788 1743 1844 1797 lu
1870 1744 1954 1797 his
1976 1758 2105 1812 ergo
2132 1745 2494 1799 certaminum
2540 1746 2970 1809 discriminibus,
3000 1762 3100 1816 per
3131 1749 3355 1801 univer-

157 1825 428 1895 ἁπανταχοῦ
459 1830 557 1898 τῇς
578 1828 824 1900 ἀνδρείας
836 1830 1014 1883 αὐτῶν
1041 1832 1283 1895 ἐπόπτας
1307 1834 1528 1897 εἰκότως
1560 1852 1680 1889 κατ-

1792 1850 1909 1887 sum
1960 1838 2147 1889 orbem
2196 1835 2486 1889 maximam
2530 1836 2759 1905 gloriam
2804 1837 2988 1903 adepti
3033 1837 3356 1892 nobilissimi

162 1914 438 1989 ἐπλήξαντο,
514 1923 614 1992 τῆς
661 1920 719 1974 δὲ
756 1919 851 1974 τοῦ
902 1923 1151 1994 Σωτῆρος
1201 1923 1358 1994 ἡμῶν
1412 1924 1563 1989 Θείας
1614 1926 1680 1991 ὡς

1795 1934 2088 1992 martyres,
2115 1933 2171 1977 et
2204 1933 2432 1978 cunctos
2459 1934 2789 1994 spectatores
2819 1925 3179 1980 admiratione
3200 1926 3357 1980 forti-

160 2008 336 2078 ἀληθῶς
375 2012 465 2065 καὶ
512 2014 826 2085 ἀπορρήτου
875 2014 983 2085 (54)
1028 2015 1306 2086 δυνάμεως
1351 2017 1568 2087 ἐμφανῆ
1620 2019 1680 2071 δι¹

1794 2012 1995 2067 tudinis
2026 2027 2138 2067 suae
2173 2012 2369 2067 merito
2399 2013 2744 2081 perculerunt
2777 2030 2791 2067 :
2819 2024 2875 2069 et
2904 2014 3101 2068 divina:
3135 2030 3356 2084 prorsus

161 2102 331 2157 ἐαυτῶν
363 2104 428 2159 τὰ
476 2106 749 2176 τεκμήρια
796 2107 1225 2177 παρεστήσαντο.
1272 2106 1534 2161 Ἐκάστου
1589 2109 1680 2179 μὲν

1790 2116 1950 2174 atque
1974 2104 2376 2177 inexplicabilis
2416 2105 2728 2160 Servatoris
2755 2106 2925 2159 nostri
2960 2107 3214 2173 potentia:
3242 2107 3356 2161 evi-

160 2193 231 2253 οὖν
254 2199 327 2252 ἐπ’
364 2199 625 2269 ὀνόματος
654 2199 1034 2272 μνημονεύειν,
1064 2201 1270 2273 μακρὸν
1322 2200 1388 2255 ἂν
1414 2202 1520 2273 είη,
1554 2204 1680 2275 μήτε

1788 2193 2105 2249 dentissima
2132 2195 2184 2249 in
2204 2194 2511 2264 semetipsis
2538 2195 2884 2249 exhibuerint
2904 2194 3213 2253 iudicia.Ac
3243 2196 3355 2250 sin-

156 2306 209 2357 γε
232 2288 324 2342 τῶν
349 2289 640 2346 ἀδυνάτων.

631 2452 1023 2505 ΚΕΦΛΛΑΙΟΝ
1073 2453 1167 2507 ll".

161 2541 269 2608 Περὶ
292 2542 399 2614 τῶζ
426 2541 537 2610 τῆς
580 2543 935 2611 Ἐκκλησιας
963 2543 1281 2614 προέδρων,
1307 2541 1423 2614 τῶν
1446 2544 1511 2614 τὸ
1546 2544 1686 2614 γνή-

136 2658 139 2662 ⁴
215 2628 332 2684 ator
365 2608 436 2682 ἧς
479 2608 851 2684 ἐπρέσϐευον
881 2608 1190 2684 εὐσεϐείας
1237 2612 1335 2684 διὰ
1375 2612 1480 2668 τοῦ
1512 2608 1686 2684 σφωιν

218 2681 441 2749 αἵματος
466 2681 1104 2755 ἐπιδεδειγμένωνωιο.
1141 2687 1210 2741 Η.
1243 2681 1310 2738 Ε.
1342 2699 1438 2752 vu,
1464 2681 1573 2755 l6).

1787 2285 1940 2353 gulos
1977 2285 2196 2354 quidem
2224 2286 2541 2339 nominatim
2578 2299 3009 2341 commemorare
3041 2285 3256 2356 longum
3285 2300 3349 2342 ac

1784 2375 1996 2431 dillicile
2023 2375 2204 2443 fuerit,
2233 2392 2298 2432 ne
2328 2376 2505 2431 dicam
2537 2391 2761 2445 prorsus
2789 2375 3188 2445 inexplicabile.

2365 2467 2593 2524 CAPUT
2635 2467 2773 2524 Xlll.

1782 2558 1859 2614 De
1883 2559 2194 2629 praesidibus
2220 2558 2597 2624 Ecclesiarum,
2622 2560 2713 2628 qui
2737 2558 3008 2628 religionis
3022 2573 3186 2629 quam
3210 2571 3350 2624 pm-

1849 2628 2117 2696 dicabant,
2136 2630 2484 2684 sinceritatem
2504 2630 2620 2696 fuso
2640 2632 2891 2699 sanguine
2913 2628 3275 2681 declararunt.

213 2772 314 2828 Τῶν
339 2774 392 2828 δέ
425 2776 566 2830 κατὰ
608 2775 708 2840 τὰς
740 2776 1039 2847 ἐπισήμους
1080 2776 1265 2839 πόλεις
1302 2777 1680 2849 μαρτυρησάν-

1854 2787 1934 2841 Ex
1959 2786 2279 2856 praesidibus
2304 2794 2480 2839 autem
2516 2783 2876 2839 Ecclesiarum
2904 2782 2993 2850 qui
3026 2782 3079 2835 in
3110 2781 3351 2835 celeber-

160 2880 243 2916 των
274 2866 726 2937 ἐκκλησιαστικῶν
763 2870 1055 2940 ἀρχόντων,
1088 2869 1302 2939 πρῶτος
1330 2871 1461 2940 ἡμῖν
1493 2872 1552 2923 ἐν
1587 2870 1679 2924 εὐ-

162 2957 300 3011 σεϐῶν
330 2960 540 3030 στήλαις
582 2959 695 3030 (55)
745 2963 843 3031 τῆς
884 2958 1116 3031 Χριστοῦ
1164 2959 1438 3029 βασιλείας
1485 2962 1682 3031 ἀναγο-

160 3049 362 3117 μυέσθω
382 3051 610 3123 μάρτυς,
639 3051 932 3115 ἐπίσκοπος
955 3052 1054 3122 τῆς
1074 3051 1425 3124 Νικομηδέων
1448 3052 1675 3116 πόλεως,

156 3138 237 3208 τὴν
260 3142 482 3214 κεφαλὴν
519 3142 872 3213 ἀποτμηθεὶς,
904 3141 1181 3213 Ἀνθιμος.
1213 3143 1330 3195 Τῶν
1357 3143 1402 3196 δ’
1431 3143 1525 3196 ἀπ’
1559 3143 1679 3195 Ἀν-

157 3233 354 3302 τιοχείας
374 3234 481 3305 (56)
514 3235 804 3307 μαρτύρων
830 3234 920 3287 τὸν
948 3236 1124 3289 πάντα
1158 3235 1268 3306 βίον
1298 3237 1517 3306 ἄριστος
1544 3253 1679 3306 πρε-

156 3320 375 3395 ώύτερος
423 3326 523 3396 τῆς
572 3324 758 3380 αὐτόθι
802 3325 1089 3396 παροικίας
1143 3325 1456 3390 Λουκιανὸς,
1505 3327 1563 3379 ἐν
1610 3328 1677 3397 τῇ

156 3410 447 3488 Νικομηδείᾳ
487 3415 581 3469 καὶ
625 3416 807 3481 αὐτὸς,
857 3415 1117 3487 βασιλέως
1157 3415 1534 3488 ἐπιπαρόντος,
1578 3414 1681 3486 τὴν

154 3502 368 3571 οὐράνιον
411 3505 503 3558 τοῦ
540 3503 776 3575 Χριστοῦ
825 3504 1096 3576 βασιλείαν
1133 3503 1274 3576 λόγῳ
1307 3504 1570 3577 πρότερον
1609 3501 1678 3558 δι’

156 3593 426 3663 ἀπολογίας,
464 3592 581 3650 εἶτα
611 3597 670 3650 δὲ
704 3597 798 3651 καὶ
832 3596 1011 3669 ἔργοις
1059 3597 1424 3671 ἀνακηρύξας.
1473 3598 1592 3652 Τῶν
1631 3597 1678 3653 δ’

157 3684 231 3735 ἐπὶ
257 3687 486 3760 Φοινίκης
517 3688 809 3761 μαρτύρων
839 3689 1062 3757 γένοιντ’
1091 3688 1155 3742 ἂν
1188 3690 1574 3760 ἐπισημότατοι
1611 3687 1680 3743 τὰ

156 3776 306 3832 πάντα
346 3778 602 3849 θεοφιλεῖς
644 3780 752 3833 τῶν
792 3780 1022 3849 λογικῶν
1070 3780 1305 3850 Χριστοῦ
1351 3780 1680 3852 θρεμμάτων

156 3870 393 3939 ποιμένες,
421 3872 732 3944 Τυραννίων
756 3872 1051 3936 ἐπίσκοπος
1073 3872 1170 3943 τῆς
1193 3872 1331 3925 κατὰ
1353 3871 1525 3945 Τύρον
1560 3873 1681 3925 Ἐκ-

155 3958 367 4031 κλησίας,
396 3964 763 4036 πρεσϐύτερος
788 3980 846 4016 τε
875 3963 973 4033 τῆς
1000 3963 1139 4017 κατὰ
1171 3964 1373 4018 Σιδῶνα
1404 3964 1675 4035 Ζηνόϐιος,

156 4051 235 4105 καὶ
264 4053 331 4107 ἔτι
373 4056 623 4120 Σιλϐανὸς
655 4055 762 4109 τῶν
790 4056 930 4126 ἀμφὶ
960 4055 1057 4127 τὴν
1100 4057 1332 4127 Ἔμισαν
1378 4055 1678 4127 ἐκκλησιῶν

156 4144 428 4212 ἐπίσκοπος.
474 4149 614 4203 Ἀλλ’
658 4141 812 4211 οὗτος
858 4147 956 4218 μὲν
999 4148 1201 4219 θηρίων
1240 4149 1371 4220 βορὰ
1414 4148 1530 4219 μεθ’
1563 4148 1680 4202 ἐτέ-

156 4251 248 4305 ρων
277 4242 352 4293 ἐπ’
390 4244 555 4313 αὐτῆς
605 4242 832 4312 Ἐμίσης
864 4242 1168 4312 γενόμενος,
1201 4245 1377 4312 χοροῖς
1405 4241 1675 4313 ἀνελήφθη

158 4334 426 4408 μαρτύρων,
458 4337 567 4391 τῶν
614 4337 660 4391 δ’
713 4338 798 4390 ἐπ’
861 4336 1183 4406 Ἀντιοχείας
1229 4337 1393 4406 ἄμφω
1444 4336 1534 4389 τὸν
1582 4334 1677 4387 τοῦ

155 4422 266 4477 Θεοῦ
298 4427 440 4496 λόγον
480 4429 569 4483 διὰ
610 4430 711 4500 τῆς
742 4430 820 4492 είς
861 4428 1086 4482 θάνατον
1120 4429 1391 4500 ὑπομονῆς
1432 4427 1681 4493 ἐδοξασά-

152 4530 251 4586 την,
275 4521 298 4571 ὁ
318 4522 405 4591 μὲν
429 4521 734 4584 θαλαττίοις
757 4520 1079 4591 παραδοθεὶς
1109 4519 1289 4591 βυθοῖς
1312 4524 1339 4573 ὁ
1363 4521 1678 4585 ἐπίσκοπος,

152 4606 177 4656 ὁ
201 4608 247 4661 δὲ
281 4613 462 4684 ἰατρῶν
493 4615 716 4685 ἄριστος
745 4612 997 4683 Ζηνὸϐιος
1036 4616 1154 4676 ταῖς
1197 4613 1335 4666 κατὰ
1376 4612 1483 4665 τῶν
1514 4612 1679 4665 πλευ-

153 4698 245 4768 ρῶν
271 4696 612 4769 ἐπιτεθείσαις
641 4703 790 4774 αὑτῷ
818 4704 1098 4776 καρτερῶς
1128 4703 1469 4758 ἐναποθανὼν
1511 4702 1678 4774 βασά-

148 4804 257 4854 mc.
287 4794 395 4849 Τῶν
441 4796 484 4852 δ’
518 4797 611 4850 ἐπὶ
658 4796 1017 4868 Παλαιστίνης
1065 4798 1357 4870 μαρτύρων
1398 4798 1679 4865 Σιλϐανὸς,

152 4980 445 5046 propositum
471 4996 595 5037 esse
624 4980 832 5047 scribit,
867 4994 973 5048 quo
1003 4976 1309 5047 ltujusmodi
1345 4973 1672 5048 supplicium

151 5048 372 5104 adversus
438 5052 776 5107 Christianos
868 5050 1123 5116 deinceps
1200 5047 1670 5116 praescriberetnr.

150 5115 278 5182 Quod
299 5131 461 5174 tamen
487 5136 674 5175 verum
706 5135 811 5174 non
845 5128 996 5188 puto.
1025 5114 1124 5185 Ipsi
1149 5114 1290 5188 enim
1322 5114 1674 5188 magistratus

150 5191 356 5256 superati
408 5183 859 5245 Christianorum'
886 5183 1215 5252 constantia,
1267 5185 1334 5239 ad
1367 5187 1419 5239 id
1456 5183 1671 5237 tandem

148 5269 231 5309 sua
256 5269 429 5326 sponte
464 5260 716 5314 conversi
751 5269 897 5313 sunt.

210 5321 304 5395 (55')
340 5331 435 5384 Ἐν
463 5330 538 5399 δὴ
572 5329 826 5394 τούτοις,
850 5326 1041 5399 supple
1073 5323 1269 5399 ιῐιγῶσιἶ
1301 5324 1375 5377 De
1403 5323 1502 5399 _ltis
1527 5321 1669 5375 enim

148 5392 327 5454 loculus
352 5408 432 5454 est
452 5392 612 5469 paulo
645 5392 831 5468 supra.
872 5392 1672 5469 PessimeEttristophorsonus

150 5471 288 5543 )trtit
311 5471 386 5524 his
411 5466 752 5541 temporibus,
781 5478 836 5522 et
868 5468 937 5521 ab
970 5468 1051 5521 his
1078 5466 1261 5521 verbis
1288 5477 1484 5519 novum
1512 5469 1675 5529 caput

152 5541 406 5595 inchoavit.

212 5605 304 5676 (5i)
367 5609 787 5679 Ἀπορῤήτουη
827 5606 1095 5679 Po_situm_
1143 5616 1264 5679 esse
1320 5602 1527 5655 videtur
1579 5614 1679 5669 pro

148 5673 373 5747 ἀρρήτου,
429 5673 699 5750 quomodo
751 5677 1016 5732 Eusebius
1085 5675 1356 5750 interdum
1421 5683 1680 5735 usurpare

149 5751 281 5802 solet.
305 5750 355 5805 Si
384 5747 502 5816 quis
531 5763 710 5806 tamen
749 5763 999 5803 arcanam
1030 5747 1159 5800 velit
1189 5752 1422 5808 vertere,
1471 5755 1566 5811 per
1594 5754 1680 5796 tne

1783 2875 1935 2932 rimis
1971 2877 2194 2941 urbibus
2222 2876 2538 2947 martyrium
2587 2873 2828 2943 perpessi
2868 2882 3014 2937 sunt,
3052 2872 3261 2941 primus
3290 2869 3344 2923 in

1781 2968 1993 3037 piorum
2024 2966 2218 3020 tabulis
2257 2980 2286 3018 a
2324 2965 2480 3019 nobis
2527 2964 2838 3017 nominetur
2873 2955 3346 3017 Antbiiuus,Nic0-

1782 3059 2076 3115 mediensis
2129 3060 2438 3127 episcOpus,
2488 3056 2641 3109 testis
2681 3054 2826 3122 regni
2873 3051 2997 3106 Jesu
3032 3050 3257 3115 Christi,
3292 3050 3347 3102 in

1780 3154 1966 3210 eadem
2000 3135 2133 3207 urbe
2173 3152 2350 3221 capite
2385 3158 2683 3203 truncatus.
2714 3146 2791 3199 Ex
2840 3142 3191 3198 Auli0clletlis
3220 3155 3348 3195 vero

1780 3243 2110 3314 martyribus
2134 3238 2680 3309 Lucianus,ejusdem
2726 3236 2979 3290 Ecclesia:
3019 3234 3306 3302 presbyter
3330 3271 3345 3295 ,

1781 3336 1863 3390 vir
1891 3335 1942 3389 in
1970 3334 2117 3388 omni
2166 3335 2277 3387 vita
2314 3333 2710 3387 sanctissimus.
2746 3329 2847 3396 Qui
2881 3326 3104 3382 caeleste
3137 3323 3343 3379 Christi

1782 3443 2004 3496 regnum
2037 3426 2267 3496 primum
2300 3425 2479 3479 verbis
2514 3432 2569 3477 et
2591 3422 2839 3477 oratione
2882 3416 3214 3488 apologetica
3252 3413 3348 3467 Ni-

1779 3519 2035 3575 comedia:
2090 3526 2357 3588 prasente
2404 3517 2521 3584 ipso
2566 3517 2930 3583 imperatore,
2987 3518 3169 3579 postea
3218 3520 3349 3561 vero

1780 3610 1942 3664 etiam
1972 3608 2132 3662 rebus
2180 3607 2331 3675 ipsis,
2387 3606 2642 3660 asseruit.
2691 3602 2825 3659 Jam-
2845 3616 2972 3654 vero
3020 3598 3257 3652 omnium
3291 3597 3347 3650 in

1779 3696 2033 3753 Pbmnice
2060 3708 2354 3767 martyrum
2382 3693 2705 3749 nobilissimi
2730 3693 2944 3760 Deoque
2965 3689 3171 3756 accepti
3200 3701 3348 3739 mar-

1783 3801 1949 3863 tyres,
1996 3789 2291 3843 Christiani
2325 3787 2504 3856 gregis
2550 3795 2797 3855 pastores
2848 3782 3022 3844 fuere,
3071 3778 3349 3849 Tyrannio

1780 3883 2040 3937 Ecclesite
2056 3879 2131 3951 Ty
2144 3880 2342 3934 riorum
2369 3879 2673 3947 episcopus,
2700 3887 2755 3930 et
2777 3874 3045 3929 Zenobius
3073 3870 3351 3942 presbyter

1781 3975 1920 4044 apud
1960 3973 2125 4043 308
2175 3973 2431 4026 Sidoncm
2469 3988 2481 4023 :
2520 3969 2770 4024 Silvanus
2820 3978 3038 4037 quoque
3085 3962 3350 4017 Emisente

1784 4066 2008 4120 antistes
2057 4062 2331 4117 Ecclesiae.
2384 4059 2490 4116 Sed
2543 4060 2632 4115 hic
2678 4059 2895 4128 quidem
2942 4052 2995 4110 iii
3050 4056 3163 4123 ipsa
3220 4053 3350 4107 urbe

1782 4156 1975 4210 Emesa
2006 4153 2134 4207 feris
2171 4152 2416 4220 objeclus
2447 4163 2551 4202 una
2596 4164 2718 4203 cum
2755 4147 2877 4200 aliis
2905 4145 3247 4214 quibusdam,
3292 4143 3348 4195 in

1781 4257 2081 4318 martyrum
2114 4243 2314 4298 relatus
2342 4252 2425 4297 est
2448 4254 2757 4295 numerum.
2783 4238 2860 4291 llli
2883 4252 3008 4291 vero
3027 4234 3347 4299 Antiochite,

1781 4339 2090 4395 doctrinam
2126 4350 2266 4389 vera:
2295 4334 2418 4388 ﬁdei
2450 4328 2888 4387 constantissima
2921 4329 2974 4380 ln
3012 4324 3350 4405 perferendis

1782 4434 1849 4488 ad
1875 4440 2100 4485 mortem
2129 4442 2299 4496 usque
2331 4424 2613 4480 tormentis
2640 4422 2903 4492 patientia
2927 4418 3085 4472 ambo
3110 4417 3351 4471 illustra-

1781 4535 1958 4578 runt:
1994 4517 2271 4587 Tyrannio
2311 4514 2528 4584 quidem
2580 4512 2633 4566 in
2694 4508 3025 4579 profundum
3068 4519 3221 4557 mare
3252 4503 3350 4555 dou

1786 4624 1999 4668 mersus
2029 4627 2042 4662 :
2069 4603 2335 4661 Zenobius
2368 4615 2496 4655 vero
2537 4597 2869 4653 medicorum
2903 4591 3143 4647 omnium
3210 4600 3350 4656 prae-

1776 4695 2306 4760 stantissimus,dum
2333 4690 2547 4761 ungulis
2570 4688 2742 4743 latera
2774 4685 2872 4755 ipsi
2903 4682 3267 4739 sulcareutur,
3296 4676 3350 4730 in

1788 4796 1983 4852 mediis
2028 4789 2358 4847 cruciatibus
2406 4782 2532 4838 forti
2577 4782 2757 4836 animo
2809 4779 3147 4833 immortuus.
3207 4771 3352 4826 Inter

1775 4970 1928 5025 licet.

1845 5039 1957 5111 (55)
1978 5036 2410 5111 ,Ἐν-εὐσεϐῶν
2444 5035 2737 5111 στήλαις..
2760 5030 2992 5111 Buﬁnus
3035 5029 3202 5111 vertit
3236 5029 3348 5111 πλη

1769 5099 2034 5165 memoriis
2074 5108 2283 5177 piorum
2312 5109 2513 5178 primus
2546 5099 2596 5161 ἀ
2650 5099 2797 5158 nobis
2843 5100 3111 5156 scribatur
3156 5099 3346 5154 Anthi-

1770 5196 1907 5234 mus.

1841 5247 1963 5320 (56)
1990 5245 2147 5320 Vulg.
2176 5245 2495 5320 (dw_d’_é:r‘
2511 5244 2891 5320 Ἄντίοχείας.
2910 5240 3062 5320 Apud
3080 5239 3347 5320 Nicepho-

1771 5309 1891 5374 ruin
1925 5309 2122 5386 legitur
2150 5316 2256 5371 τῶν
2294 5317 2349 5369 δὲ
2377 5317 2484 5369 ἀπ’
2521 5309 2869 5384 Ἀντιοχείας,
2896 5309 3089 5366 rectius
3108 5310 3224 5364 sine
3247 5309 3348 5386 du?

1770 5389 1884 5458 bio.
1920 5378 2107 5456 NEque
2133 5388 2277 5442 enim
2301 5378 2879 5458 anianusAntiimhize
2898 5395 3086 5458 passus
3124 5388 3229 5458 est1
3238 5378 3345 5458 sed

1773 5446 2119 5522 Nicomediae,
2150 5466 2208 5510 ut
2236 5465 2467 5510 testatur
2513 5454 2776 5509 Eusebius
2807 5446 2911 5506 hoc
2943 5451 3083 5522 loco,
3119 5460 3174 5522 e_t
3212 5446 3342 5501 llic-

1776 5543 2035 5600 ronymus
2086 5517 2140 5581 in
2200 5524 2477 5600 Catalogo,
2532 5532 2586 5600 e_t
2639 5523 2861 5600 lluftnus
2890 5537 2953 5575 ac
2986 5517 3342 5600 Eicephorus.

1776 5589 1928 5664 Quod
1958 5598 2117 5651 etiam
2146 5589 2518 5662 testatur'ipse
2548 5593 2819 5647 Lucianus
2845 5592 2896 5644 in
2916 5589 3155 5664 epistola
3183 5602 3346 5658 quam

1777 5660 1997 5738 scripsit
2020 5667 2100 5738 ad
2124 5660 2552 5738 Anti0c_bense§_,_
2576 5678 2697 5716 cum
2737 5660 3215 5738 esset_i_n;car_c‘ere
3242 5672 3347 5738 una

1779 5728 1908 5795 cuni
1960 5737 2078 5794 aliis
2107 5732 2439 5805 martyribus
2493 5732 2837 5791 Nicomediae.
2894 5729 3063 5799 Hujus
3091 5728 3351 5815 Epistolas.
