3860 6484
386 367 487 422 7‘85

1085 355 1356 414 EUSEBll
1395 354 1883 410 CESARIENSIS
1921 349 2073 412 OPP.
2119 354 2303 410 PARS
2341 355 2382 410 1.
2426 387 2492 397 -
2532 351 2931 408 HISTORICA.

3556 353 3658 408 784

383 500 576 542 mones
601 483 922 541 evocandos.
947 489 998 534 et
1031 480 1097 533 ad
1135 478 1334 533 bellum
1364 479 1509 549 quod
1553 478 1664 545 jam
1719 479 1954 536 immine-

2070 477 2426 549 καταστῆναι,
2477 477 2609 542 ὅσην
2653 457 2746 529 ἐπὶ
2809 473 3028 546 Ῥώμης
3061 474 3167 528 οὐδ’
3205 473 3396 529 άλλοτε
3444 476 3494 528 οί
3537 475 3658 528 καθ’

383 580 476 636 bat
519 576 912 647 depellendum.
971 571 1063 627 llis
1115 572 1261 627 enim
1308 571 1521 626 artibus
1563 571 1850 626 victoriam
1905 587 1964 626 se

385 671 706 739 adepturum
744 667 885 722 haud
913 664 1075 719 dubia
1109 677 1205 733 spe
1240 671 1683 733 praesumpserat.
1732 663 1828 716 llic
1865 664 1961 731 igi.

383 771 475 817 tur
501 763 626 816 dum
653 761 834 814 Romae
863 757 1205 830 tyrannidem
1244 766 1485 820 exercet,
1514 755 1601 808 vix
1646 754 1752 809 diei
1785 763 1966 824 potest

381 865 516 925 quot
547 855 870 922 quantisque
901 850 1058 905 malis
1093 849 1342 904 subditos
1391 849 1750 919 cppt‘esserit,
1804 858 1966 917 atque

384 947 436 1000 iu
503 944 816 999 servitutem
872 940 1182 1009 redegerit;
1245 939 1378 994 adeo
1432 947 1490 992 ut
1544 939 1611 993 ad
1657 949 1964 994 extremam

382 1035 520 1089 trusi
563 1034 675 1088 sint
722 1032 1107 1087 alimentorum
1173 1031 1484 1098 penuriam,
1541 1031 1757 1100 qualem
1805 1038 1964 1084 antea

380 1128 563 1183 Romae
595 1138 686 1181 aut
718 1125 844 1179 alibi
875 1137 1113 1194 unquam
1145 1122 1312 1177 fuisse
1349 1121 1492 1177 nulla
1538 1123 1818 1176 hominum
1853 1137 1966 1176 me-

381 1219 550 1274 moria
585 1217 856 1273 recordari
888 1225 1088 1286 potest.
1132 1216 1202 1270 At
1239 1216 1292 1268 in
1325 1213 1568 1270 Orientis
1600 1214 1855 1285 partibus
1883 1225 1966 1285 ty-

380 1325 584 1365 rannus
617 1308 965 1374 Maximinus,
995 1296 1130 1362 inito
1171 1309 1310 1364 clam
1343 1307 1552 1363 itetlere
1575 1324 1701 1361 cum
1743 1307 1963 1362 Maxen~

381 1404 453 1458 tio
500 1402 758 1458 Romana:
811 1403 966 1458 urbis
1000 1412 1256 1474 tyranno,
1290 1410 1475 1472 utpote
1522 1401 1790 1456 scelerum
1847 1417 1966 1471 ger-

380 1497 638 1551 manitate
667 1497 767 1550 sibi
792 1495 1156 1564 junctissinto,
1186 1497 1274 1550 diu
1303 1495 1520 1565 quidem
1549 1495 1717 1552 latere
1741 1495 1963 1550 studuit.

377 1591 616 1645 Tandem
653 1603 782 1644 vero
808 1588 1180 1658 deprehensus
1228 1605 1419 1659 pmnas
1449 1590 1660 1644 debitas
1683 1588 1964 1659 persolvit.

381 1685 568 1740 Mirum
605 1690 689 1736 est
720 1684 862 1736 enim
895 1694 1094 1752 quanta
1152 1683 1240 1737 hic
1288 1682 1546 1753 nequitiae
1594 1682 1856 1738 alllnitate
1912 1693 1965 1737 et

375 1775 754 1837 similitudine,
790 1773 1051 1830 “amante
1085 1775 1238 1830 urbis
1287 1785 1577 1845 tyrannum
1606 1773 1957 1844 evpresserit,

377 1880 468 1920 seu
503 1865 685 1934 potius
730 1864 892 1934 longo
945 1865 1233 1919 intervallo
1261 1866 1554 1932 superarit.
1598 1862 1807 1933 Quippe
1860 1865 1961 1918 im-

376 1965 658 2025 postorum
718 1966 770 2010 et
819 1970 1098 2024 magorum
1158 1955 1430 2025 principes
1479 1954 1676 2011 summi
1738 1953 1962 2010 honoris

375 2047 582 2116 apicem
616 2048 758 2118 apud
784 2063 906 2103 eum
939 2048 1263 2102 obtinebant
1291 2062 1306 2102 :
1331 2062 1454 2102 cum
1493 2047 1607 2116 ipse
1638 2060 1801 2117 supra
1841 2061 1960 2100 mo-

377 2143 500 2197 dum
542 2141 898 2197 meticulosus
931 2152 1080 2196 esset
1108 2155 1172 2196 ac
1221 2140 1650 2208 superstitiosus,
1690 2149 1745 2194 et
1791 2138 1962 2194 simu-

381 2234 646 2287 lacrorum
677 2247 739 2287 ac
772 2232 1078 2286 ilictnonum
1139 2231 1365 2285 vanitati
1402 2231 1672 2300 imprimis
1723 2231 1958 2286 deditus.

381 2321 518 2378 Nihil
545 2332 698 2380 certe
731 2323 971 2394 aggredi,
1001 2321 1137 2378 nihil
1176 2337 1413 2387 summo,
1446 2323 1588 2392 quod
1622 2323 1796 2391 aiunt,
1827 2323 1962 2395 digi-

383 2429 439 2475 to
463 2431 812 2470 commovere
836 2414 1042 2485 absque
1068 2415 1341 2470 vaticiniis
1361 2425 1417 2470 et
1437 2415 1676 2472 oraculis
1705 2417 1958 2472 audebat.

377 2508 546 2575 Quam
561 2507 631 2562 ob
648 2521 864 2560 causam
879 2507 1128 2560 acerhius
1145 2521 1209 2560 ac
1223 2505 1600 2565 vehementius
1620 2523 1779 2578 quam
1803 2523 1962 2578 supe-

380 2597 551 2651 tiores
581 2597 856 2668 principes
884 2597 1138 2668 persequi
1182 2607 1400 2653 nostros
1436 2598 1709 2664 instituit;
1734 2600 1957 2654 deorum

379 2688 574 2759 templa
607 2689 660 2742 in
691 2689 926 2759 singulis
960 2690 1188 2746 urbibus
1233 2690 1368 2760 erigi
1422 2691 1765 2762 praecipiens,
1810 2701 1865 2747 et
1913 2693 1957 2746 si

376 2794 494 2848 qua:
515 2791 692 2836 essent
729 2781 991 2852 temporis
1047 2792 1318 2838 vetustate
1361 2784 1623 2853 collapsa.
1688 2787 1954 2855 reparari.

376 2872 452 2926 Ad
489 2872 604 2928 hzec
665 2871 912 2928 tl.uiiiues
971 2875 1022 2928 in
1075 2874 1302 2944 singulis
1351 2874 1486 2931 locis
1521 2885 1682 2945 atque
1731 2877 1958 2931 urbibus

376 2962 682 3025 constituit,
731 2963 1036 3032 iisdemque
1066 2966 1404 3020 sacerdotem
1439 2965 1703 3036 cujusque
1737 2969 1958 3036 provin-

373 3053 472 3107 cia:
498 3054 762 3124 praefecit,
799 3069 922 3109 eum
959 3057 1049 3125 qui
1081 3056 1296 3112 cunctis
1343 3057 1395 3110 iit
1444 3058 1592 3112 curia
1643 3059 1957 3116 muneribus

2067 572 2214 642 ἡμᾶς
2256 569 2509 638 γενέσθαι
2563 567 3012 639 μνημονεύουσιν.
3063 567 3120 618 '0
3166 567 3209 621 δ’
3239 566 3327 619 ἐπ’
3375 566 3660 638 Ἀνατολῆς

2067 662 2328 733 τύραννος
2361 661 2686 729 Μαξιμῖνος,
2707 659 2781 724 ὡς
2817 659 2882 713 ἂν
2908 659 3044 731 πρὸς
3073 659 3301 729 ἀδελφὸν
3329 658 3428 731 τὴν
3462 659 3660 715 κακίαν

2067 756 2203 826 πρὸς
2232 754 2324 808 τόν
2370 755 2462 808 ἐπὶ
2515 753 2735 824 Ῥώμης
2768 752 2952 823 φιλίαν
2987 752 3226 825 κρύϐδην
3277 752 3662 822 σπενδόμενος,

2067 852 2160 904 ἐπὶ
2185 849 2438 908 ,πλεῖστον
2482 865 2674 921 χρόνον
2707 848 2992 902 λανθάνειν
3033 847 3335 918 ἐφρόντιζε,
3385 843 3663 916 φωραθείς

2067 942 2129 1012 γέ
2174 959 2256 995 τοι
2311 941 2570 1014 ὕστερον,
2623 941 2780 1014 δίκην
2821 941 3028 994 τίννυσι
3089 941 3188 1011 τὴν
3235 938 3412 1004 ἀξίαν.
3459 934 3570 990 Ἦν
3607 937 3663 992 ἃ

2068 1033 2377 1103 θαυμάσαι,
2415 1034 2563 1097 ὅπως
2610 1033 2703 1086 καὶ
2747 1026 2901 1094 οὗτος
2931 1031 3000 1086 τά
3043 1031 3278 1102 συγγενῆ
3311 1030 3407 1085 καὶ
3435 1029 3660 1098 ἀδελφὰ,

2071 1125 2273 1197 μᾶλλον
2297 1125 2352 1178 δὲ
2383 1125 2581 1188 κακίας
2605 1125 2674 1179 τὰ
2702 1125 2894 1198 πρῶτα
2913 1125 3008 1178 καί¹
3028 1124 3095 1177 τὰ
3120 1124 3418 1194 νικητήρια
3446 1122 3548 1192 τῆς
3570 1121 3664 1174 τοῦ

2068 1218 2212 1271 κατά
2257 1217 2476 1290 Ῥώμην
2502 1217 2766 1290 τυράννου
2800 1217 3170 1290 κακοτροπίας
3197 1215 3662 1287 ἀπενηνεγμένος.

2069 1311 2285 1381 Γοήτων
2313 1327 2373 1363 τε
2416 1310 2524 1381 γὰρ
2557 1310 2650 1364 κα)⁸
2687 1309 2877 1380 μάγων
2919 1311 2970 1364 οἱ
3015 1309 3224 1380 πρῶτοι
3268 1309 3370 1382 τῆς
3403 1309 3665 1362 ἀνωτάτω

2069 1405 2198 1472 παρ’
2230 1401 2377 1473 αὐτῷ
2404 1403 2569 1473 τιμῆς
2599 1403 2712 1472 (75)
2747 1401 2996 1474 ἠξίωντο,
3042 1400 3337 1472 ψοφοδεοῦς
3373 1402 3433 1466 ἐς
3467 1401 3536 1454 τὰ
3563 1401 3663 1470 μά-

2069 1494 2225 1547 λιστα
2275 1493 2371 1547 καὶ
2416 1493 2984 1564 δεισιδαιμονεστάτου
3031 1492 3399 1556 καθεστῶτος,
3450 1493 3552 1564 τήν
3603 1509 3662 1544 τε

2070 1585 2198 1654 περὶ
2226 1584 2292 1636 τὰ
2322 1583 2513 1636 εἴδωλα
2549 1585 2643 1636 καὶ
2676 1584 2804 1644 τοὺς
2835 1583 3096 1654 δαίμονας
3125 1585 3254 1657 περὶ
3286 1583 3487 1637 πολλοῦ
3516 1583 3660 1636 τιθε-

2072 1677 2234 1747 μένου
2283 1675 2512 1746 πλάνην.
2561 1675 2846 1729 Μαντειῶν
2892 1675 3024 1744 γοῦν
3072 1676 3196 1746 δίχα
3254 1676 3350 1728 καὶ
3398 1675 3663 1746 χρησμῶν

2067 1766 2189 1818 ούδέ
2225 1765 2419 1838 μέχρις
2448 1767 2660 1837 ὄνυχος,
2694 1767 2770 1831 ὡς
2799 1767 2996 1830 είπείν,
3018 1766 3223 1839 τολμᾷν
3263 1785 3315 1821 τι
3345 1769 3520 1820 κινεῖν
3556 1761 3664 1830 οἷός

2065 1875 2121 1910 τε
2154 1853 2243 1928 ἦν.
2276 1853 2351 1912 Ob
2382 1859 2542 1930 χάριν
2573 1859 2667 1912 καὶ
2695 1861 2774 1930 τῷ
2819 1859 2939 1913 καθ’
2969 1859 3128 1930 ήμῶν
3158 1860 3518 1933 σφοδρότερον
3549 1860 3582 1932 ἦ
3613 1859 3661 1912 οι

2064 1949 2301 2021 πρόσθεν
2344 1952 2438 2004 καὶ
2489 1951 2820 2022 πυκνότερον
2871 1952 3152 2006 ἐπετίθετο
3200 1953 3432 2025 διωγμῷ
3459 1997 3474 2020 ,
3529 1952 3662 2017 νεώς

2063 2060 2120 2096 τε
2167 2041 2308 2096 κατά
2355 2044 2535 2097 πᾶσαν
2567 2043 2722 2096 πόλιν
2757 2045 3016 2116 ἐγείρειν,
3048 2047 3142 2099 καὶ
3170 2047 3238 2100 τά
3269 2047 3467 2119 χρόνου
3502 2050 3662 2120 μήκει

2067 2136 2430 2210 καθηρημένα
2458 2136 2681 2208 τεμένη,
2711 2136 2798 2190 διὰ
2821 2137 3060 2208 σπουδῆς
3101 2139 3462 2193 ἀνανεοῦσθαι
3496 2157 3663 2212 προσ-

2061 2232 2290 2293 τάττων,
2325 2230 2502 2302 ἱερέας
2545 2247 2605 2282 τε
2651 2229 2883 2284 είδὼλων
2932 2230 3076 2284 κατά
3123 2231 3304 2285 πάντα
3348 2233 3518 2286 τόπον
3564 2235 3661 2288 καὶ

2064 2324 2250 2381 πόλινο
2306 2323 2400 2376 καὶ
2461 2323 2554 2375 ἐπὶ
2611 2321 2813 2376 τούτων
2865 2321 3104 2394 ἑκάστης
3149 2325 3423 2395 ἐπαρχίας
3475 2326 3660 2398 ἀρχιε-

2065 2417 2164 2488 ρέα
2193 2415 2328 2486 (74),
2360 2415 2466 2467 τῶν
2493 2417 2550 2468 ἐν
2574 2414 2870 2478 πολιτείαις
2899 2414 2998 2469 ἕνα
3017 2416 3080 2485 γέ
3124 2433 3244 2470 τινα
3280 2417 3373 2471 τὸν
3429 2418 3660 2488 μάλιστα

2061 2507 2321 2578 ἐμφανῶς
2352 2504 2438 2558 διὰ
2471 2506 2654 2576 πάσης
2702 2505 3062 2578 ἐμπρέψαντα
3123 2507 3490 2580 λειτουργίας,
3525 2511 3660 2581 μετά

2063 2597 2453 2669 στρατιωτικοῦ
2480 2584 2701 2668 στίφους
2719 2600 2810 2651 καὶ
2833 2598 3158 2672 δορυφορίας
3181 2602 3486 2667 ἐκτάσσων,
3505 2603 3660 2657 ἀναί-

2059 2689 2156 2761 δην
2187 2707 2243 2742 τε
2267 2691 2402 2742 πᾶσι
2420 2690 2633 2761 γόησιν,
2663 2690 2739 2754 ὼς
2769 2690 2836 2744 ἂν
2855 2691 3105 2744 εύσεόέσι
3135 2694 3228 2746 καὶ
3255 2693 3394 2747 θεῶν
3425 2712 3657 2767 προσφι-

2060 2783 2229 2846 λέσιν,
2266 2784 2564 2854 ἡγεμονίας
2619 2783 2716 2836 καὶ
2771 2783 2870 2846 τὰς
2916 2784 3180 2853 μεγίστας
3225 2786 3533 2857 προνομίας
3563 2786 3660 2840 δω-

2061 2874 2342 2946 ρούμενος.
2392 2877 2486 2929 Ἐκ
2519 2875 2583 2946 δὴ
2632 2875 2837 2929 τούτων
2867 2874 3210 2946 ὁρμώμενος,
3258 2876 3415 2930 πόλιν
3457 2878 3559 2948 μὲν
3599 2877 3655 2930 ού

2063 2967 2192 3038 μίαν
2217 2967 2336 3020 ούδέ
2367 2966 2571 3039 χώραν,
2597 2967 2724 3031 ὅλας
2751 2967 2807 3020 δὲ
2836 2967 3004 3040 ἄρδην
3037 2968 3135 3031 τὰς
3168 2968 3260 3020 ὑπ’
3293 2969 3458 3021 αὑτὸν
3486 2971 3658 3039 ἐπαρ-

2058 3057 2203 3129 χίας,
2244 3058 2448 3128 χρυσοῦ
2485 3059 2579 3112 καὶ
2613 3059 2858 3129 ἀργύρου
2899 3061 2994 3113 καὶ
3026 3059 3331 3130 χρημάτων
3361 3061 3657 3132 ἀμυθήτων

373 3146 588 3216 egregie
616 3146 934 3216 perfunctus
955 3157 1125 3213 esset,
1173 3148 1361 3204 addito
1403 3151 1450 3204 ei
1479 3152 1697 3207 militari
1742 3153 1953 3208 satelli-

2061 3147 2426 3219 είσπρὰξεσιν,
2441 3147 2891 3220 ἐπισκήψεσί(Ἱ5)
2909 3165 2967 3201 τε
2985 3151 3335 3221 βαρυτάταις,
3355 3151 3452 3204 καὶ
3472 3151 3655 3205 ἄλλως

376 3239 470 3294 tio.
510 3238 754 3310 Denique
781 3240 1008 3296 hariolis
1034 3241 1310 3306 omnibus,
1345 3242 1490 3298 velut
1529 3245 1798 3315 religiosis
1825 3247 1957 3302 viris

375 3347 437 3386 ac
459 3331 640 3385 divino
667 3333 890 3386 numine
937 3334 1352 3403 acceptissimis,
1411 3337 1818 3406 provinciarum
1851 3342 1958 3393 ad-

375 3419 800 3475 ministrationes
823 3433 876 3476 et
904 3421 1066 3492 312
1100 3425 1333 3479 maxima
1362 3491 1367 3497 _
1397 3427 1679 3500 privilegia
1731 3446 1958 3488 conces~

373 3510 466 3564 sit.
490 3507 620 3564 Post
653 3512 767 3565 haec
799 3527 905 3566 non
940 3530 1101 3568 unam
1131 3515 1400 3571 duntaxat
1432 3520 1620 3574 urbem
1654 3531 1752 3575 aut
1779 3524 1958 3594 regio-

374 3618 518 3669 nem,
571 3604 664 3658 sed
705 3607 992 3662 universas
1041 3609 1354 3673 provincias
1409 3612 1637 3682 imperio
1685 3629 1786 3671 suo
1822 3619 1955 3672 sub-

372 3694 561 3764 iectas,
597 3699 714 3752 auri
753 3701 1099 3770 argentique,
1152 3712 1206 3756 et
1238 3705 1594 3772 pecuniarum
1653 3711 1957 3765 exactioni-

371 3789 492 3856 bus,
521 3799 576 3846 et
611 3791 1004 3848 indit-tionibus
1041 3795 1403 3863 gravissimis,
1457 3802 1735 3871 variisque
1765 3805 1953 3860 subin-

370 3881 438 3938 de
470 3883 1019 3940 condetnnationibus
1047 3888 1266 3943 vexavit
1315 3898 1480 3960 atque
1525 3895 1815 3964 oppressit.
1847 3896 1953 3952 Sed

369 3985 426 4029 et
497 3975 982 4046 locupletissimum
1031 3993 1301 4049 quemque
1375 3986 1618 4052 paternis
1683 3988 1954 4058 avitisque

370 4066 612 4133 spoliatis
643 4069 819 4134 bonis,
855 4070 1099 4139 ingentes
1117 4087 1247 4142 opes
1269 4088 1331 4129 ac
1353 4092 1696 4132 nummorum
1732 4096 1955 4136 acervos

371 4160 808 4216 assentatoribus
831 4164 947 4217 suis
971 4163 1234 4220 donabat.
1285 4165 1402 4222 Jam
1437 4185 1569 4225 vero
1619 4174 1953 4229 tcmuleutim

367 4259 421 4302 et
446 4251 680 4321 crapulae
705 4266 770 4306 eo
814 4267 987 4322 usque
1013 4255 1280 4312 obnoxius
1330 4257 1452 4322 fuit,
1496 4269 1552 4314 ut
1581 4261 1633 4314 itt
1667 4273 1951 4332 compota-

372 4341 612 4397 tionibus
672 4344 944 4400 insaniret
997 4361 1062 4400 ac
1109 4345 1359 4415 fureret;
1422 4360 1477 4405 et
1529 4368 1589 4406 ea
1657 4353 1952 4424 imperaret

365 4431 573 4500 ebrius,
598 4449 830 4504 quorum
864 4437 1127 4505 postridie
1165 4441 1410 4495 sobrium
1441 4445 1761 4512 paenitebat.
1793 4446 1946 4513 Quod

2061 3239 2248 3303 ἄλλαις
2280 3239 2599 3303 καταδίκαις
2643 3239 2768 3310 ἡνία
2813 3241 2906 3294 καὶ
2954 3239 3266 3306 κατεπίεζε.
3302 3243 3425 3296 Τῶν
3457 3261 3520 3312 γε
3554 3244 3655 3315 μὴν

2060 3331 2308 3404 εὐπόρων
2354 3331 2454 3396 τὰς
2509 3333 2573 3385 ἐκ
2620 3331 2902 3403 προγόνων
2957 3334 3413 3414 περιποιηθείσας
3469 3337 3654 3400 οὐσίας

2059 3424 2482 3496 ἀφαιρούμενος,
2517 3425 2783 3490 πλούτους
2825 3427 3037 3499 ἀθρόως
3065 3428 3158 3482 καὶ
3195 3431 3406 3501 σωροὺς
3434 3431 3650 3502 χρημά-

2057 3530 2166 3566 των
2186 3517 2298 3577 τοῖς
2335 3515 2471 3585 ἀμφ’
2505 3515 2668 3567 αὐτὸν
2697 3514 3230 3589 κόλαξινέδωρεῖτο.
3267 3518 3564 3590 Παροινίας
3593 3537 3652 3589 γε

2062 3605 2169 3676 μὴν
2203 3606 2298 3658 καὶ
2347 3605 2520 3676 μέθης
2567 3607 2625 3670 ἐς
2671 3607 2940 3677 τοσαύτην
2991 3609 3192 3682 ἠνέχθη
3229 3611 3427 3682 φορὰν,
3479 3612 3558 3675 ὡς
3598 3616 3652 3665 ἐν

2055 3697 2168 3757 τοῖς
2215 3693 2397 3758 πότοις
2447 3695 2826 3766 παρακόπτειν
2888 3699 2983 3751 καὶ
3039 3695 3151 3752 τῶν
3195 3701 3411 3771 φρενῶν
3447 3705 3651 3774 παρεξ-

2062 3787 2330 3851 ίστασθαι,
2349 3787 2577 3842 τοιαῦτά
2605 3806 2665 3842 τε
2704 3790 2971 3860 μεθύοντα
2999 3793 3381 3862 προστάττειν,
3405 3790 3491 3848 οἶα
3525 3799 3649 3849 ανα-

2058 3864 2304 3950 νήψαντα
2357 3880 2520 3935 αὐτὸν
2555 3885 2620 3954 τῇ
2677 3885 2937 3956 ὑστεραίᾳ
2982 3887 3062 3948 είς
3115 3887 3422 3958 μετάμελον
3462 3890 3646 3958 ἄγεινο

2057 3971 2370 4041 κραιπάλης
2413 3971 2469 4024 δέ
2511 3973 2606 4026 καί
2636 3975 2878 4039 ἀσωτίας
2914 3977 3103 4047 μηδενὶ
3136 3979 3455 4033 καταλιπὼν
3483 3982 3651 4052 ὑπερ-

2055 4062 2238 4133 ϐολὴν,
2270 4063 2470 4128 κακίας
2490 4065 2808 4120 διδάσκαλον
2834 4071 2945 4131 τοῖς
2974 4070 3112 4140 ἀμφ’
3141 4071 3307 4124 αὐτὸν
3341 4074 3568 4144 ἄρχουσί
3593 4093 3646 4127 τε

2057 4155 2152 4208 καὶ
2190 4156 2512 4227 ἀρχομένοις
2563 4159 2755 4212 ἐαυτὸν
2802 4160 3057 4230 καθίστη,
3091 4161 3426 4232 θρύπτεσθαι
3460 4167 3563 4235 μὲν
3593 4163 3649 4216 τό

2057 4247 2451 4318 στρατιωτικὸν
2505 4249 2594 4303 διὰ
2643 4251 2824 4320 πάσης
2868 4253 3078 4322 τρυφῆς
3119 4269 3178 4305 τε
3223 4256 3318 4307 καὶ
3357 4255 3649 4319 ἀκολασίας

2056 4339 2287 4407 ὲνάγων,
2333 4340 2609 4410 ἡγεμόνας
2637 4341 2691 4393 δὲ
2733 4342 2828 4394 καὶ
2862 4344 3347 4414 στρατοπεδάρχας
3377 4346 3441 4398 δι’
3469 4347 3647 4417 ἁρπα-

2055 4430 2168 4499 γῶν
2196 4431 2290 4484 καὶ
2317 4431 2631 4496 πλεονεξίας
2649 4437 2846 4505 χωρεῖν
2866 4435 3008 4487 κατά
3030 4435 3137 4488 τῶν
3153 4437 3431 4508 ὑπηκόων,
3457 4456 3642 4508 μονον-

366 4532 549 4578 autem
579 4527 645 4579 ad
680 4527 866 4582 luxum
901 4543 966 4582 ac
1007 4529 1232 4585 delicias
1255 4533 1468 4600 attinet,
1509 4535 1562 4588 in
1605 4550 1671 4589 eo
1700 4538 1832 4592 nulli
1863 4554 1949 4592 se-

2061 4522 2173 4591 ουχὶ
2209 4525 2709 4594 συντυραννοῦντας
2765 4525 2913 4596 αὐτῷ
2959 4528 3426 4600 προκαλούμενος.
3460 4531 3525 4583 Τί
3568 4532 3647 4585 δεῖ

367 4617 594 4685 cundus;
627 4619 887 4690 nequitia:
922 4621 1100 4676 omnis
1131 4626 1448 4704 mag'strum
1474 4641 1532 4682 se
1565 4635 1677 4682 ttun
1712 4631 1946 4686 rectori-

438 4797 550 4870 (73)
571 4801 714 4868 Hap’
732 4799 1132 4875 Δᾳιιῖᾳτᾲξτιμῆς.
1162 4803 1526 4863 Scribendum
1557 4817 1641 4864 est
1671 4810 1858 4875 αὐτοῦ,
1886 4825 1945 4868 ιιι

366 4867 619 4939 εάςοτὲιιιι
646 4867 852 4924 codicis
885 4867 1121 4928 Tur'uelii
1155 4890 1220 4929 ac
1252 4875 1432 4933 Morari
1461 4881 1805 4938 emendatur.
1844 4867 1946 4939 Se;

367 4937 554 5011 quitur
580 4940 724 5011 enim
750 4941 1065 5011 ψοφοδεοῦς,
1095 4957 1199 4998 etc.

439 5006 551 5087 (7d)
587 5006 878 5078 Ἐκάστής
926 5006 1217 5087 ἐπαρχίας
1268 5017 1564 5087 ἀρχιερέα.
1621 5017 1948 5079 Sacerdotes

369 5078 708 5157 vocabantur
757 5097 786 5135 a
826 5078 1138 5157 gentilibus,
1161 5078 1253 5153 qui
1293 5078 1459 5142 t'o't'tu's
1490 5091 1784 5157 provinciae
1812 5078 1948 5147 tetu?

367 5147 451 5228 pla
477 5162 543 5203 ac
571 5149 791 5204 delubra
827 5153 928 5228 sub
954 5147 1314 5228 dispositione
1346 5173 1445 5211 sua
1482 5147 1757 5216 habebant
1800 5180 1812 5217 :
1849 5161 1946 5218 ﬂa-

367 5223 548 5302 mines
571 5232 724 5282 vero,
755 5223 844 5290 qui
891 5223 942 5274 itt
990 5225 1222 5302 singulis
1263 5227 1478 5302 oppidis
1513 5244 1578 5283 ae
1606 5232 1946 5302 municipiis

366 5287 590 5368 deorum
638 5287 820 5368 sacra.
848 5287 1251 5368 procurabant,
1277 5287 1349 5350 u't'
1378 5296 1706 5368 jampridem
1757 5287 1942 5358 noiavi

365 5358 434 5410 ad
468 5358 765 5439 lih_._xxvtt_t
794 5358 1338 5439 AmmaMareellini.
1372 5358 1516 5439 Cave
1552 5385 1716 5439 porro
1752 5375 1944 5428 existi-

369 5441 511 5510 mes,
539 5429 892 5510 Maximinum
924 5433 1168 5510 primunt
1188 5438 1506 5510 sacerdotes
1539 5429 1834 5510 provincia:
1862 5445 1942 5498 in-

367 5500 626 5552 stituisse.
659 5501 754 5554 Diu
787 5500 934 5556 enim
958 5513 1083 5557 ante
1117 5505 1264 5558 illum
1293 5500 1661 5565 fuerutit.'Sed
1692 5511 1941 5568 Maximi-

371 5580 473 5649 nus
497 5582 686 5649 eorum
721 5573 987 5626 honorem
1017 5576 1410 5649 au_xit,naddito
1437 5579 1544 5635 illis
1573 5582 1850 5649 satellitio,
1884 5584 1937 5639 id

367 5643 455 5689 est
495 5635 774 5710 lictoribus
813 5651 868 5696 et
907 5635 1334 5710 apparitoribus.
1375 5635 1934 5707 Creabauturaut'ein

372 5707 684 5789 sacerdotes
713 5707 1052 5789 «incorpore
1091 5714 1411 5789 Curialium,
1447 5719 1479 5771 ii
1535 5722 1629 5789 qui
1678 5723 1932 5779 omnibus

375 5775 685 5832 muneribus
720 5775 948 5849 publicis
974 5798 1095 5838 cum
1123 5800 1336 5839 summa
1362 5775 1517 5844 laude
1547 5775 1673 5846 ante
1712 5775 1933 5861 pel'l'tttt;

2055 4614 2153 4678 τὰς
2180 4614 2450 4685 ἐμπαθεῖς
2482 4616 2574 4670 τοῦ
2607 4617 2799 4690 ἀνδρὸς
2833 4620 3226 4692 αἰσχρουργίας
3253 4624 3644 4695 μνημονεύειν;

2055 4817 2125 4892 _cti
2159 4828 2364 4875 essent.
2419 4820 2706 4890 Tantaque
2757 4820 2872 4877 haec
2913 4821 3158 4892 dignitas
3208 4824 3537 4890 habebatur,
3583 4834 3640 4880 ut

2056 4886 2203 4955 ipsos
2227 4891 2578 4964 magistratus
2602 4886 2696 4964 seu
2729 4886 3047 4964 duumviros
3074 4895 3124 4946 in
3155 4897 3330 4964 gradu
3361 4886 3642 4951 antecede-

2061 4968 2204 5032 rent.
2241 4959 2403 5013 Certe
2436 4961 2489 5032 in
2525 4963 2694 5032 gestis
2745 4963 3085 5032 purgationis
3131 4959 3435 5028 Caeciliani,
3463 4980 3526 5021 ea
3560 4967 3642 5020 di-

2055 5027 2238 5095 gnitas
2263 5039 2389 5083 ante
2416 5027 2820 5084 duumviratqu
2853 5027 3192 5090 nominatur.
3241 5034 3335 5090 Sic
3382 5027 3520 5089 enim
3562 5036 3635 5089 le-

2053 5098 2248 5164 gitur:
2285 5117 2304 5150 ι
2347 5099 2422 5175 ln_
2448 5099 2569 5165 jure
2598 5103 2738 5175 apud
2779 5102 3059 5175 Aurelium
3099 5103 3392 5175 Didytuum
3449 5105 3640 5175 Sperc-

2053 5176 2199 5242 etum
2232 5171 2574 5242 sacerdotem
2609 5169 2759 5225 Jovis
2794 5171 2988 5241 optimi
3017 5169 3264 5242 maximi,
3297 5169 3634 5229 duumvirum

2051 5236 2360 5315 splendidge
2387 5240 2613 5315 colonia:
2642 5236 3152 5315 Cathaginensium.
3189 5263 3208 5295 ι
3250 5236 3391 5300 ’νὶόο
3425 5261 3535 5315 cap.
3575 5245 3631 5306 4,

2052 5306 2148 5386 lib.
2181 5322 2257 5386 tit.
2300 5309 2362 5363 lli
2402 5312 2722 5386 sacerdotes
2744 5313 2794 5366 iti
2822 5306 3136 5386 :se‘cretaria
3171 5315 3417 5386 iudicum
3460 5306 3632 5386 ingre-

2051 5377 2592 5456 diendi_et_eutn_iis_
2629 5381 2852 5456 sedendi
2894 5381 2986 5456 jtts
3022 5377 3320 5456 habebant,
3355 5381 3434 5443 ἰιι
3487 5377 3632 5456 patet

2053 5447 2297 5523 exactis
2322 5450 2594 5523 [heudori
2620 5453 2876 5523 martyris
2900 5447 2992 5507 die
3017 5470 3046 5508 κ
3083 5447 3426 5514 Novembris.

2121 5518 2237 5587 (75)
2320 5518 3083 5590 ἘπισκήψεσιᾘΜιιεουΙυς
3155 5527 3314 5579 vertit
3388 5527 3631 5590 statutis;

2046 5585 2867 5660 Christophorsonus'mandatis
2901 5596 3252 5660 gravissimis.
3279 5597 3476 5651 Eadrm
3499 5585 3629 5648 voce

2047 5658 2225 5713 utitur
2270 5661 2538 5716 Eusebius
2581 5662 2632 5715 in
2671 5661 2766 5715 lib.
2820 5679 2849 5717 ι
2899 5658 3158 5717 Historia:
3215 5664 3623 5721 Εεειεεὶαειὸειε.

2043 5743 2168 5810 cap:
2203 5731 2600 5810 8,_de.l..icinio
2639 5731 2864 5810 loquens
2891 5751 2914 5810 :_
2945 5733 3308 5810 Ἐπισκηιξιεις
3339 5755 3398 5792 τε
3432 5735 3624 5810 μυρίας

2045 5799 2183 5853 κατά
2216 5800 2321 5853 τῶν
2350 5801 2674 5876 ὑποχειρίων
2709 5801 2876 5857 ἐθνῶν
2897 5805 3132 5861 ἐπενόει.
