3860 6512
478 369 586 426 795
614 419 623 427 .

1186 357 1458 417 EUSEBII
1494 352 1968 413 CESARIENSIS
2004 352 2156 409 OPP.
2192 348 2375 409 PARS
2413 349 2455 409 Ι.
2494 374 2566 391 -—-
2601 342 2990 405 HISTORICA.
3606 348 3705 406 795.

475 486 679 555 ubique
719 450 1058 539 Christianos
1080 477 1483 547 persequendos
1522 473 1817 542 impulerit.
1851 471 1957 527 Sed
1982 477 2039 525 et

2162 467 2283 522 ιατὰ
2293 466 2506 521 πάντων
2519 464 2948 537 ἁνακεκινηκότα
2961 461 3193 533 διωγμόν
3211 452 3422 533 (97)·ὧν
3438 461 3528 516 καὶ
3540 464 3695 523 αὐτῶν

476 574 786 646 cuiusmodi
821 574 947 628 vita:
975 571 1153 628 exitus
1188 569 1313 625 istis
1358 565 1674 637 contigerit,
1705 562 1859 618 nefas
1895 561 2047 617 arbi-

483 680 601 723 tror
631 665 934 737 praeterire.
984 662 1117 718 Cum
1155 673 1285 729 ergo
1309 665 1543 728 quatuor
1572 653 1845 724 principes
1876 651 2051 737 impe-

485 729 960 814 rium-Romanum
995 752 1139 807 inter
1181 764 1241 805 se
1281 747 1468 817 partiti
1512 752 1701 799 essent
1731 760 1747 796 :
1781 743 1887 797 duo
1928 729 2050 811 qui-

485 851 608 904 dem
651 862 719 903 ex
770 846 878 901 illis
930 854 1042 898 tum
1073 850 1235 897 aetate
1268 851 1383 895 tum
1421 836 1647 892 honoris
1694 832 2051 905 praerogativa

479 940 761 1011 potiores,
809 936 1045 991 nondum
1082 931 1355 1001 completo
1399 927 1619 985 biennio
1667 934 1789 995 post
1830 924 2053 979 inclma-

481 1039 589 1085 tam
636 1026 1074 1098 persecutionem
1102 1067 1116 1088 ,
1151 1021 1384 1092 imperio
1430 1025 1755 1082 cesserunt,
1794 1015 2054 1085 quemad-

482 1123 699 1175 modum
735 1134 765 1174 a
799 1117 959 1173 nobis
1001 1115 1253 1183 superius
1285 1111 1620 1167 declaratum
1668 1116 1771 1164 est.
1809 1108 2055 1175 Cumque

485 1210 749 1281 reliquum
795 1209 926 1263 vita:
973 1215 1189 1274 tempus
1234 1203 1447 1273 privato
1499 1215 1564 1255 ac
1608 1199 1820 1268 plebeio
1864 1198 2052 1252 habitu

482 1302 900 1372 trausegissent,
937 1296 1246 1367 huiusmodi
1293 1294 1498 1350 exitum
1528 1291 1705 1349 sortiti
1734 1298 1877 1346 sunt.
1905 1288 2056 1345 Alter

483 1393 725 1464 quidem,
755 1391 848 1461 qui
880 1388 1136 1444 etaetatis
1161 1395 1218 1443 et
1240 1384 1466 1441 honoris
1497 1382 1779 1452 privilegio
1821 1381 2056 1452 reliquos

483 1500 674 1540 omnes
702 1489 1093 1546 antecesserat,
1131 1479 1386 1533 diuturno
1408 1490 1470 1530 ac
1505 1475 1891 1530 molestissimo
1912 1488 2060 1528 mor-

483 1575 553 1630 bo
587 1573 888 1630 confectus.
924 1570 1099 1636 Aliter,
1128 1568 1220 1638 qui
1253 1566 1518 1623 secundus
1544 1568 1612 1620 ab
1641 1578 1707 1620 eo
1741 1564 1915 1620 fuerat
1938 1604 1954 1629 ,
1981 1563 2059 1619 la-

485 1680 625 1736 queo
655 1665 818 1720 vitam
850 1662 1069 1730 abrupit
1100 1678 1113 1714 :
1142 1659 1295 1729 juxta
1325 1657 1594 1728 quoddam
1629 1657 1934 1711 daemonum
1964 1672 2058 1711 va.

490 1756 734 1811 licinium
760 1793 776 1818 ,
817 1750 1124 1822 huiusmodi
1162 1749 1429 1819 supplicio
1480 1748 1678 1803 merito
1725 1747 1950 1803 allectus
1987 1747 2057 1804 ob

2148 560 2249 613 οὐκ
2275 559 2424 626 ἀξιον
2446 558 2508 635 rb
2537 555 2631 610 τοῦ
2667 556 2783 628 βίου
2816 554 2968 620 τέλος
3004 553 3339 626 παραδοῦναι
3368 557 3560 626 σιωπῇ.
3583 558 3694 611 Τετ-

2147 651 2330 723 τάρων
2366 645 2459 704 οὖν
2503 649 2603 721 τὴν
2639 648 2782 704 κατὰ
2810 648 3026 703 πάντων
3057 646 3406 718 διειληχότων
3435 646 3622 718 ἀρχὴν,
3653 651 3703 703 οῖ

2153 742 2252 813 μὲν
2288 740 2465 813 χρόνῳ
2500 740 2595 794 καὶ
2624 742 2758 812 τιμῇ
2804 738 3229 812 προηγούμενοι,
3261 738 3371 793 οὐδ’
3396 735 3534 803 ὅλοις
3573 739 3695 794 δυοῖν

2151 829 2328 883 ἔτεσιν
2366 830 2744 900 ἐπιγενόμενοι
2793 828 2871 899 τῷ
2914 826 3165 900 διωγμῷ,
3225 826 3568 899 μεθίστανται
3614 828 3695 899 τῆς

2154 920 2463 992 βασιλείας,
2576 920 2671 974 καὶ
2715 918 2950 992 πρόσθεν
3005 920 3138 991 ἡμῖν
3180 918 3489 990 δεδήλωται.
3528 918 3612 971 καὶ
3645 919 3698 990 δὴ

2151 1010 2242 1063 τὸν
2279 1009 2556 1065 ἐπίλοιπον
2577 1008 2672 1063 τοῦ
2708 1008 2822 1078 βίου
2853 1007 3045 1080 χρόνον
3075 1006 3314 1079 δημώδει
3350 1006 3444 1060 καὶ
3478 1005 3698 1078 ἰδιωτικῷ

2152 1098 2340 1171 τρόπῳ
2373 1096 2766 1169 διαγενόμενοι,
2790 1097 2946 1162 τέλος
2984 1097 3187 1153 τοιόνδε
3213 1096 3311 1167 τῆς
3340 1095 3484 1166 ζωῆς
3512 1095 3701 1167 εἰλήχα-

2155 1170 2326 1283 σιν-ξ)
2351 1189 2452 1261 μὲν
2475 1190 2608 1261 τιμῇ
2636 1205 2696 1241 τε
2729 1188 2825 1242 καὶ
2858 1188 3032 1260 χρόνῳ
3057 1187 3163 1242 τῶν
3194 1187 3475 1259 πρωτείων
3493 1186 3699 1257 ἠξιωμέ-

2154 1298 2265 1346 νος,
2293 1276 2488 1353 ’μακρᾷ
2523 1280 2617 1334 καλ⁸
2650 1279 3020 1352 ὲπιλυποτόιτῃ
3052 1279 3118 1350 τῇ
3154 1277 3248 1332 τοῦ
3294 1276 3536 1347 σώματος
3564 1277 3699 1330 ἀσθε-

2156 1372 2276 1444 νείᾳ
2321 1369 2697 1443 διεργασθεὶς,
2744 1372 2773 1424 ό
2816 1369 2875 1422 δὲ
2919 1369 2990 1423 τὰ
3031 1369 3258 1440 δεύτερα
3306 1368 3469 1425 αὑτοῦ
3516 1368 3697 1438 φέρων,

2157 1462 2363 1534 ἀγχόνῃ
2391 1461 2487 1533 τὴν
2534 1460 2679 1533 ζωὴν
2724 1461 3075 1533 ἀπορρήξας,
3110 1461 3253 1517 κατά
3295 1477 3419 1515 τινα
3458 1458 3700 1530 δαιμονίαν

2157 1553 2564 1626 προσημείωσιν
2608 1550 2765 1607 τοῦτο
2799 1551 3009 1615 παθὼν,
3062 1550 3149 1605 διὰ
3193 1552 3448 1615 πλείστας
3477 1550 3611 1621 αὐτῷ
3628 1566 3699 1604 τε·

2157 1643 2505 1715 τολμημένας
2537 1642 2906 1715 ῥᾳδιουργίας.
2933 1641 3054 1699 Τῶν
3088 1643 3146 1701 δὲ
3176 1643 3316 1715 μετὰ
3346 1644 3600 1708 τούτουςό
3623 1646 3702 1716 μὲν

2160 1734 2410 1800 ὕστατος,
2443 1734 2502 1787 δν
2523 1735 2618 1789 καὶ
2649 1735 2892 1806 ἀρχηγὸν
2922 1734 3019 1788 τοῦ
3051 1735 3251 1800 παντὸς
3283 1734 3488 1807 ἔφαμεν
3517 1716 3730 1805 γεγονέ-⁴

1090 1804 1400 1896 admiserat
1446 1839 1671 1896 scelera.
1713 1839 1794 1895 Ex
1845 1838 2055 1895 duobus

2162 1843 2247 1880 ναι
2275 1824 2538 1896 διωγμοῦ,
2578 1804 2804 1879 τοιαῦτα
2832 1819 2920 1879 οἵα
2957 1827 3054 1880 καὶ
3092 1804 3590 1900 προδεδηλώκαμεν,
3621 1827 3703 1881 πέ-
3730 1871 3734 1875 ‹

487 1947 669 1990 autem
726 1932 989 2001 reliquis,
1042 1940 1349 2001 postremus
1398 1929 1615 2002 quidem
1671 1944 1831 2000 quem
1886 1929 2056 1985 totius

489 2022 889 2094 persecutionis
922 2022 1113 2077 ducem
1145 2027 1307 2091 atque
1352 2028 1625 2076 auctorem
1660 2018 1827 2075 fuisse
1867 2019 2057 2075 retuli-

382 2156 391 2165 .
492 2131 632 2181 mus,
662 2113 929 2185 ejusmodi
965 2112 1182 2168 dolores
1216 2111 1437 2184 pertulit
1461 2128 1598 2182 quos
1631 2129 1792 2182 supra
1820 2127 2054 2169 comme-

493 2209 721 2263 moravi.
749 2207 840 2263 llle
865 2222 992 2261 vero
1022 2206 1114 2275 qui
1142 2206 1311 2272 gradu
1342 2219 1465 2259 eum
1500 2205 1864 2274 praecedebat,
1901 2204 2055 2259 beni-

420 2354 425 2357 _
491 2300 783 2369 gnissimus
825 2311 880 2353 et
928 2296 1384 2352 clementissimus
1445 2295 1740 2363 imperator
1787 2293 2056 2351 Constan-

494 2392 629 2460 tius;
666 2391 756 2462 qui
785 2398 900 2446 tot'o
946 2388 1159 2458 imperii
1208 2387 1288 2441 sui
1330 2396 1571 2455 tempore
1594 2387 1665 2440 ita
1700 2401 1760 2441 se
1793 2394 2055 2456 gesserat,

493 2490 656 2551 prout
687 2482 1071 2552 imperatorem
1110 2479 1377 2545 decebat;
1412 2489 1464 2532 et
1495 2478 1587 2547 qui
1621 2486 1732 2531 tum
1774 2491 1903 2548 erga
1933 2477 2057 2533 reli-

493 2589 631 2644 quos
668 2586 858 2627 omnes
909 2569 1361 2627 humanissimum
1414 2583 1472 2623 sc
1517 2583 1582 2622 ac
1627 2566 2059 2622 beneﬁcentissi-

493 2679 638 2718 mum
667 2662 1025 2734 praestiterat,
1081 2671 1193 2714 tum
1224 2658 1617 2730 persecutionis
1647 2657 1909 2713 adversus
1956 2672 2056 2713 nos

492 2754 778 2810 concitata;
800 2768 992 2824 espers
1018 2752 1241 2808 omnino
1272 2751 1465 2814 fuerat,
1490 2758 1544 2803 et
1575 2749 1815 2804 cultores
1844 2748 1935 2802 Dci
1959 2749 2060 2803 sub

464 2845 664 2916 ‘ipsius
703 2843 931 2913 imperio
963 2843 1218 2912 degentes
1258 2840 1327 2894 ab
1372 2839 1520 2898 omni
1564 2852 1703 2892 noxa
1754 2845 1808 2893 et
1860 2837 2058 2907 injuria

493 2936 764 2990 immunes
790 2941 1137 3001 servaverat;
1186 2947 1249 2986 ac
1284 2944 1458 3001 neque
1508 2928 1862 2986 ecclesiarum
1892 2927 2061 2983 mdill-

492 3028 575 3083 cia
608 3028 993 3090 subverterat,
1023 3039 1119 3079 nec
1153 3024 1274 3078 novi
1317 3023 1610 3093 quidquam
1660 3021 1922 3076 adversus
1964 3035 2061 3076 nos

2156 1915 2373 1981 πονθεν,
2406 1918 2435 1970 ό
2467 1915 2524 1969 δὲ
2557 1915 2744 1970 τοῦτον
2774 1916 3033 1988 προάγων
3054 1919 3420 1990 χρηστότατος
3450 1918 3540 1971 καὶ
3558 1916 3704 1990 ἠπιώ-

2153 2025 2312 2071 τατος
2334 2006 2587 2079 βασιλεὺς
2619 2008 3018 2073 Κωνστάντιος,
3043 2008 3289 2075 ἐπαξίως
3315 2009 3416 2081 τῆς
3444 2010 3703 2080 ἡγεμονίας

2153 2099 2244 2155 τδν
2271 2100 2486 2155 ἅπαντα
2513 2100 2611 2172 τῆς
2640 2100 2817 2175 ἀρχῆς
2858 2101 3172 2167 διατελέσας
3212 2102 3425 2175 χρόνον.
3460 2100 3607 2159 Ἀλλὰ
3626 2103 3703 2156 καὶ

2154 2193 2323 2247 τᾶλλα
2354 2195 2469 2257 τοῖς
2491 2197 2624 2247 πᾶσι
2649 2193 2972 2261 δεξιώτατον
2994 2195 3090 2251 καὶ
3117 2195 3595 2269 εὐεργετικώτατον
3612 2214 3700 2249 πα-

2157 2283 2374 2358 ρασχὼν
2389 2284 2744 2357 έαυτδν,ἀτὰρ
2756 2286 2853 2339 καὶ
2866 2285 2959 2339 τοῦ
2976 2286 3096 2340 καθ’
3112 2288 3271 2358 ἡμῶν
3291 2287 3520 2359 πολέμου
3532 2288 3624 2355 ἔξω
3639 2306 3706 2357 γε-

2156 2376 2396 2448 νόμενος,
2413 2376 2642 2440 καὶτοὺς
2660 2369 2749 2430 ὕπ’
2768 2377 2929 2433 αὐτὸν
2947 2376 3238 2447 θεοσεϐεῖς,
3257 2380 3507 2445 ἀϐλαϐεῖς
3535 2381 3617 2434 καὶ
3634 2383 3705 2434 dub

2157 2465 2526 2537 επηρεάστους
2540 2464 2891 2535 διαφυλάξας,
2908 2466 3002 2521 καὶ
3017 2468 3152 2539 μήτε
3169 2469 3296 2532 τοὺς
3314 2460 3491 2532 οἴκους
3500 2467 3597 2522 τῶν
3611 2469 3705 2521 Ἐκ-

2157 2556 2395 2628 κλησιῶν
2415 2554 2679 2621 καθελὼν,
2699 2556 2828 2629 μηθ’
2844 2557 3033 2630 ἕτερόν
3057 2577 3110 2613 τι
3133 2560 3257 2633 μηδ’
3276 2560 3413 2624 ὅλως
3432 2560 3544 2614 καθ’
3571 2562 3599 2631 ὴ
3608 2558 3703 2631 μῶν

2158 2653 2436 2706 ἔπικαινου
2447 2652 2546 2723 ργή
2554 2668 2671 2716 σας,
2687 2652 2838 2715 τέλος
2850 2652 3101 2724 εὔδαιμον
3115 2652 3223 2723 (98)
3239 2653 3335 2707 καὶ
3349 2653 3704 2725 τρισμακάριον

2157 2742 2323 2805 ὅντως
2342 2741 2633 2814 κατείληφε
2644 2741 2735 2796 τοῦ
2750 2742 2889 2812 βίου,
2898 2744 3057 2814 μόνος
3071 2744 3161 2796 ἐπὶ
3178 2743 3278 2819 τῆς
3291 2743 3448 2797 αὐτοῦ
3468 2743 3702 2814 βασιλείας

2159 2833 2402 2905 εὐμενῶς
2452 2834 2543 2887 καὶ
2576 2833 2869 2899 ὲπιδόξως,
2913 2834 3005 2887 ἐπὶ
3048 2834 3277 2906 διαδόχῳ
3323 2834 3423 2906 τῆς
3467 2833 3704 2905 βασιλείας

2159 2927 2368 2998 γνησίῳ
2414 2926 2566 2980 παιδὶ
2618 2925 2689 2980 τὰ
2741 2925 2919 2980 πάντα
2956 2928 3391 2999 σωφρονεστάτῳ
3441 2928 3531 2982 καὶ
3571 2927 3701 2979 εὐσε-

2162 3019 2413 3091 ϐεστάτῳ
2438 3020 2769 3091 τελευτήσας
2791 3038 2804 3050 ·
2834 3020 2892 3084 ὃς
2936 3021 3101 3083 εὐθὺς
3145 3021 3445 3093 ἀρχόμενος
3492 3022 3703 3093 βασιλεὺς

486 3127 792 3184 statuerat;
824 3117 1034 3172 felicem
1066 3123 1123 3171 et
1157 3129 1346 3169 revera
1389 3113 1763 3169 beatissimum
1788 3112 1956 3184 318
1984 3112 2061 3165 vi-

2162 3111 2487 3176 τελεώτατος
2530 3113 2625 3165 καὶ
2684 3111 2954 3177 Σεϐαστὸς
3017 3112 3153 3184 πρὸς
3208 3112 3317 3166 τῶν
3373 3112 3701 3185 στρατοπέδων

496 3217 564 3264 tte
595 3209 797 3262 exitum
823 3206 1148 3278 promeruit.
1183 3204 1388 3273 Quippe
1424 3203 1516 3275 qui
1561 3202 1712 3258 solus
1736 3204 1978 3258 omnium
2008 3201 2061 3255 in

497 3298 723 3368 imperio
766 3312 864 3351 suo
913 3310 1123 3351 summa
1173 3309 1297 3349 cum
1334 3291 1731 3361 tranquillitate
1781 3299 1837 3344 et
1892 3290 2065 3359 gloria

494 3403 864 3446 successorem
904 3387 1216 3457 relinquens
1245 3383 1522 3454 proprium
1552 3382 1740 3446 tilium,
1773 3381 2064 3435 modestis-

497 3483 697 3539 simum
739 3490 795 3536 et
826 3479 1290 3550 religiosissimum
1338 3476 1664 3547 principem,
1696 3490 1763 3529 ex
1797 3474 1902 3529 hac
1925 3472 2067 3529 'luce

498 3572 777 3644 migravit.
821 3570 992 3641 Hujus
1037 3578 1220 3625 autem
1252 3568 1395 3625 lilius
1438 3567 1828 3624 Constantinus
1854 3569 1923 3619 ab
1953 3564 2070 3634 ipso

499 3664 682 3719 statim
708 3662 933 3719 exordio
970 3674 1253 3730 supremus
1300 3661 1592 3729 imperator
1620 3668 1675 3714 et
1719 3658 1994 3729 Augustus
2039 3670 2070 3710 a

503 3754 767 3811 militibus
800 3752 1140 3807 renuntiatus
1163 3791 1178 3817 ,
1210 3761 1447 3821 paterna:
1480 3764 1608 3819 erga
1638 3749 1794 3804 fidem
1827 3756 2067 3804 nostram

502 3847 720 3917 pietatis
768 3846 1134 3900 aamulaturem
1185 3859 1243 3899 se
1279 3842 1550 3914 praestitit.
1583 3839 1903 3909 Huiusmodi
1952 3838 2069 3893 cxi-

504 3948 618 3993 tum
650 3937 775 3991 vitae
801 3945 1037 4007 quatuor
1087 3935 1383 4004 supradicti
1434 3934 1794 4003 imperatores
1839 3930 2070 3984 diversis

2172 3203 2587 3275 ἀναγορευθεὶς,
2636 3203 2885 3276 ζηλωτὴς
2928 3204 3120 3258 ἑαυτὸν
3169 3204 3273 3274 τῆς
3318 3203 3574 3276 πατρικῆς
3597 3203 3701 3273 περὶ

2171 3294 2261 3354 τον
2285 3295 2553 3369 ἡμέτερον
2593 3294 2748 3363 λόγον
2786 3295 3069 3360 εὐσεϐείας
3097 3297 3482 3368 κατεστήσατο.
3505 3294 3698 3367 Τοιαύτη

2170 3383 2279 3438 τῶν
2313 3386 2930 3458 προαναγεγραμμένων
2964 3380 3305 3459 τεσσάρωνὴ
3328 3387 3418 3441 τοῦ
3448 3387 3553 3458 βίου
3571 3384 3700 3439 ἔκϐα-

2174 3493 2290 3540 σις,
2344 3477 2485 3530 κατὰ
2544 3476 3030 3549 παρηλλαγμένους
3088 3479 3314 3551 χρόνους
3386 3478 3697 3548 γεγενημένη.

2171 3566 2388 3620 Τούτων
2423 3567 2487 3639 δὴ
2522 3569 2681 3643 μόνος
2722 3567 2802 3622 ἔτι
2845 3568 3018 3622 λιπὼν
3062 3571 3091 3622 ὁ
3141 3568 3322 3642 μικρῷ
3353 3568 3570 3642 πρόσθεν
3596 3569 3700 3638 ἡμῖν

2172 3660 2496 3733 εἰρημένος,
2559 3662 2654 3714 σὺν
2703 3663 2818 3725 τοῖς
2875 3661 3016 3733 μετά
3064 3661 3235 3716 ταῦτα
3296 3664 3375 3728 εἰς
3421 3662 3514 3735 τὴν
3562 3658 3699 3732 ἀρχὴν

2172 3753 2550 3824 είσποιηθεῖσι,
2708 3739 3194 3825 προδεδηλωμένην
3220 3753 3606 3826 ἐξομολόγησιν,
3628 3749 3698 3804 διὰ

2174 3843 2265 3895 τοῦ
2294 3844 2709 3915 προεκτεθέντος
2733 3846 3012 3919 ἐγγράφου
3038 3845 3195 3915 λόγου
3213 3850 3326 3911 τοῖς
3346 3848 3475 3900 πᾶσι
3505 3842 3699 3915 φανερὰν

2175 3936 2546 4008 κατεστήσατο
2566 3938 2697 4009 (99).

506 4027 835 4096 temporibus
864 4026 1043 4083 sortiti
1074 4034 1217 4082 sunt.
1258 4024 1334 4079 Ex
1379 4023 1577 4094 quibus
1609 4022 1762 4077 solus
1788 4020 1881 4076 ille
1910 4035 2068 4089 quem
2101 4035 2266 4093 supra
2317 4028 2740 4083 memoravimus
2763 4066 2780 4092 ,
2816 4043 2921 4082 una
2984 4043 3106 4082 cum
3158 4027 3283 4085 aliis
3338 4027 3428 4099 qui
3484 4040 3630 4097 nuper
3656 4023 3694 4075 in

501 4119 833 4177 consortium
874 4121 1084 4190 imperii
1132 4120 1286 4176 asciti
1316 4118 1554 4183 fuerant,
1581 4116 1981 4173 confessionem
2040 4116 2189 4172 illam
2236 4136 2403 4191 quam
2471 4138 2650 4194 supra
2701 4122 3008 4189 retulimus,
3049 4124 3227 4179 edicto
3254 4125 3427 4195 palam
3473 4118 3695 4195 preposilo

500 4212 751 4268 omnibus
775 4213 1090 4285 publicavit.

895 4311 1040 4391 (Hic
1069 4311 1136 4372 in
1167 4310 1450 4375 editione
1485 4306 1727 4370 Valesii
1760 4307 2171 4391 interseritur
2199 4307 2366 4391 liber
2401 4309 2494 4391 De
2526 4308 2915 4391 martyribus
2945 4309 3315 4385 Palwslincr,

1616 4402 1810 4467 quem
1855 4386 2022 4448 infra
2054 4388 2323 4450 seorsim
2365 4387 2674 4466 edimus.)

573 4551 683 4624 (97)
742 4552 1241 4624 Ἀνακεκινηκότα
1300 4550 1578 4624 διωγμόν.
1627 4548 1690 4624 ln
1736 4549 1895 4624 codd.
1956 4547 2072 4624 Ma-

503 4618 691 4676 zarino
719 4632 774 4677 et
801 4622 1057 4676 Medicam
1078 4618 1349 4689 scriptum
1397 4618 1578 4674 inveni
1622 4618 1937 4688 διωγμένων
1965 4637 1978 4672 :
2015 4619 2068 4671 in

504 4691 803 4746 Fuketiano
826 4706 954 4745 vero
976 4689 1367 4760 δεδιωγμένων.
1393 4689 1523 4756 Quae
1545 4692 1754 4760 tametsi
1781 4689 2073 4756 depravata

504 4761 684 4825 lectio,
718 4762 859 4815 viam
897 4762 1029 4815 mihi
1061 4761 1129 4814 ad
1165 4758 1326 4827 huius
1360 4759 1461 4813 loci
1493 4758 1922 4814 emendationem
1954 4773 2075 4826 ape-

507 4831 640 4885 ruit.
674 4830 845 4885 Totus
882 4831 1046 4898 igitur
1077 4830 1228 4883 locus
1277 4831 1351 4898 ita
1400 4829 1659 4898 legendus
1686 4837 1793 4893 est,
1817 4827 1943 4891 τοὺς
1969 4827 2072 4896 τῆς

506 4898 779 4969 βασιλείας
810 4897 1098 4969 κοινωνορς
1127 4899 1219 4951 ἐπὶ
1256 4897 1348 4953 τὸν
1385 4899 1525 4953 κατὰ
1565 4897 1795 4969 πάντων-
1818 4898 2074 4969 ἀνακεκι-

505 4963 706 5038 νηκότα
722 4968 964 5038 ’διωγμόν
985 4986 997 4997 ·
1024 4963 1100 5026 ὧν
1128 4969 1223 5021 καὶ
1254 4968 1429 5022 αὐτῶν
1457 4969 1558 5021 οὐκ
1579 4968 1724 5034 ἄξιον
1750 4966 1931 5038 τὸτοῦ
1960 4966 2075 5038 βίου

503 5036 656 5125 τέλος
683 5036 1013 5125 παραδοῦναι
1044 5041 1244 5109 σιωπῇ.
1278 5040 1437 5093 Vides
1463 5049 1715 5122 quantam
1745 5037 1944 5125 haheat
1971 5036 2080 5125 elc-

506 5109 744 5180 gautiatu
768 5105 879 5180 νοις
917 5105 1014 5180 ὧν,
1044 5105 1220 5177 quam"
1238 5123 1336 5165 nos
1362 5123 1428 5164 ex
1471 5105 1713 5180 vestigiis
1755 5106 1977 5176 scripta:
2000 5105 2078 5161 le-

506 5176 704 5233 ctionis
731 5176 1113 5247 Sttpplevinius.

2251 4550 2363 4622 (98)
2403 4553 2582 4617 Τέλος
2598 4549 2914 4622 εὔδαιμον.
2948 4550 3075 4606 Haec
3109 4551 3176 4606 ad
3222 4550 3441 4607 verbum
3473 4546 3693 4617 descripta

2180 4620 2399 4690 suntex
2432 4635 2551 4690 cap.
2588 4620 2654 4675 l-l
2683 4620 2783 4675 Ιίιι.
2811 4634 2930 4675 vut.

2253 4689 2363 4760 (99)
2407 4683 2677 4759 Φαᾶρερὰν
2714 4688 3147 4758 κατεστήσατο.
3181 4689 3309 4746 Post
3356 4692 3449 4746 has
3491 4700 3628 4760 voces
3650 4683 3692 4760 ⁸ῖιι

2184 4749 2426 4812 editione
2451 4749 2755 4815 Getievensi
2783 4749 3056 4815 adduntur
3082 4764 3199 4818 haec
3232 4761 3393 4816 verba
3416 4776 3431 4814 :
3463 4759 3522 4812 Τί
3548 4757 3603 4827 δὴ
3624 4749 3693 4827 οὖν

2182 4828 2275 4881 ἐπὶ
2299 4827 2510 4902 τούτοις
2538 4830 2768 4898 γίνεται,
2799 4830 3164 4902 ἐπιθεωρῆσαι
3183 4831 3388 4902 καιρός.
3413 4830 3546 4902 Quae
3567 4825 3693 4902 verba

2181 4913 2284 4953 nec
2314 4899 2365 4969 in
2404 4891 2785 4969 uiantiscriptis
2817 4891 3115 4966 codicibus,
3147 4917 3246 4955 nec
3281 4891 3334 4954 in
3353 4891 3579 4954 editione
3599 4891 3695 4968 Stet

2184 4968 2347 5036 phani
2403 4967 2695 5037 leguntur,
2749 4978 2805 5025 et
2856 4983 2924 5024 ex
2974 4972 3223 5025 versione
3271 4967 3692 5037 Clirismplnorspnl

2300 5030 2548 5163 avpilius'ita
2582 5030 2730 5109 sunt,
2786 5054 2909 5097 cum
2947 5046 3125 5097 tamen
3157 5041 3376 5098 locanda
3404 5030 3508 5098 sint
3542 5036 3589 5092 in
3612 5030 3695 5087 lina

2210 5124 2224 5164 ι
2269 5145 2283 5162 .
2398 5123 2437 5164 t.
