3860 6486
144 389 223 444 885
1080 376 1433 435 HISTORIA}
1475 374 2034 433 Ειῖοιεειεετιωε
2073 375 2203 431 LIB.
2246 376 2338 432 IX.
3246 373 3352 429 806

146 510 246 570 λείν,
289 494 647 556 ἐπεδείκνυτοο
688 499 784 555 καὶ
820 498 884 571 δὴ
932 493 1086 564 οὗτος
1133 499 1396 571 κολακείᾳ
1446 500 1514 569 τῇ
1547 496 1670 551 καθ’

1780 513 1896 552 sum
1924 510 2093 568 usque
2119 498 2508 568 imperatorem
2542 497 2939 567 praestigiarum
2975 510 3198 551 suarum
3227 510 3353 564 spe-

140 598 290 670 ἠόονῆν
320 594 405 648 τοῦ
432 591 757 665 κρατοῦντος
778 633 792 655 ,
833 593 1109 664 ἐπεγείρει
1155 592 1297 645 κατὰ
1328 587 1670 662 Χριστιανῶν

138 693 205 747 τὸν
228 690 456 759 δαίμονα,
492 685 700 740 καὶτὸν
733 685 857 739 Θεὸν
886 684 949 755 δὴ
982 681 1236 737 κελεῦσαί
1278 699 1462 753 φησιν,
1499 682 1672 753 ὑπερ-

106 782 280 853 ὀρίους
314 778 407 847 τῆς
436 775 643 838 πόλεως
686 774 782 826 καὶ
814 772 922 826 τῶν
950 772 1094 842 ἀμφὶ
1124 770 1222 841 τὴν
1268 768 1420 822 πόλιν
1457 768 1668 839 ἀγρῶν,

132 871 193 934 ὡς
212 869 269 925 ἂν
292 865 504 936 ἐχθροὺς
530 863 678 936 αὐτῷ
705 861 1065 935 Χριστιανοὺς
1094 859 1385 915 ἀπελάσαι.

614 1042 1017 1100 ΚΕΦΑΛΑΙΟΝ
1065 1043 1115 1095 Δ’
1123 1084 1138 1098 .

328 1138 466 1209 Περὶ
496 1137 774 1211 τῶις-διαθ
808 1134 977 1211 ἡμῶν
1008 1131 1412 1211 miramith

567 1208 704 1279 (Nic.
733 1212 805 1263 H.
840 1204 907 1259 E.
936 1222 1053 1267 νιιι,
1087 1204 1204 1275 ‘25).

186 1303 346 1374 Τούτῳ
377 1303 432 1357 δὲ
465 1300 667 1374 πρώτῳ
699 1300 845 1354 κατὰ
877 1297 1101 1369 γνώμην
1134 1296 1421 1369 πράξαντι.
1467 1296 1666 1360 πάντες

132 1398 336 1452 οῐλοιποὶ
364 1394 472 1449 τῶν
502 1396 558 1447 ὲν
590 1393 732 1446 τέλει
764 1390 863 1454 τὰς
889 1389 992 1442 ὑπὸ
1026 1389 1124 1461 τὴν
1156 1390 1324 1460 αὐτὴν
1353 1388 1526 1461 ἀρχὴν
1572 1388 1669 1441 πό⁶

131 1491 216 1554 ὶεις
246 1488 527 1551 οἰκοῦντες,
561 1485 661 1557 τὴν
693 1483 885 1556 ὁμοίαν
912 1481 1184 1553 ὡρμῶντο
1209 1480 1390 1551 ψῆφον
1435 1481 1667 1553 ποιήσα-

133 1582 246 1643 σθαι,
271 1578 557 1651 προσφιλὲς
588 1577 632 1630 δ’
662 1572 802 1630 εἶναι
834 1574 942 1646 (15)
972 1573 1132 1627 τοῦτο
1168 1572 1377 1644 βασιλεῖ
1406 1572 1512 1626 τῶν
1545 1574 1666 1626 κατ’

130 1670 354 1742 ἐπαρχίαν
385 1665 669 1740 ἡγεμόνων
714 1663 1174 1736 συνεωρακότων,
1220 1662 1316 1715 καὶ
1353 1662 1496 1716 τοῦτ’
1537 1660 1668 1716 αὐτὸ

130 1759 484 1832 διαπράξασθαι
524 1760 639 1822 τοῖς
672 1752 930 1827 ὑπηκόοις
962 1753 1430 1825 ὑποϐεϐληκότων.
1474 1746 1574 1806 Ὧν
1602 1753 1666 1825 δὴ

129 1852 201 1904 καὶ
242 1850 409 1906 αὐτῶν
449 1853 564 1914 τοῖς
608 1848 924 1920 ψηφίσμασι
978 1846 1046 1900 δι’
1100 1844 1444 1916 ἀντιγραφῆς
1498 1846 1670 1916 ἁσμε-

1776 588 1953 643 cimen
2005 588 2242 654 detulit,
2300 588 2555 657 fmdaque
2587 587 2894 642 adulatione
2943 586 3203 658 principis
3228 601 3354 657 gra-

1778 681 1910 733 tiam
1942 690 2167 748 captans
2191 721 2208 748 ,
2244 681 2545 750 daemonem
2576 684 2841 735 adversus
2872 678 3218 734 Christianos
3247 679 3352 733 sti-

1775 773 1977 840 mulat,
2021 774 2231 844 [ingens
2291 774 2450 828 deum
2494 774 2689 844 jubere
2722 781 2779 826 ut
2813 772 3129 837 Christiani,
3154 771 3351 842 quippe

1774 870 1864 937 qui
1895 868 2079 923 hostes
2119 868 2200 922 sui
2231 876 2441 935 essent,
2480 868 2615 923 urbe
2658 868 2917 937 omnique
2943 866 3219 922 territorio
3247 864 3342 936 pei-

1777 959 2034 1014 lerentur.

2275 1049 2440 1121 350
2484 1049 2713 1107 CAPUT
2756 1048 2841 1104 tv.

1918 1142 1993 1197 De
2019 1141 2239 1196 decretis
2274 1142 2543 1195 civitatum
2574 1143 2824 1196 adversus
2851 1138 3206 1194 Christianos.

1848 1298 1971 1353 llzec
1998 1314 2117 1353 cum
2150 1300 2224 1353 illi
2255 1316 2319 1355 ex
2363 1302 2629 1357 sententia
2683 1301 3120 1364 successissent,
3155 1298 3347 1370 reliqui

1774 1393 2030 1459 deinceps
2056 1393 2407 1463 magistratus
2450 1393 2542 1462 qui
2575 1394 2826 1449 civitates
2854 1393 3133 1448 Maximini
3172 1394 3347 1461 impe-

1773 1484 1857 1539 rio
1905 1483 2182 1554 subjectas
2229 1483 2576 1549 incolebant,
2624 1486 2763 1539 idem
2808 1499 3024 1555 quoque
3054 1484 3347 1539 decernere

1774 1576 2165 1643 instituerunt;
2215 1576 2349 1647 ipsis
2381 1578 2543 1632 etiam
2577 1577 2986 1645 provinciarum
3029 1574 3349 1646 praesidibus

1773 1667 1864 1737 qui
1903 1667 1953 1721 id
1981 1676 2200 1736 gratum
2233 1683 2353 1723 esse
2381 1670 2694 1738 imperatori
2729 1676 3142 1738 perspexerant,
3168 1665 3356 1721 subdi-

1776 1769 1857 1814 tos
1883 1775 2072 1816 omnes
2101 1771 2160 1815 ut
2204 1761 2345 1816 idem
2381 1762 2627 1817 facerent
2678 1761 3148 1816 submonentibus.
3205 1759 3349 1825 Quo-

1774 1867 1892 1905 rum
1921 1851 2156 1909 decretis
2178 1869 2300 1908 cum
2339 1862 2602 1926 tyrannus
2638 1853 2766 1909 dato
2795 1853 3063 1921 rescripto
3105 1851 3350 1907 libentis-

131 1943 319 1997 νέστατα
345 1942 730 2004 ἐπινεύσαντος
761 1939 855 1993 τοῦ
884 1939 1172 2011 τυράννου,
1213 1934 1370 2002 αὖθις
1397 1938 1458 2003 ἐξ
1493 1939 1669 2009 ὑπαρ-

1780 1944 1905 1998 sime
1933 1944 2262 2011 annuisset,
2306 1961 2495 2001 rursus
2541 1947 2807 2001 adversus
2844 1955 3061 2000 nostros
3092 1944 3354 2000 recrude-

130 2034 252 2103 χῆςὸ
286 2033 401 2086 καθ’
440 2033 596 2104 ἡμῶν
634 2030 960 2101 ἀνεφλέγετο
992 2029 1254 2100 διωγμός.
1313 2028 1499 2098 Ἱερεῖς
1530 2027 1663 2099 δῆτα

129 2124 238 2178 κατὰ
272 2125 418 2178 πόλιν
453 2124 564 2177 τῶν
609 2123 832 2191 ξοάνων,
870 2122 964 2175 κα).
1011 2122 1104 2175 ἐπὶ
1135 2120 1347 2184 τούτοις
1389 2122 1665 2193 ἀρχιερεῖς

129 2219 235 2289 πρὸς
269 2218 425 2272 αὑτοῦ
455 2216 765 2293 Μαξιμίνου
808 2214 948 2286 (16),
993 2216 1043 2268 οἱ
1086 2215 1321 2287 μάλιστα
1357 2218 1478 2279 ταῖς
1509 2215 1662 2269 πολι-

130 2311 264 2375 τείαις
279 2309 670 2381 διαπρέψαντες
696 2309 788 2362 καὶ
815 2307 902 2361 διὰ
930 2307 1117 2361 πασῶν
1151 2306 1349 2373 ἔνδοξοι
1386 2308 1668 2379 γενόμενοι

129 2401 436 2455 καθίσταντο·
468 2394 551 2465 οἷς
583 2400 679 2453 καὶ
704 2398 871 2470 πολλή
903 2416 987 2462 τις
1018 2399 1270 2469 είσήγετο
1301 2399 1504 2470 σπουδὴ
1540 2401 1667 2471 περὶ

129 2492 201 2563 τὴν
221 2491 317 2545 τῶν
347 2490 802 2564 θεραπευομένων
844 2489 980 2561 πρὸς
1019 2489 1201 2542 αὐτῶν
1240 2488 1557 2561 Θρησκείαν.
1602 2490 1667 2543 Ἡ

133 2584 228 2652 γοῦν
245 2585 463 2649 ἔκτοπος
495 2585 609 2655 (17)
631 2582 724 2636 τοῦ
754 2582 1078 2655 κρατοῦντος
1098 2581 1508 2653 δεισιδαιμονία,
1545 2600 1667 2636 συν-

128 2675 262 2729 ελόντι
301 2676 484 2745 φάναι,
533 2673 746 2736 πάντας
796 2672 921 2734 τοὺς
945 2670 1060 2742 ςοτς
1104 2671 1269 2725 αὐτὸν
1311 2669 1580 2743 ἄρχοντάς
1605 2687 1665 2723 τε

128 2765 199 2815 καὶ
229 2764 550 2836 ἀρχομένους
577 2766 657 2825 εἰς
684 2761 780 2833 τὴν
818 2761 980 2815 αὐτοῦ
1009 2762 1169 2831 χάριν
1197 2761 1377 2815 πάντα
1408 2762 1665 2833 πράττειν

126 2855 219 2909 καθ’
245 2857 392 2927 ἡμῶν
424 2857 614 2927 ἐνῆγε,
641 2854 842 2925 ταύτην
875 2854 1023 2924 αὑτῷ
1056 2854 1215 2925 χάριν
1258 2853 1521 2925 μεγίστην
1550 2854 1667 2907 ἀνθ’

127 2941 181 2999 ὢν
204 2948 433 3019 ὲνόρῖιζον
470 2950 609 3020 πρὸς
642 2947 805 3001 αὑτοῦ
848 2946 1130 3014 τεύξεσθαι
1157 2945 1485 3017 εὐεργεσιῶν
1522 2947 1669 2999 ἀντι-

126 3038 458 3111 δωρουμένων,
502 3039 563 3093 τὺ
615 3038 737 3092 καθ’
781 3038 939 3109 ἡμῶν
990 3039 1188 3109 φονᾷν,
1236 3036 1329 3090 καί
1392 3054 1548 3101 τινας
1593 3039 1675 3102 είς

126 3130 243 3200 ἡμᾶς
263 3131 582 3204 καινοτέρας
604 3129 935 3203 κακοηθείας
957 3128 1353 3183 ἐνδείκνυσθαι.

1772 2040 1928 2088 ecere
1960 2036 2129 2105 empit
2183 2037 2588 2104 persecutionis
2644 2036 2818 2093 furor.
2863 2034 3139 2092 Flamines
3173 2037 3356 2105 itaque
3430 2036 3433 2039 ’

1771 2123 2188 2203 simulacrorum
2228 2125 2281 2179 in
2315 2127 2545 2197 singulis
2575 2128 2802 2184 urbibus
2829 2171 2844 2194 ,
2874 2146 2937 2185 ac
2967 2145 3229 2201 prmterea
3264 2153 3355 2194 sa-

1771 2219 2025 2273 cerdotes
2056 2219 2124 2274 ab
2156 2218 2274 2287 ipso
2304 2219 2600 2275 Maximino
2628 2223 2914 2277 οοιιειὶιιιιί
2950 2235 3078 2280 sunt
3099 2268 3112 2288 ,
3164 2229 3197 2283 ii
3245 2246 3357 2284 ma-

1774 2309 1918 2364 xime
1959 2312 2051 2380 qui
2106 2312 2158 2366 in
2195 2312 2427 2382 publicis
2480 2311 2847 2370 functiouibus
2892 2318 3159 2375 obeundis
3203 2336 3354 2376 sum-

1774 2415 1917 2454 mam
1949 2402 2175 2471 gloriam
2222 2404 2368 2458 inter
2411 2408 2563 2461 cives
2591 2421 2721 2461 suos
2751 2423 2793 2460 ri
2813 2408 3086 2464 tulissent.
3116 2410 3177 2465 lli
3225 2427 3359 2481 ergo

1775 2493 1828 2545 in
1863 2492 2167 2549 iucoleudis
2199 2496 2514 2553 numinibus
2538 2498 2653 2553 suis
2688 2499 2917 2553 multum
2956 2501 3123 2555 studii
3166 2517 3231 2556 ac
3265 2504 3354 2556 di-

1773 2583 2011 2653 ligentiae
2032 2585 2418 2643 adhibuerunt.
2449 2588 2690 2659 Denique
2720 2590 2938 2645 insolita
2967 2600 3024 2647 et
3045 2593 3358 2664 prodigiosa

1772 2676 2038 2747 principis
2083 2680 2410 2749 superstitio
2434 2716 2451 2747 ,
2500 2688 2756 2746 cunctos,
2799 2690 2856 2736 ut
2891 2683 3128 2739 breviter
3158 2685 3357 2751 dicam,

1774 2767 1942 2836 ipsius
1995 2769 2355 2825 dominationi
2410 2773 2689 2842 subjectos
2741 2782 2847 2831 tam
2902 2775 3144 2842 privatos
3194 2791 3359 2847 quam

1776 2861 2125 2930 magistratus
2170 2877 2236 2917 eo
2282 2863 2515 2934 perpulit
2542 2901 2558 2931 ,
2602 2875 2664 2921 ut
2708 2866 2761 2921 in
2807 2867 2924 2937 ejus
2958 2869 3187 2937 gratiam
3227 2869 3361 2923 nihil

1776 2965 1882 3004 non
1928 2962 2153 3020 agerent
2203 2955 2466 3010 adversus
2516 2966 2781 3012 nostros:
2823 2966 2877 3012 et
2929 2944 3027 3027 pro
3075 2958 3361 3013 beneﬂciis

1773 3056 1894 3111 qua:
1937 3058 1998 3099 se
2023 3044 2093 3100 ab
2125 3043 2217 3099 illo
2256 3056 2653 3103 consecuturos
2678 3063 2800 3104 esse
2846 3050 3184 3119 sperabant,
3219 3051 3357 3104 nihil

1775 3134 1985 3203 gratius
2016 3136 2318 3205 rependere
2353 3151 2411 3192 se
2438 3152 2597 3207 posse
2636 3139 2892 3194 crederet
2920 3180 2935 3206 ,
2966 3156 3133 3211 quam
3179 3142 3223 3196 si
3255 3157 3361 3196 eae-

127 3232 200 3284 dcs
228 3239 522 3285 nostrorqu
550 3236 851 3299 patrarent,
875 3236 929 3282 et
948 3243 1094 3282 nova
1127 3227 1373 3297 quaedam
1401 3225 1666 3280 adversus
1693 3238 1911 3286 nostros
1950 3228 2199 3286 fraudum
2225 3241 2388 3302 atque
2410 3234 2732 3288 insidiarum
2769 3248 2969 3305 genera
2991 3245 3360 3295 ostentarent.

616 3346 1011 3401 ΚΕΦΑΛΑΙΟΝ
1055 3348 1129 3401 E'.

267 3442 400 3511 Περὶ
435 3440 556 3495 τῶν
578 3439 977 3511 ἐπιπλάστων
1013 3442 1176 3509 ὐπομ

546 3510 691 3581 (Nic.
720 3513 792 3564 Η.
815 3512 880 3563 Ε.
924 3525 1017 3574 vn,
1044 3511 1172 3582 28).

182 3601 503 3678 Πλεσᾶμενοι
538 3604 675 3673 δῆτα
708 3601 938 3658 Πιλάτου
977 3603 1073 3657 καὶ
1110 3603 1204 3657 τοῦ
1237 3605 1487 3676 Σωτῆρος
1513 3608 1545 3678 ή
1556 3606 1672 3677 μῶν

127 3694 453 3767 ὑπομνήματα
480 3695 617 3766 (18),
660 3693 841 3767 πάσης
881 3694 1265 3773 epit-lamnae
1304 3696 1401 3751 τοῦ
1432 3700 1670 3770 Χριστοῦ

128 3786 455 3862 βλασφημίας,
501 3787 700 3860 γνώμῃ
747 3787 841 3841 τοῦ
896 3788 1141 3860 μείζονος
1187 3789 1298 3863 (19)
1349 3791 1443 3844 ἐπὶ
1490 3794 1672 3847 πᾶσαν

1177 3440 1461 3511 νημάτων

193 3933 288 4003 (I5)
352 3930 698 4003 Hpoagdég
762 3930 814 3984 δ’
867 3926 1041 3987 εἶναι.

126 4000 380 4075 προσφιλές
398 4000 475 4073 ⁷γε
507 4000 669 4075 εἶναι.

180 4064 276 4147 (lii)
302 4064 618 4147 Ἀργξιερεῖς
645 4071 999 4147 πρὸςαὺτοῦ
1019 4071 1374 4147 Μαξιμίνοίυ.
1413 4064 1680 4147 Sacerdos

127 4143 723 4215 prerincite‘sull‘ragiis
778 4145 1131 4215 decurionum
1186 4143 1497 4208 creabatur,
1531 4146 1678 4215 iique

128 4217 429 4279 potissimum
457 4216 525 4269 ad
556 4214 815 4268 honorem
843 4213 1133 4268 sacerdotii
1194 4213 1673 4282 promovebantur,

128 4288 199 4353 qui
242 4288 485 4341 omnibus
548 4284 716 4338 curia:
770 4283 1085 4337 muneribus
1136 4283 1353 4351 egregie
1404 4283 1674 4353 perfuncti

128 4364 297 4419 essent,
325 4365 382 4408 ut
425 4355 625 4425 legitur
655 4353 706 4406 in
750 4354 935 4416 codice
984 4353 1383 4425 Theodosiano,
1414 4354 1570 4409 titulo
1611 4356 1678 4408 de

129 4424 499 4481 decurionibus.
523 4425 577 4478 lii
610 4438 739 4491 ergo
764 4433 822 4475 ut
859 4439 1056 4478 novum
1096 4432 1149 4478 et
1185 4424 1497 4477 inusitatum
1528 4434 1680 4479 notat

130 4497 369 4560 Eusebius,
401 4496 547 4565 quod
587 4492 909 4548 Maximinus
957 4494 1073 4563 ipse
1119 4492 1430 4549 sacerdotes
1458 4495 1678 4565 provin-

128 4568 203 4618 ciae
224 4567 435 4632 designa
446 4565 607 4618 verit.

182 4636 276 4707 (17)
312 4630 622 4707 Ἐκτοπος.
648 4630 829 4707 Vulg.,
853 4632 1177 4707 ἐκπτωτος.
1202 4633 1422 4707 lieclius
1471 4634 1522 4689 in
1546 4634 1669 4691 cod.

130 4704 331 4760 iled.'et
362 4706 496 4760 Maz.
529 4705 760 4775 ἔκτοπος
801 4704 1014 4775 legitur.
1044 4706 1147 4775 iSic
1189 4705 1352 4760 etiam
1404 4707 1670 4775 scriptum

130 4775 293 4832 habent
318 4780 490 4832 codex
531 4773 742 4829 Fuketii
778 4784 831 4829 et
868 4774 1077 4831 Savilii.

181 4848 276 4920 (l8)
301 4847 637 4903 Πιλάτου...
664 4842 1176 4920 summumne
1198 4844 1394 4920 horum
1417 4844 1672 4920 Actorum

128 4913 347 4982 falsitate,
372 4920 495 4973 vide
518 4931 641 4984 qua:
663 4913 867 4970 notavit
900 4916 1162 4969 Eusebius
1197 4915 1250 4968 in
1280 4931 1400 4984 cap.
1434 4917 1466 4969 9
1512 4917 1603 4969 lib.
1633 4931 1670 4970 ι.

128 4984 411 5044 Eorumdem
447 4992 708 5042 Actorum
752 4987 955 5039 mentio
1010 4986 1069 5038 lit
1127 4984 1180 5039 in
1216 4985 1361 5038 Actis
1391 4986 1672 5052 prmsidia-

127 5054 236 5113 libus
257 5059 507 5121 Taraclii,
542 5056 702 5110 Probi
727 5055 1118 5124 etAuilronici,
1154 5072 1275 5124 cap.
1303 5056 1358 5118 9,
1390 5057 1476 5108 ubi
1505 5056 1672 5109 Maxi-

129 5140 224 5182 mus
253 5144 445 5198 prmses
474 5132 592 5181 tunc
624 5127 759 5198 dicit
786 5143 800 5179 :
845 5141 864 5175 ι
894 5123 1080 5198 Inique
1103 5141 1207 5179 non
1227 5123 1368 5189 scis,
1396 5141 1556 5198 queui
1588 5128 1673 5179 iti-

127 5195 584 5260 VocasCIIristutii,
629 5197 902 5250 hominem
936 5196 1154 5265 quidem
1220 5197 1409 5263 fuisse,
1471 5195 1671 5249 factum

129 5270 206 5321 sub
227 5270 461 5324 custodia
492 5268 668 5320 Pontii
694 5265 849 5320 Pilali
897 5275 952 5318 et
991 5265 1256 5333 punitmn,
1282 5266 1438 5331 cujus
1460 5276 1676 5321 exstant

127 5338 233 5391 Acta
272 5340 557 5409 passionis.
592 5356 614 5409 Δι
654 5336 823 5409 Porro
854 5336 991 5409 Ahmc
1028 5339 1156 5388 Acta
1190 5336 1521 5409 praemia/ia
1569 5334 1675 5409 Ta-

129 5404 453 5473 rachi,'l’robi
489 5418 545 5461 et
575 5406 1058 5475 Andronici,gesta
1077 5414 1202 5458 sunt
1234 5404 1672 5472 DiocletianolV,

128 5486 170 5529 et
199 5478 516 5536 Maximiano
548 5475 640 5538 ΙΙΙ.
663 5491 829 5540 coss.,
863 5485 921 5528 ut
956 5476 1362 5544 quidemhahet
1394 5476 1675 5542 inscriptio

131 5549 285 5609 prima:
339 5548 803 5615 interrogationis.
858 5546 933 5599 Ex
968 5560 1074 5615 quo
1116 5543 1367 5608 eﬂicitur,
1416 5548 1548 5600 Acta
1585 5546 1673 5599 illa

133 5618 257 5674 l‘ilati
286 5622 369 5674 diu
394 5628 524 5673 ante
560 5614 990 5685 persecutionem
1015 5614 1183 5669 fuisse
1206 5616 1456 5681 conlieta,
1479 5626 1673 5685 contra

129 5700 261 5753 qiiain
288 5681 862 5745 Eusebius'aﬂirmare
903 5685 1113 5740 videtur
1161 5685 1264 5740 hoc
1300 5688 1437 5741 loro.
1479 5681 1678 5740 Verum

132 5768 177 5808 tu
199 5759 352 5816 libere
383 5761 566 5814 dicam
606 5758 749 5826 quod
785 5757 980 5818 sentio,
1009 5759 1267 5809 mendosa
1303 5756 1431 5810 mihi
1462 5759 1678 5809 videtur

130 5826 378 5901 inscriptio
410 5829 503 5886 illa
542 5828 795 5882 Actorum
847 5826 1226 5891 mwsidialium
1246 5867 1266 5895 ,
1304 5827 1674 5883 scribendum-

1124 3932 1484 3988 Scribendum
1547 3947 1677 4004 puto

2402 3354 2633 3411 CAPUT
2664 3356 2732 3412 V.

2323 3448 2400 3504 De
2450 3448 2604 3520 falsi:
2661 3449 2820 3505 actis.

1847 3604 2088 3677 Denique
2132 3620 2256 3661 eum
2291 3615 2411 3662 acta
2450 3605 2695 3675 quaedam
2732 3605 2872 3676 apud
2902 3603 3146 3661 Pilatum
3202 3622 3363 3677 super

1777 3698 2076 3755 Servatore
2109 3709 2301 3755 nostro
2336 3700 2519 3755 habita
2567 3700 3047 3768 composuissent,
3079 3699 3237 3768 plena
3273 3701 3375 3754 itu-

1788 3792 2012 3861 pietatis
2053 3793 2318 3846 adversus
2343 3791 2625 3847 Christum
2656 3832 2670 3858 ,
2706 3805 2769 3845 ea
2800 3806 2896 3860 per
2931 3806 3121 3845 omnes
3150 3793 3365 3860 provin-

1773 3920 1891 4005 .que
1927 3951 2073 3991 coss.
2108 3934 2440 3988 Diocletiano
2465 3934 2720 4005 Augatx,
2768 3940 2823 3985 et
2868 3930 3209 4005 Maximiano
3247 3946 3364 3985 vni.

1788 4001 1968 4061 Primo
1991 4007 2132 4060 enim
2162 4006 2363 4059 mentio
2406 4005 2462 4057 lit
2490 4005 2540 4057 in
2560 4001 2683 4057 illis
2713 4004 2861 4057 Actis
2908 4001 3157 4070 praecepti
3196 4002 3367 4069 impe-

1788 4086 2050 4138 ratorum,
2072 4091 2180 4145 quo
2209 4076 2416 4130 scilicet
2441 4074 2654 4144 jussum
2678 4083 2814 4133 erat,
2840 4081 2901 4126 ut
2922 4086 3109 4124 omnes
3138 4071 3238 4123 diis
3263 4071 3365 4123 im-

1788 4146 2102 4201 mortalibus
2131 4146 2523 4199 sacrilirarent.
2558 4145 2680 4197 lla-c
2720 4153 2900 4195 autern
2929 4150 3194 4208 prmeepta
3234 4149 3363 4193 sunt

1738 4224 1745 4233 ‘
1784 4233 1930 4271 anno
1961 4217 2174 4271 decimo
2231 4229 2373 4269 uano
2420 4215 2637 4283 imperii
2686 4212 3023 4283 Diocletiani.
3080 4209 3278 4283 Deinde
3309 4210 3361 4283 in

1783 4303 1904 4353 cap.
1936 4288 1990 4353 9,
2044 4287 2157 4339 hzcc
2201 4285 2453 4353 leguntur
2496 4277 2510 4336 Ξ
2555 4300 2573 4334 ι
2616 4281 2825 4358 Prmses
2869 4278 3004 4333 dixit
3042 4277 3365 4358 :Maledieis

1783 4352 2056 4427 principes
2089 4358 2178 4424 qui
2204 4352 2512 4427 diuturnam
2548 4363 2601 4406 et
2629 4352 2789 4403 altam
2825 4363 3011 4418 partem
3040 4352 3360 4416 praestitere.

1781 4423 2127 4481 Andronicus
2162 4425 2297 4479 dixit
2350 4439 2363 4474 :
2414 4423 2524 4493 Ego
2556 4431 2876 4493 eXsecratus
2906 4433 3025 4472 sum
3074 4428 3279 4493 pestem
3308 4428 3364 4470 et

1784 4496 2211 4564 sauguibibulos,
2264 4495 2354 4562 qui
2396 4486 2647 4547 evibrtunt
2717 4492 2999 4564 mundum.
3045 4486 3083 4540 r
3118 4486 3361 4541 Primum

1705 4567 1747 4621 D
1780 4560 1911 4621 illud
1933 4568 1999 4622 de
2029 4568 2136 4619 alta
2169 4580 2233 4618 ac
2254 4560 2512 4618 diuturna
2551 4576 2702 4630 pace,
2732 4560 3027 4614 convenire
3053 4574 3160 4611 non
3187 4565 3365 4626 potest

1778 4640 1828 4692 in
1882 4635 2501 4706 quartumconsulatum
2548 4631 2898 4706 Diocletiani,
2939 4644 3062 4706 cum
3109 4642 3174 4682 eo
3220 4634 3363 4680 tetu-

1774 4698 2152 4778 pore-barban
2195 4705 2498 4778 imperium
2542 4701 2858 4778 iiontanunt
2891 4698 3125 4778 undique
3168 4712 3361 4778 οεδιτῇ

1775 4768 2052 4833 ilereutur.
2116 4768 2317 4847 Deinde
2349 4790 2455 4828 non
2508 4773 2663 4827 video
2686 4771 2958 4847 quomodo
2990 4768 3360 4847 sanguibihuli

1775 4847 1882 4902 dici
1910 4848 2122 4916 possint
2157 4845 2528 4899 Diocletianus
2580 4854 2635 4895 et
2681 4842 3066 4899 Maximianus,
3103 4842 3202 4891 nisi
3238 4850 3362 4916 post

1774 4911 1974 4973 annum
2026 4932 2121 4970 χιιι
2158 4915 2660 4988 Diocletiani,___quo
2692 4922 2868 4988 empta
2907 4911 3363 4988 _esthpet's_eeutio.

1776 4988 2001 5042 Accedit
2055 4996 2434 5054 argumentum
2485 4977 2624 5038 illud
2677 4989 2744 5054 de
2784 4977 2952 5034 netis
3004 4977 3188 5054 Pilati,
3245 4993 3367 5054 qua:

1774 5058 1935 5128 hujus
1961 5048 2357 5127 persecutionis
2404 5065 2647 5124 tempore
2692 5052 2817 5105 ﬂeta
2866 5064 2986 5107 esse
3039 5048 3206 5102 tradit
3253 5051 3363 5103 Eu-

1775 5129 1981 5182 sebius.

1847 5198 1959 5269 (19)
1985 5192 2201 5265 Γνώμη
2226 5193 2333 5249 τοῦ
2355 5190 2643 5269 μείζονος.
2674 5190 2902 5269 Ruﬁnus
2925 5192 3037 5269 huic
3061 5192 3132 5245 ita
3156 5189 3317 5269 vertit
3347 5205 3362 5242 :

1777 5261 1907 5335 Qui:
1939 5261 2070 5321 tacta
2100 5261 2400 5331 peratum};
2459 5265 2604 5335 regni
2657 5264 2747 5335 sui
2793 5265 3090 5327 provincias
3142 5261 3364 5335 prwlato

1775 5331 1945 5393 citima
1974 5337 2113 5391 mitti
2167 5338 2433 5405 prtt‘cepit.
2490 5333 2667 5386 [inlini
2720 5331 3365 5405 verbaAexpressissevi-

1776 5411 1932 5464 detur
1968 5400 2402 5476 Nicepliorusiu
2439 5405 2530 5457 lib.
2568 5418 2817 5476 ru,_cap_.
2848 5401 2944 5476 26ῑ
2980 5400 3058 5454 sic
3085 5401 3231 5454 enim
3262 5400 3362 5476 ha:

1776 5480 1866 5535 bet
1897 5497 1910 5532 :
1950 5477 2072 5531 Ἐπὶ
2105 5470 2215 5548 ’τὴν
2246 5475 2350 5548 ὑπὸ
2394 5477 2552 5547 χεῖρα
2590 5470 3208 5548 σφῶνςδιαπεμπονται,
3269 5470 3365 5548 καί

1776 5566 1934 5621 τινων
1960 5541 2877 5621 τιρογροίμμάτωνλιτροηγουμένων⁴
2909 5541 3069 5595 certe
3097 5542 3149 5594 in
3203 5541 3365 5621 codd.

1775 5610 2299 5674 Fnketii'et'Sa'vilii
2357 5610 2618 5684 scriptum
2666 5610 2747 5670 est
2778 5613 2866 5667 διὰ
2912 5610 3364 5685 προγραμμάτωι

1776 5689 2290 5763 παρακελευόμενοι,
2324 5697 2432 5741 etc.
2876 5694 2881 5697 '
