3860 6482
547 438 651 496 ΕΗ

1276 431 1546 489 EUSEBII
1582 431 2056 489 CESARIENSIS
2090 434 2241 492 OPP.
2281 434 2459 491 PARS
2496 434 2538 491 Ι.
2576 464 2645 476 -
2687 434 3077 493 dlSTORICA.

3662 438 3756 492 Si?

540 550 822 608 dederitis.
857 548 990 604 Nam
1027 559 1182 602 antea
1218 548 1435 617 quidem
1484 547 1688 603 nemini
1735 557 1854 603 erat
1901 550 2097 605 obscu-

2214 568 2318 617 θεν,
2367 532 2444 615 ῶς
2488 551 2742 621 μέγιστον
2767 551 2965 623 δεῖγμα
2997 555 3098 623 τῆς
3139 549 3418 621 θεοφιλοῦς
3451 548 3601 618 ὑμῶν
3640 568 3761 623 προ-

542 659 660 697 rum
692 653 895 713 quanta
941 640 1281 695 observantia
1312 654 1376 695 ac
1412 639 1670 709 religione
1714 641 1843 695 deos
1879 641 2098 695 immor-

545 732 679 789 tales
702 730 972 788 coleretis.
1006 730 1214 800 Quippe
1249 731 1446 800 quibus
1476 746 1582 786 non
1618 732 1883 786 nudorum
1918 732 2102 786 etina-

543 824 690 879 nium
727 822 1010 877 verborum
1047 821 1222 885 ﬁdes,
1271 821 1365 874 sed
1417 822 1677 876 continua
1733 830 1787 874 et
1837 823 2100 892 stupenda

540 914 830 970 illustrium
863 913 1167 968 facinorum
1200 911 1460 967 miracula
1505 913 1898 968 innotuissent.
1948 911 2103 970 Unde

538 1017 593 1060 et
619 1005 813 1061 civitas
837 1015 1017 1061 vestra
1051 1003 1272 1059 deorum
1302 1003 1689 1058 immortalium
1717 1003 1875 1060 sedes
1912 1018 1977 1058 ac
2008 1006 2104 1059 do-

540 1097 799 1153 micilium
819 1098 944 1167 jure
976 1096 1172 1151 merito
1203 1094 1523 1165 appelletur.
1564 1094 1745 1150 Multis
1770 1105 1921 1150 certe
1946 1111 2105 1165 argu-

541 1188 741 1240 mentis
790 1183 1200 1240 evidentissime
1243 1192 1489 1255 apparet,
1520 1198 1641 1239 eam
1675 1183 1976 1241 cwlestium
2005 1201 2107 1239 nu-

540 1277 746 1332 minum
791 1278 1022 1331 adventu
1068 1291 1132 1330 ac
1179 1275 1468 1345 praesentia
1523 1273 1745 1331 ﬂorere.
1790 1274 1941 1330 Nune
1975 1289 2107 1331 vero

545 1368 738 1423 civitas
767 1377 968 1431 vestra,
1009 1365 1268 1435 neglectis
1295 1365 1549 1420 omnibus
1581 1380 1701 1436 quae
1741 1366 1912 1435 ipsius
1935 1366 2107 1421 inter-

540 1476 660 1517 esse
718 1460 1060 1524 videbantur,
1103 1466 1159 1512 et
1184 1457 1405 1512 omissis
1433 1457 1686 1526 precibus
1713 1472 1848 1527 quas
1882 1473 1981 1529 pro
2006 1459 2109 1514 rei-

541 1549 768 1622 publicae
804 1562 917 1604 sua:
968 1546 1196 1618 negotiis
1242 1548 1473 1603 antehac
1532 1546 1690 1602 nobis
1737 1545 1933 1603 oﬂ‘erre
1983 1563 2111 1603 con-

542 1650 833 1705 sueverat;
883 1639 974 1693 ubi
1020 1638 1254 1708 primum
1311 1638 1482 1694 sensit
1537 1638 1788 1694 homines
1834 1641 2111 1695 detestan-

545 1733 630 1789 da:
695 1732 956 1788 vanitatis
1037 1731 1235 1784 iterum
1302 1743 1521 1800 serpere
1593 1730 1820 1799 rtepisse
1860 1769 1876 1796 ,
1950 1728 2110 1800 353

544 1834 602 1879 et
665 1823 820 1894 quasi
890 1820 1193 1891 neglectum
1261 1834 1327 1873 ac
1382 1820 1614 1889 s0pitum
1669 1820 2111 1889 quemdam’ro-

2200 643 2464 715 αιρέσεως
2509 641 2797 697 δεδωκέναι
2823 661 2837 675 ·
2887 643 3051 696 ὁπότε
3097 642 3191 697 καὶ
3228 641 3334 713 πρὸ
3370 641 3560 695 τούτου
3602 641 3759 699 οὐδενὶ

2203 734 2482 802 ἄγνωστον
2512 728 2581 803 ἦν
2600 772 2615 796 ,
2660 731 2850 796 ὁποίας
2887 731 3324 803 παρατηρήσεως
3354 731 3446 783 καὶ
3474 728 3759 795 θεοσεϐείας

2202 824 2339 896 πρὸς
2369 824 2493 887 τοὺς
2535 823 2833 887 ἀθανάτους
2865 823 3024 887 θεοὺς
3056 821 3378 894 ἐτυγχάνετε
3400 821 3575 885 δντες,
3607 816 3683 885 οἷς
3707 824 3758 876 οὐ

2200 913 2373 985 ψιλῶν
2399 914 2493 967 καὶ
2519 915 2796 968 ὑποκένων
2823 914 3084 986 ῥημάτων
3112 913 3223 985 (29)
3254 914 3457 977 πίστις,
3489 912 3621 966 ἀλλά
3650 930 3759 968 συν-

2204 1006 2303 1077 εχῆ
2369 1006 2465 1060 καὶ
2521 1005 2802 1079 παράδοξα
2849 1007 3032 1078 ἐργων
3093 1007 3383 1077 ἐπισήμων
3432 1004 3756 1076 γνωρίζεται.

2204 1098 2402 1170 Διόπερ
2455 1099 2693 1163 ἐπαξίως
2746 1100 2779 1171 ἡ
2822 1097 3067 1169 ὑμετέρα
3116 1096 3268 1159 πόλις
3320 1096 3459 1149 θεῶν
3500 1094 3760 1150 ἀθανάτων

2205 1192 2408 1264 ῖδρυμά
2445 1209 2505 1246 τε
2545 1192 2640 1246 καὶ
2687 1192 3000 1263 οἰκητήριον
3027 1188 3337 1243 ἐπικαλοίτο
3355 1205 3370 1219 ’
3408 1186 3619 1251 πολλοῖς
3650 1185 3761 1255 γοῦν

2207 1282 2610 1354 παραδείγμασι
2654 1281 3078 1351 καταφαίνεται,
3120 1282 3186 1351 τῇ
3217 1280 3325 1332 τῶν
3352 1279 3617 1350 οὐρανίων
3643 1277 3761 1332 θεῶν

2207 1374 2376 1445 αὐτὴν
2422 1373 2683 1445 ἐπιδημίᾳ
2711 1373 2820 1444 (30)
2854 1372 3057 1427 ἀνθεῖν.
3103 1372 3233 1426 Ἰδοὺ
3266 1371 3445 1425 τοίνυν
3484 1372 3517 1441 ἡ
3549 1370 3762 1442 ὑμετέρα

2210 1467 2361 1529 πόλις
2380 1467 2595 1520 πάντων
2621 1465 2728 1519 τῶν
2754 1465 2859 1537 ίδία
2884 1464 3247 1538 διαφερόντων
3272 1466 3411 1535 αὐτῇ
3440 1463 3760 1534 ἀμελήσασα,

2209 1558 2304 1611 καὶ
2332 1557 2432 1619 τὰς
2453 1556 2719 1628 πρότερον
2738 1556 2848 1609 τῶν
2873 1555 3016 1628 ὑπὲρ
3040 1557 3177 1626 αὐτῇ
3206 1554 3547 1625 πραγμάτων
3572 1553 3758 1624 δεήσεις

2210 1647 2529 1721 παριδοῦσα,
2558 1648 2646 1700 ὅτε
2688 1646 2848 1701 πάλιν
2878 1647 3074 1720 ᾔσθετο
3096 1647 3221 1710 τοὺς
3242 1645 3345 1715 τῆς
3379 1644 3648 1716 ἐπαράτου
3677 1660 3763 1714 μα-

2208 1741 2489 1813 ταιότητος
2514 1740 2799 1811 γεγονότας
2818 1739 3008 1812 ἕρπειν
3032 1737 3295 1812 ἄρχεσθαι
3322 1737 3456 1810 (Si),
3485 1738 3578 1791 xui.
3598 1737 3762 1804 ὥσπερ

2211 1833 2573 1905 ἀμεληθεῖσαν
2603 1831 2696 1887 καὶ
2722 1831 3131 1903 κεκοιμημένην
3158 1829 3339 1901 πυράν
3358 1869 3373 1894 ,
3404 1828 3765 1899 ἀναζωπυρου-

545 1929 669 1980 gum
729 1912 984 1966 redivivis
1028 1910 1304 1966 l'oniitibus
1369 1911 1615 1981 ingentes
1674 1911 1878 1981 ignium
1925 1912 2108 1982 globos

2215 1927 2393 1998 μένων
2432 1924 2538 1977 τῶν
2576 1922 2799 1997 πυρσῶν
2834 1922 3094 1994 μεγίστας
3138 1920 3410 1993 πυρκαϊὰς
3449 1916 3762 1991 ἀναπληροῢο

479 2076 487 2083 1
545 2006 722 2059 denuo
759 2004 1039 2069 excitare;
1088 2003 1380 2059 confestim
1436 2004 1502 2057 ad
1558 2011 1797 2057 nostram
1847 2002 2105 2072 pietatem

549 2106 807 2167 tanquam
861 2097 926 2150 ad
976 2096 1140 2150 totius
1173 2095 1444 2163 religionis
1474 2095 1811 2163 metropolim
1839 2093 2105 2164 confugit,

548 2190 847 2243 remedium
886 2189 1103 2258 aliquod
1140 2198 1196 2243 et
1240 2188 1540 2243 subsidium
1589 2185 1910 2255 elllagitans.
1954 2187 2107 2255 Quod

544 2285 765 2355 quidem
804 2282 1023 2337 salubre
1063 2280 1368 2343 consilium,
1398 2278 1552 2334 vobis
1592 2278 1662 2334 ob
1695 2279 1855 2335 [idem
1895 2279 2111 2349 pictatis

546 2386 739 2430 vestrae
769 2389 797 2429 a
832 2375 938 2428 diis
966 2371 1362 2428 immortalibus
1384 2380 1691 2441 suggestum
1727 2386 1851 2426 esse
1879 2385 1982 2425 non
2014 2371 2110 2426 du-

545 2467 694 2520 bium
724 2474 830 2519 est.
864 2464 1089 2521 Scilicet
1118 2463 1416 2518 altissimus
1445 2462 1535 2517 ille
1573 2470 1629 2517 et
1652 2462 1919 2519 maximus
1956 2461 2108 2533 Jupi-

548 2567 653 2622 ter,
695 2556 787 2625 qui
842 2554 1160 2611 clarissimae
1185 2554 1415 2609 «civitati
1455 2562 1650 2609 vestrae
1688 2555 1975 2624 prmsidet;
2018 2555 2109 2625 qui

547 2649 758 2720 patrios
785 2657 997 2702 vestros
1023 2646 1174 2714 deos,
1192 2646 1283 2715 qui
1324 2661 1521 2702 uxores
1558 2655 1612 2702 et
1648 2646 1867 2707 liberos.
1902 2648 1993 2717 qui
2020 2662 2112 2717 pe-

547 2748 704 2793 nates
729 2746 785 2791 et
815 2739 1003 2791 domos
1032 2736 1102 2791 ab
1126 2738 1273 2791 omni
1320 2747 1475 2805 peste
1515 2744 1678 2805 atque
1713 2736 1883 2790 exitio
1928 2745 2111 2791 servat

548 2830 868 2893 incolumes,
897 2828 1094 2883 vestris
1121 2828 1395 2883 mentibus
1430 2830 1571 2883 hanc
1602 2828 1894 2884 salutarem
1928 2829 2114 2899 injecit

545 2922 969 2992 cogitationem;
1026 2929 1213 2991 aperte
1262 2920 1513 2976 indicans
1569 2930 1733 2992 atque
1784 2922 2109 2987 ostendens.

543 3027 707 3083 quam
732 3013 990 3067 eximium
1013 3027 1289 3083 quamque
1318 3012 1635 3080 praeclarum
1668 3022 1723 3068 et
1757 3013 1992 3069 salutare
2019 3015 2109 3081 sit,

2214 2035 2343 2081 σαν,
2394 2014 2594 2079 εὐθέως
2637 2014 2773 2085 πρὸς
2810 2012 2911 2083 τὴν
2950 2011 3223 2083 ἡμετέραν
3255 2010 3569 2075 εὐσέϐειαν,
3601 2008 3763 2080 ῶσπερ

2214 2108 2347 2181 πρὸς
2379 2106 2709 2179 μητρόπολιν
2730 2104 2922 2159 πασῶν
2945 2103 3281 2166 θεοσεϐειῶν,
3309 2103 3479 2175 χωρίς
3499 2118 3638 2165 τινος
3665 2101 3764 2171 μελ-

2213 2197 2420 2270 λήσεως
2455 2197 2793 2267 κατέφυγεν,
2841 2195 2986 2249 ἴασίν
3028 2212 3150 2248 τινα
3198 2195 3293 2247 καὶ
3336 2193 3585 2264 βοήθειαν
3625 2194 3765 2246 ἀπαι-

2211 2290 2379 2343 τοῦσα
2402 2308 2415 2321 ο
2466 2291 2653 2363 ἥντινα
2706 2288 2942 2342 διάνοιαν
2976 2285 3294 2357 σωτηριιῖὦη
3313 2324 3328 2350 ,
3359 2285 3447 2338 διά
3483 2285 3579 2355 τὴν
3607 2283 3765 2337 πίστιν

2213 2383 2312 2453 τῆς
2343 2382 2614 2454 ὑμετέρας
2638 2380 2947 2445 θεοσεϐείας
2975 2381 3099 2443 τοὺς
3118 2379 3273 2442 θεοὺς
3307 2380 3435 2449 ὑμῖν
3466 2376 3763 2449 ἐμϐεϐληκέ-

2214 2490 2301 2529 ναι
2350 2471 2507 2543 δῆλόν
2556 2472 2737 2525 ἐστιν’
2790 2472 2997 2532 ἐκεῖνος
3043 2466 3333 2537 τοιγαροῦν
3366 2468 3396 2519 ὁ
3436 2465 3649 2534 ὕψιστος
3687 2464 3765 2517 iul.

2219 2559 2472 2631 μέγιστος
2514 2560 2683 2623 Ζεὺς,
2726 2560 2754 2611 ό
2803 2556 3220 2629 προκαθήμενος
3260 2555 3362 2625 τῆς
3403 2554 3765 2626 λαμπροτάτης

2216 2652 2369 2723 ὑμῶν
2400 2651 2627 2716 πόλεως,
2660 2650 2689 2702 ό
2711 2651 2834 2714 τοὺς
2864 2648 3151 2722 πατρῴους
3176 2646 3331 2721 ὑμῶν
3359 2647 3514 2711 θεοὺς
3533 2688 3547 2711 ,
3577 2648 3663 2701 καὶ
3684 2664 3764 2715 γυ-

2216 2747 2406 2808 ναῖκας
2444 2745 2539 2798 καὶ
2578 2743 2763 2807 τέκνα,
2795 2743 2891 2796 καὶ
2918 2741 3099 2795 ἑστίαν
3131 2740 3225 2794 καὶ
3262 2739 3447 2803 οἴκους
3478 2738 3583 2792 ἀπὸ
3607 2738 3764 2807 πάσης

2215 2834 2455 2905 ὀλεθρίου
2489 2833 2693 2905 φθορᾶς
2718 2832 2979 2905 ῥυόμενος
3002 2873 3017 2898 ,
3044 2833 3166 2895 ταῖς
3192 2831 3489 2902 ὑμετέραις
3510 2830 3690 2901 ψυχαῖς
3715 2827 3764 2880 τὸ

2218 2927 2482 2997 σωτήριον
2513 2925 2796 2979 ἐνέπνευσε
2831 2922 3076 2995 βούλημα
3100 2964 3115 2987 ,
3145 2923 3455 2988 ἐπιδεικνὺς
3479 2924 3568 2977 καὶ
3594 2920 3761 2993 ἐμφαί·

2218 3036 2350 3083 νων,
2393 3018 2543 3081 ὅπως
2579 3015 2854 3087 ἐξαίρετόν
2893 3016 3007 3069 ἐστι
3048 3015 3143 3070 καὶ
3183 3014 3436 3087 λαμπρόν
3482 3014 3575 3069 καὶ
3610 3029 3760 3082 σωτη-

543 3107 611 3160 ad
639 3105 846 3161 cultum
880 3106 1048 3175 ipsius
1078 3115 1130 3159 et
1159 3108 1224 3160 ad
1258 3121 1442 3161 sacras
1462 3107 1687 3161 deorum
1720 3106 2108 3161 immortalium

2220 3110 2439 3181 ριῶδες,
2482 3110 2622 3180 μετά
2655 3109 2748 3162 τοῦ
2783 3108 3133 3181 όφειλομένου
3176 3107 3522 3179 σεϐάσματος
3562 3110 3624 3180 τῇ
3657 3105 3760 3176 θρη-

544 3199 897 3255 εαιτειηοιιίοε
926 3213 1047 3254 cum
1077 3199 1255 3275 debita
1289 3200 1638 3254 veneratione
1671 3199 1955 3254 accedere.
1979 3198 2108 3265 Qui:

2220 3201 2374 3273 σκεία
2399 3201 2509 3273 (52)
2529 3201 2623 3255 καὶ
2639 3202 2757 3264 ταῖς
2780 3200 3186 3273 ίεροθρησκίαις
3211 3200 3319 3254 τῶν
3346 3200 3621 3255 ἀθανάτων
3644 3197 3760 3252 θεῶν

543 3291 687 3344 enim
730 3301 835 3344 tam
886 3289 1150 3356 demens,
1201 3298 1418 3357 tamque
1456 3292 1633 3343 onmis
1686 3304 1879 3345 sensus
1915 3303 2108 3359 expers

2214 3293 2512 3363 προσιέναι.
2547 3292 2642 3356 Τίς
2675 3291 2782 3363 γὰρ
2812 3290 2986 3356 οὕτως
3018 3291 3245 3362 ἀνόητος
3273 3291 3306 3362 ἢ
3336 3291 3430 3345 νοῦ
3463 3290 3647 3353 παντὸς
3676 3288 3757 3342 ἀλ-

546 3381 774 3449 reperiri
808 3389 1006 3450 potest,
1052 3380 1141 3447 qui
1179 3394 1285 3433 non
1318 3377 1581 3449 intelligat
1614 3381 1845 3450 propitia
1888 3380 2108 3435 deorum

2214 3385 2422 3458 λότριος
2454 3385 2736 3457 εὑρεθῆναι
2780 3384 3037 3449 δύναται,
3083 3382 3142 3447 ὃς
3186 3383 3287 3436 οὐκ
3332 3381 3658 3442 αἰσθάνεται,
3701 3380 3757 3448 τῇ

547 3473 599 3526 in
631 3488 728 3527 nos
759 3470 1130 3526 benevolentia
1191 3472 1328 3534 ﬁeri,
1381 3474 1525 3542 quod
1575 3487 1677 3527 nec
1722 3482 1869 3527 terra
1903 3472 2108 3526 credita

2214 3477 2498 3549 φιλαγάθῳ
2536 3476 2644 3531 τῶν
2684 3476 2820 3530 θεῶν
2865 3475 3066 3546 σπουδῇ
3104 3474 3425 3546 συμϐαίνειν
3449 3515 3464 3539 ,
3517 3476 3639 3545 μήτε
3674 3470 3756 3541 τὴν

546 3565 649 3619 sibi
674 3566 913 3634 abnegat
939 3564 1174 3628 semina,
1207 3579 1356 3634 spem
1380 3565 1738 3632 agricolarum
1764 3578 1901 3619 vana
1931 3578 2108 3634 exspe-

2214 3570 2319 3640 γῆν
2346 3567 2415 3622 τά
2439 3567 2841 3639 παραδιδόμενα
2869 3567 3003 3637 αὑτῇ
3035 3566 3329 3637 σπέρματα
3367 3563 3653 3637 ἀρνεῖσθαι,
3673 3561 3755 3631 τὴν

545 3656 786 3712 ctatione
819 3654 1122 3721 deludens;
1156 3670 1255 3710 nec
1281 3655 1432 3726 impii
1468 3656 1589 3711 belli
1618 3664 1872 3727 aspectus
1899 3655 2112 3725 impneo

496 3742 499 3745 ’
546 3744 725 3815 pedite
750 3742 959 3798 deﬁxus
991 3743 1161 3797 haeret
1188 3743 1242 3797 in
1288 3746 1495 3800 terris:
1538 3759 1639 3800 uec
1687 3751 1942 3815 corrupta
1988 3744 2111 3800 caeli

546 3837 807 3905 temperie
829 3836 1037 3889 arentia
1059 3844 1289 3905 pereunt
1316 3850 1544 3906 corpora
1575 3850 1593 3891 :
1624 3852 1726 3893 nec
1744 3838 2113 3892 immoderatis

545 3939 827 3984 ventorum
858 3925 1081 3982 ﬂatibus
1111 3927 1370 3995 agitatum
1401 3931 1620 4000 pelagus
1648 3930 1982 3994 intumescit,
2013 3943 2113 3984 nec

544 4019 741 4075 subitae
785 4027 839 4073 et
888 4026 1088 4087 prmter
1126 4022 1581 4088 caspectatiouem
1630 4022 1942 4091 ingruentes
1987 4033 2113 4091 pro.

543 4113 695 4170 cellae
718 4113 1084 4182 perniciosam
1123 4114 1365 4168 excitant
1407 4121 1783 4184 tempestatem
1814 4129 1831 4168 :
1862 4114 2115 4184 quodque

543 4220 739 4277 parens
767 4206 1008 4259 omnium
1030 4214 1086 4259 et
1113 4205 1294 4260 nutrix
1330 4214 1497 4271 terra,
1522 4221 1621 4260 nec
1650 4204 1718 4260 ab
1742 4204 1865 4260 imis
1893 4205 2113 4259 sedibus

544 4296 817 4352 horrendo
864 4305 1102 4353 tremore
1152 4310 1422 4352 concussa
1465 4295 1738 4364 emergit;
1772 4308 1872 4349 nec
1923 4308 2112 4349 rursus

543 4400 752 4447 montes
775 4389 953 4446 “idem
985 4389 1313 4461 superpositi
1336 4388 1491 4444 hiatu
1521 4388 1701 4442 subito
1726 4387 2107 4442 absorbentur.

2217 3660 2327 3715 τῶν
2370 3659 2631 3732 γεωργῶν
2683 3659 2872 3712 ἐλπίδα
2919 3660 3047 3729 κενῇ
3086 3657 3383 3729 προσδοκίᾳ
3434 3656 3754 3726 σφάλλουσαν,

2223 3750 2343 3823 μηδ’
2375 3745 2441 3805 αὖ
2491 3748 2717 3813 ἀσεϐοῦς
2773 3747 3009 3817 πολέμου
3059 3745 3326 3817 πρόσοψιν
3380 3742 3754 3802 ἀνεπικωλύτως

2218 3843 2310 3897 ἐπὶ
2356 3842 2461 3913 γῆς
2500 3840 2846 3913 στηρίζεσθαι
2895 3838 3037 3909 (53),
3083 3836 3177 3891 καὶ
3221 3837 3521 3911 φθαρείσης
3560 3835 3645 3907 τῆς
3673 3830 3754 3885 τοῦ

2216 3934 2444 4007 οὐρανοῦ
2473 3933 2789 4008 εὐκρασίας,
2832 3931 3126 4002 αὐχμῶντα
3165 3930 3235 3984 τά
3266 3929 3494 4001 σώματα
3524 3931 3597 3992 είς
3620 3927 3757 3980 θάνα-

2218 4044 2309 4081 τον
2337 4025 2760 4096 κατασύρεσθσι,
2796 4025 2933 4096 μηδὲ
2964 4024 3069 4095 μὴν
3097 4023 3355 4094 ἀμέτρων
3387 4022 3593 4093 ἀνέμων
3614 4016 3752 4071 πνεύ-

2222 4133 2354 4188 μασι
2387 4117 2485 4187 τὴν
2517 4116 2791 4170 θάλασσαν
2820 4115 3188 4186 κυμαίνουσαν
3224 4112 3615 4186 κορυφοῦσθαι,
3641 4106 3753 4178 μηδὲ

2218 4225 2280 4277 γε
2314 4208 2629 4276 καταιγίὸας
2652 4206 3087 4276 ἀπροσδοκήτους
3114 4202 3629 4275 καταρρηγνυμένας
3652 4196 3747 4252 ὀλέ-

2217 4301 2363 4373 θριον
2393 4299 2634 4371 χειμῶνα
2668 4297 2973 4370 ἐπεγείρειν
2996 4335 3011 4361 ,
3058 4295 3138 4349 ἔτι
3173 4295 3355 4349 τοίνυν
3385 4296 3520 4367 μήτε
3544 4293 3627 4364 τὴν
3650 4306 3750 4361 τρο-

2217 4387 2315 4456 φὸν
2349 4387 2601 4440 ἁπάντων
2636 4386 2729 4440 καὶ
2770 4385 2983 4457 μητέρα
3026 4388 3162 4457 γῆν,
3210 4384 3321 4439 ἀπὸ
3357 4383 3467 4437 τῶν
3498 4380 3751 4437 κατωτάτω

612 4567 725 4639 (29)
763 4563 865 4635 Οἷς
892 4571 965 4623 οὐ
986 4568 1186 4640 ψιλῶν
1216 4568 1315 4622 καί
1342 4566 1659 4623 ὐποκένων
1669 4565 1972 4636 ῥημάτων.
1991 4565 2108 4641 _Mu-_

2295 4567 2484 4641 Qualia
2513 4567 2602 4620 ubi
2634 4565 2905 4641 hibernam
2937 4564 3702 4641 Lyciam._xanthique-ﬂuenta

539 4643 725 4694 senius
768 4649 825 4694 et
878 4638 1409 4710 Cltt'istopltorsontts
1446 4641 1580 4710 haec
1630 4642 1697 4691 ad
1749 4647 1881 4710 deos
1923 4638 2113 4710 referri

538 4711 942 4764 existimarunt.
980 4705 1175 4779 Ego‘ad
1211 4709 1591 4779 Tyriosipsos
1628 4710 1808 4765 retuli.
1839 4705 2113 4779 Perstrin-

538 4782 614 4848 git
639 4790 817 4834 autem
841 4776 1168 4834 Maxiniinus
1202 4776 1364 4832 ﬁdem
1387 4776 1828 4832 Christianorum
1862 4776 2108 4848 bisver-

542 4846 625 4903 bis
653 4867 667 4903 :
695 4850 975 4921 ὑποκένων
1006 4848 1267 4921 ῥημάτων
1287 4848 1489 4921 πίστις,
1516 4848 1669 4917 quasi
1694 4846 2113 4921 littes_Cliristia-

547 4933 732 4973 rorum
770 4920 905 4973 nihil
933 4917 1130 4990 prietér
1159 4920 1326 4973 verba
1361 4920 1607 4984 haberet,
1664 4932 1730 4972 ac
1768 4917 1932 4971 rebus
1978 4917 2111 4986 ipsis

549 5003 708 5041 vacua
738 5001 903 5045 CSSCI.

610 5056 722 5129 (50)
762 5057 1098 5128 Ἐπιδημίᾳ.
1128 5056 1488 5129 crediderunt
1530 5066 1764 5129 veteres,
1794 5055 1960 5111 certis
1987 5053 2109 5110 die-

539 5125 642 5183 bus
672 5125 801 5183 deos
855 5131 907 5183 in
957 5125 1219 5209 Quasdam
1274 5130 1448 5209 nrbes
1476 5127 1606 5209 ipsis
1654 5137 2108 5209 acceptasgco‘m-

541 5211 723 5252 tueare
755 5213 772 5262 ;
806 5196 1376 5269 geasqueﬁmdnpia;
1422 5196 1561 5249 θεῶν
1594 5197 1969 5269 ειιιρείιιιικιηι.⁸
2011 5196 2110 5269 δίο

538 5269 680 5336 apud
723 5267 903 5323 Delius
936 5265 990 5321 et
1016 5265 1260 5325 Milesios
1290 5271 1557 5321 adventus
1584 5265 1864 5337 Apollinis
1887 5265 2106 5319 coleba-

538 5334 664 5402 tur;
706 5338 849 5407 apud
902 5340 1132 5406 Argivos
1190 5338 1372 5392 Dianae
1400 5375 1417 5401 ,
1476 5346 1533 5389 ut
1573 5334 1764 5390 scribit
1813 5334 2110 5407 Menander

536 5412 724 5478 rhetor
744 5405 809 5460 in
833 5424 953 5478 cap.
988 5405 1057 5462 de
1091 5408 1307 5478 hymnis
1348 5406 1807 5478 ἀποπεμπτικοζς.
1841 5405 2109 5478 Aristides

538 5476 593 5531 in
628 5473 1027 5549 Panathenaico
1066 5473 1293 5549 πότερον
1316 5479 1417 5540 τὰς
1637 5474 1930 5549 ἐπιδημίας
1964 5473 2108 5549 εἷποι

537 5562 642 5618 τις.
681 5547 779 5601 liio
808 5545 1231 5618 Chrysostomu's
1284 5549 1338 5599 iu
1377 5547 1650 5618 oratione
1693 5545 1816 5618 qua;
1882 5545 2103 5618 :l‘arsica

539 5616 877 5686 inscribitur,
919 5614 1041 5686 pag.
1079 5617 1185 5672 408
1213 5635 1228 5672 :
1261 5616 1400 5669 Φασὶ
1429 5617 1556 5681 τοὺς
1582 5614 1850 5686 ,οἰκιστὰς
1878 5614 2063 5686 ἥρωας
2088 5653 2103 5677 ,

537 5683 573 5756 ἢ
603 5684 765 5758 θεοὺς
787 5683 1045 5758 πολλάκις
1075 5685 1497 5758 ἐπιστρέφεσθαι
1535 5685 1634 5758 τὰς
1674 5685 1854 5758 αὐτῶν
1895 5683 2101 5758 πόλεις,

538 5753 652 5826 τοῖς
687 5755 866 5818 ἄλλοις
912 5756 1072 5821 ὄντας
1118 5753 1385 5826 ἀφανεῖς,
1427 5756 1484 5826 ἐν
1512 5771 1572 5808 τε
1606 5755 1817 5818 θυσίαις
1839 5753 1933 5807 καί
1965 5770 2105 5807 τισιν

540 5824 751 5894 ἑορταῖς
778 5826 1150 5896 δημοτελέσιν,
1174 5824 1296 5896 ἐκ.
1323 5827 1397 5880 De
1425 5825 1731 5896 hujusmodt
1761 5832 1984 5879 deorum
2018 5827 2108 5878 διί-

544 5908 704 5949 νειιιυ
746 5894 920 5965 poeta:
950 5911 1149 5963 passm:
1179 5895 1491 5964 loquuntur.
1524 5894 1672 5967 Virg.
1704 5895 1800 5951 lib.
1827 5911 1879 5950 ιγ
1909 5914 1921 5949 :

2289 4637 2527 4704 Deserit,
2550 4653 2613 4692 ac
2648 4637 2835 4691 Delum
2859 4648 3151 4691 maternam
3174 4637 3353 4691 invisit
3390 4636 3589 4705 Apollo.

2214 4771 2353 4827 Hinc
2382 4782 2464 4843 est
2501 4772 2644 4843 quod
2674 4771 2938 4843 adventus
2963 4771 3129 4842 impp.
3166 4772 3525 4843 iniveteri‘bus
3548 4763 3745 4843 nummis

2213 4857 2265 4896 et
2301 4844 2353 4896 in
2379 4836 2706 4897 Kalendario
2743 4836 3052 4912 inscriptus
3075 4836 3359 4896 'cernitur.
3411 4839 3514 4896 Sed
3540 4848 3589 4893 et
3611 4836 3743 4912 Chri-

2213 4914 2374 4966 stiani
2414 4914 2481 4966 de
2507 4914 2828 4981 quibusdam
2861 4904 3065 4968 sanctis
3085 4913 3228 4967 idem
3264 4913 3575 4967 credidere:
3605 4916 3654 4960 ut
3684 4904 3741 4981 ἀρ

2216 4982 2413 5037 Thecla
2452 4973 2738 5053 Daiisanda
2772 4982 2843 5038 ab
2878 4982 3011 5037 urbe
3037 4983 3283 5053 ﬁeleucia
3325 4988 3644 5053 contineante
3662 4973 3743 5053 sub

2214 5054 2359 5105 diem
2391 5053 2559 5122 ipsius
2585 5051 2805 5115 festum,
2839 5066 2893 5107 et
2930 5053 2996 5106 de
3030 5052 3201 5106 Paulo
3233 5051 3648 5122 ligonta'l‘arsutn
3673 5051 3740 5122 itt-

2214 5113 2446 5186 visenté,
2488 5124 2564 5176 ait
2595 5113 2830 5176 Basilius
2863 5124 2914 5175 in
2950 5121 3039 5175 lib.
3069 5137 3131 5187 tt,
3165 5124 3236 5174 de
3265 5121 3467 5175 Thecla
3490 5160 3504 5181 .
3537 5133 3641 5186 cap.
3670 5113 3736 5165 10-

2283 5191 2396 5262 (5l)
2420 5194 2660 5261 Ἕρπειν
2674 5190 2984 5262 ἄρχεσθαι.
3003 5194 3157 5262 Apud
3173 5190 3533 5258 Nicephorum
3550 5188 3709 5254 legitur
3717 5197 3738 5261 ξ

2210 5261 2399 5334 ἕρπειν
2432 5264 2526 5334 καὶ
2552 5261 2829 5334 ἔρχεσθαι.
2863 5261 3357 5334 ltaquelegendum
3387 5265 3588 5334 videtur
3612 5295 3627 5321 ,
3666 5266 3739 5305 και

2209 5329 2427 5403 ἔχεσθαι
2458 5329 2660 5404 ῶσπερ
2681 5331 3068 5404 ἀμεληθεῖσαν,
3099 5345 3231 5396 ete.,
3278 5332 3443 5387 scribi
3490 5329 3637 5384 etiam
3657 5336 3736 5391 po.

2212 5402 2733 5484 ωειλκαὶ-ἄρχεσθαι
2766 5402 3136 5484 (pertempta,
3159 5405 3354 5484 eodem
3377 5414 3563 5484 sensu;
3640 5455 3732 5484 ..ᾧ

2208 5542 2237 5595 ο
2281 5473 2392 5545 (52)
2420 5469 2522 5596 ιΤῇ
2546 5469 2852 5544 θρησκείᾳ.
2879 5469 3234 5527 scribendum
3266 5474 3479 5529 videtur
3504 5469 3565 5539 τῇ
3600 5469 3735 5519 αὐτον

2246 5559 2413 5596 οησκε
2440 5563 2494 5596 α.

2318 5561 2494 5599 σκεια.

2245 5559 2727 5685 ρῖὶὸσῶεῖῗρόσοψιν
2745 5609 3163 5685 στηρίζεσθαι.
3186 5612 3391 5669 Αιιιιόίι
3414 5613 3478 5668 ad
3496 5611 3734 5685 85W“?

2206 5667 2971 5758 etb'rirzlpiﬁibvplattetaritni.
3001 5683 3210 5758 Dicitur
3250 5667 3431 5737 autem
3472 5667 3734 5758 σττξρὲἵίιᾷἷ

2209 5754 2262 5807 in
2292 5747 2544 5824 pla'ueii's,
2573 5747 2695 5807 cum
2727 5753 2780 5807 in
2817 5755 3060 5824 epicyclo
3108 5768 3209 5807 suo
3256 5768 3356 5806 nec
3390 5747 3620 5821 progredi
3641 5757 3733 5793 ani-

2210 5826 2370 5893 ptius,
2409 5842 2509 5881 uec
2539 5825 2882 5879 retrocedere
2906 5826 3083 5880 adhuc
3115 5824 3393 5878 videnlur.
