3860 6496
516 421 623 477 815

1220 412 1488 474 EUSEBII
1527 410 2006 471 CESARIENSIS
2046 413 2199 470 OPP.
2241 409 2422 470 PARS
2463 413 2504 469 ι.
2543 445 2609 455 -
2651 408 3053 471 HISTORICA.

3639 425 3724 480 826

521 536 1057 611 Deus,quiEcclesi:e
1090 551 1200 591 suae
1240 551 1456 606 semper
1494 535 1811 601 auxiliatur,
1846 534 2076 595 insolen-

2183 533 2281 605 τὴν
2312 532 2676 606 προκειμένην
2715 534 2927 605 γραφὴν
2962 532 3085 587 καθ’
3114 532 3268 604 ὴμῶν
3311 528 3724 606 διακονουμένων.

520 642 630 687 tem
700 632 961 687 adversus
1014 644 1110 684 nos
1182 629 1401 699 tyranni
1459 629 1767 697 superbiam
1830 638 2085 696 tanquam

519 725 723 795 injecto
775 722 829 777 in
882 737 944 777 os
1001 722 1152 774 freno
1196 720 1585 789 comprimens,
1633 718 1797 790 355
1848 720 2087 776 ccclesiis

519 833 633 872 sum
661 813 918 887 potentiae
960 812 1115 869 nobis
1142 812 1462 881 opitulantis
1512 813 1857 880 praasentiam
1901 812 2085 869 decla-

519 906 630 962 ravi
638 915 675 961 ι.

1094 994 1320 1051 CAPUT
1366 995 1494 1052 VIII.

515 1087 593 1144 De
644 1088 724 1143 Itis
771 1103 891 1158 qua?
941 1098 1118 1155 postea
1161 1087 1469 1142 acciderunt
1504 1098 1614 1142 tum
1654 1088 1711 1144 in
1752 1087 1922 1156 bello,
1975 1098 2085 1145 tum

935 1159 1094 1228 {antis
1130 1175 1193 1212 ac
1220 1161 1379 1227 pestis
1411 1170 1659 1228 tempore.

586 1272 719 1329 Nam
752 1273 955 1330 imbres
983 1274 1201 1343 quidem
1236 1290 1301 1329 ac
1340 1275 1532 1342 pluviae
1576 1276 1808 1331 hiberno
1845 1285 2087 1348 tempore

515 1365 884 1421 abundantius
921 1367 1115 1420 cadere
1160 1376 1359 1435 praeter
1411 1367 1631 1423 solitum
1661 1369 1959 1426 desierunt.
2017 1370 2084 1426 Et

515 1456 792 1528 insperata
819 1459 1046 1527 contigit
1074 1457 1273 1521 fartres;
1304 1473 1464 1528 quam
1492 1459 1685 1514 deinde
1710 1462 1877 1530 pestis
1896 1462 2085 1519 subse-

511 1559 635 1605 cnta
684 1560 786 1606 est.
839 1552 1042 1606 Praeter
1072 1552 1192 1606 haec
1225 1550 1449 1607 alterius
1484 1551 1769 1618 cujusdam
1800 1554 1969 1609 morbi
2006 1554 2086 1610 vis

511 1644 717 1709 smviit;
779 1644 932 1699 ulcus
979 1643 1230 1697 videlicet
1286 1644 1429 1712 quod
1482 1645 1553 1699 ob
1605 1644 2081 1702 inﬂammationem

511 1736 883 1791 carbunculus
928 1745 1177 1789 vocatur.
1236 1734 1333 1790 llic
1377 1737 1616 1800 morbus,
1642 1752 1739 1805 per
1771 1738 2081 1795 universum

510 1842 712 1895 corpus
743 1827 1004 1898 paulatim
1039 1842 1295 1893 serpens,
1339 1827 1524 1893 gravia
1577 1828 1738 1899 aegris
1766 1829 2081 1884 discrimina

510 1919 791 1975 alcrebat.
830 1919 934 1974 Sed
978 1920 1245 1988 prmcipue
1275 1919 1419 1976 circa
1457 1919 1640 1974 oculos
1668 1920 1880 1976 haerens
1911 1932 1965 1975 et
1996 1922 2077 1975 in-

511 2011 697 2073 Bidens
720 2012 949 2074 diutius,
970 2012 1283 2068 innumeros
1305 2014 1628 2082 promiscuae
1647 2015 1824 2069 anatis
1848 2023 1901 2069 et
1924 2029 2083 2071 sexus

510 2103 810 2159 luminibus
836 2105 1069 2159 orbavit.
1106 2105 1309 2161 Bellum
1345 2107 1565 2175 insuper
1597 2125 1625 2160 a
1665 2118 1900 2178 tyranno
1932 2124 2083 2163 com-

510 2204 716 2249 motum
748 2204 831 2248 est
857 2193 1123 2250 adversus
1168 2197 1478 2261 Armenios,
1523 2197 1632 2264 jam
1664 2197 1793 2252 inde
1821 2213 1849 2252 a
1886 2197 2083 2267 priscis

512 2286 848 2356 temporibus
889 2287 1097 2342 amicos
1127 2302 1191 2343 ac
1240 2288 1417 2353 socios
1461 2287 1640 2359 populi
1687 2288 1937 2344 Romani.
1981 2290 2081 2356 Qui

507 2393 633 2434 cum
662 2378 961 2435 Christiani
994 2380 1092 2451 ipsi
1128 2396 1342 2452 quoque
1397 2390 1582 2437 essent
1627 2394 1683 2437 et
1715 2382 1912 2437 divinae
1952 2382 2080 2438 reli-

509 2469 690 2539 gionis
716 2471 1125 2537 studiosissimi,
1188 2472 1297 2529 Deo
1344 2474 1550 2529 invisus
1593 2487 1854 2544 tyrannus
1886 2490 1983 2530 eos
2016 2475 2082 2531 ad

510 2561 929 2621 simulacrorum
972 2579 1036 2620 ac
1075 2566 1378 2619 dit-mnuum
1417 2565 1620 2620 cultum
1661 2564 1945 2618 traducere
1988 2579 2083 2632 per

508 2652 618 2709 vim
644 2664 899 2724 conatus,
936 2671 1034 2726 pro
1070 2657 1260 2712 amicis
1288 2657 1558 2719 inimicos,
1582 2657 1768 2712 boates
1795 2670 1892 2725 pro
1919 2655 2083 2711 sociis

506 2743 710 2821 cﬂ'ecit.
748 2748 875 2804 Haec
918 2748 1083 2820 igitur
1127 2749 1306 2803 omnia
1347 2764 1454 2805 uno
1494 2749 1794 2819 eodemque
1839 2758 2082 2818 tempore

505 2854 634 2897 cum
662 2842 843 2896 subito
869 2840 1261 2896 conﬂuxissent
1284 2882 1300 2905 ,
1351 2852 1693 2911 arrogantem
1725 2845 2079 2900 confidentis-

504 2933 629 2997 simi
658 2932 870 3004 tyranni
898 2934 1217 3001 jactantiam
1248 2932 1618 2999 confutarnnt,
1640 2936 1731 3005 qui
1753 2935 1823 2989 ob
1843 2937 2081 2990 studium

506 3029 562 3083 in
616 3028 861 3084 colendis
887 3028 1217 3096 simulacris,
1271 3040 1326 3084 et
1381 3040 1601 3100 propter
1649 3034 2077 3101 persecutionem

504 3127 838 3183 nostrorum,
877 3133 979 3173 nec
1008 3118 1205 3175 famem
1231 3159 1245 3178 .
1280 3135 1378 3174 nec
1408 3122 1796 3190 pestilentiam,
1835 3139 1935 3179 nec
1965 3124 2080 3177 bel-

2186 629 2216 680 ὁ
2251 627 2349 697 τῆς
2390 625 2525 688 ἰδίας
2562 625 2882 697 Ἐκκλησίας
2916 625 3237 698 ὑπέρμαχος
3274 625 3442 691 Θεὸς,
3485 633 3727 701 μονονουχὶ

2185 718 2285 790 τὴν
2312 716 2403 771 τοῦ
2430 717 2691 788 τυράννου
2736 718 2859 772 καθ’
2888 717 3048 789 ἡμῶν
3075 718 3446 789 ἐπιστομίζων
3486 723 3725 790 μεγαλαυ-

2186 810 2330 881 χίαν.
2381 810 2480 881 τὴν
2524 809 2666 882 ὑπὲρ
2719 810 2878 882 ἡμῶν
2930 809 3180 883 οὐράνιον
3224 809 3390 865 αὐτοῦ
3447 812 3726 885 συμμαχίαν

2186 903 2550 958 ἐπεδείκνυτο.

2634 991 2647 1005 ’
2717 997 3113 1050 ΚΕΦᾹΛΑΙΟΝ
3151 999 3232 1051 H'.

2185 1088 2325 1157 Περὶ
2354 1086 2476 1141 τῶν
2504 1087 2654 1142 κατὰ
2680 1088 2868 1159 ταῦτα
2893 1090 3355 1158 συμϐεϐηκότων
3382 1088 3455 1144 ὲν
3480 1087 3622 1159 λιμῷ
3649 1089 3726 1146 καὶ

2625 1158 2816 1229 λοιμῷ
2855 1159 2951 1213 καί
2992 1159 3300 1230 πολέμοις.

2256 1272 2318 1323 Οἱ
2348 1270 2447 1341 μὲν
2471 1267 2563 1326 οὖν
2596 1271 2654 1339 ἐξ
2678 1271 2835 1337 ἔθους
2866 1272 2976 1344 (57)
3007 1274 3202 1347 δμὸροι
3227 1292 3285 1330 τε
3320 1277 3416 1329 καὶ
3435 1273 3606 1337 ὑετοὶ,
3633 1291 3727 1344 χει-

2188 1361 2377 1432 μαδίου
2410 1366 2509 1434 τῆς
2544 1363 2689 1435 ὥρας
2726 1364 3079 1438 ὑπαρχούσης
3099 1406 3113 1431 ,
3159 1368 3257 1439 τὴν
3289 1368 3383 1421 ἐπὶ
3415 1367 3518 1437 γῆς
3548 1369 3729 1439 ἀνεῖχον

2187 1455 2388 1527 συνήθη
2438 1454 2639 1528 φορὰν,
2692 1456 2853 1527 λιμὸς
2891 1457 2937 1511 δ’
2974 1458 3235 1529 ἀδόκητος
3277 1461 3627 1531 ἐπισκήπτει,
3655 1459 3731 1513 καὶ

2183 1546 2368 1617 λοιμὸς
2400 1548 2492 1601 ἐπὶ
2515 1548 2706 1619 τούτῳ,
2743 1549 2838 1602 καί
2864 1567 3005 1614 τινος
3030 1551 3219 1622 ἐτέρου
3247 1554 3571 1621 νοσήματος,
3602 1552 3731 1615 ἐλκος

2182 1636 2238 1691 δὲ
2269 1633 2336 1707 ἦν
2368 1638 2703 1708 φερωνύμως
2723 1638 2818 1692 τοῦ
2839 1638 3118 1710 πυρώδους
3146 1641 3351 1701 ἕνεκεν,
3374 1640 3574 1715 ἄνθραξ
3593 1659 3734 1713 προσε

2185 1728 2578 1799 αγορευόμενον
2597 1768 2611 1793 ,
2658 1730 2899 1801 ἐπιφορά
2916 1748 2928 1761 ο
2963 1729 2993 1783 ὃ
3020 1731 3141 1788 καθ’
3158 1732 3295 1786 ὅλων
3323 1733 3422 1803 μὲν
3440 1733 3598 1803 ἕρπον
3622 1734 3732 1802 (37')

2186 1820 2291 1874 τῶν
2343 1821 2610 1892 σωμάτων
2632 1863 2646 1887 ,
2700 1823 3005 1894 σφαλεροὺς
3050 1824 3283 1877 ἐνεποίει
3325 1828 3437 1888 τοῖς
3472 1824 3734 1878 πεπονθόσι

2115 1886 2155 1941 Β
2185 1886 2492 1977 κινδύνους,
2541 1914 2602 1966 οὐ
2652 1886 2757 1984 μὴν
2812 1886 2946 1967 ἀλλά
2992 1914 3088 1968 καὶ
3131 1914 3274 1969 κατά
3323 1886 3432 1969 τῶν
3472 1915 3732 1987 ὀφθαλμῶν

2183 2009 2546 2081 διαφερόντως
2577 2012 2668 2065 ἐπὶ
2709 2010 2961 2065 πλεῖστον
3003 2010 3316 2082 γινόμενον,
3353 2009 3575 2080 μυρίους
3600 2009 3735 2071 ὅσους

2183 2100 2380 2173 ἄνδρας
2421 2100 2538 2173 ἅμα
2570 2102 2758 2171 γυναξὶ
2796 2104 2889 2157 καὶ
2921 2103 3078 2156 παισὶ
3123 2102 3337 2174 πηροῦς
3377 2100 3731 2172 ἀπειργάζετο.

2184 2191 2408 2255 Τούτοις
2436 2193 2939 2264 προσεπανίσταται
2966 2191 3044 2263 τῷ
3065 2191 3317 2264 τυράννῳ
3341 2192 3371 2245 ὁ
3396 2192 3531 2264 πρὸς
3562 2192 3733 2264 Ἀρμε-

2183 2282 2328 2347 νίους
2360 2284 2615 2355 πόλεμος,
2647 2285 2846 2358 ἄνδρας
2870 2284 2930 2350 ἐξ
2959 2284 3188 2357 ἀρχαίου
3215 2285 3403 2353 φίλους
3424 2301 3483 2338 τε
3509 2285 3597 2337 καὶ
3621 2301 3737 2355 συμ-

2185 2373 2392 2444 μάχους
2437 2375 2724 2447 Ῥωμαίων
2751 2395 2764 2408 ·
2812 2375 2906 2441 οὓς
2933 2378 3028 2431 καὶ
3060 2378 3257 2440 αὐτοὺς
3290 2378 3639 2449 Χριστιανοὺς
3660 2375 3733 2431 δν-

2182 2482 2301 2529 τας,
2334 2468 2428 2520 καὶ
2454 2468 2553 2539 τὴν
2580 2470 2659 2533 είς
2690 2470 2751 2523 τὸ
2776 2470 2931 2524 Θεῖον
2962 2470 3244 2523 εὐσέϐειαν
3273 2470 3363 2525 διά
3396 2471 3621 2552 671096;};
3642 2487 3736 2524 not-

2182 2559 2474 2630 ουμένους,
2521 2563 2551 2615 ὁ
2595 2560 2854 2633 θεομισὴς
2896 2562 3138 2626 εἰδώλοις
3181 2562 3330 2619 θύειν
3378 2565 3472 2617 καὶ
3516 2564 3734 2633 δαίμοσιν

2183 2652 2561 2721 ἐπαναγκάσαι
2590 2655 3003 2729 πεπειραμένος
3021 2697 3035 2721 ,
3068 2655 3297 2729 ἐχθροὺς
3329 2656 3451 2709 ἀντὶ
3480 2656 3632 2725 φίλων
3657 2654 3738 2708 καὶ

2184 2742 2472 2814 πολεμίους
2508 2728 2630 2800 ἀντὶ
2664 2748 2968 2817 συμμάχων
2996 2728 3391 2819 κατεστήσατο.
3440 2748 3656 2819 ’Δθρόως
3680 2747 3734 2819 δὴ

2182 2831 2354 2888 ταῦτα
2401 2834 2578 2889 πάντα
2627 2835 2717 2905 ὑφ’
2758 2836 2855 2889 ἕνα
2901 2835 2997 2889 καί
3041 2836 3131 2890 τὸν
3182 2837 3346 2891 αὐτὸν
3395 2838 3738 2909 συρῤεὐσαντα

2182 2930 2373 3001 καιρὸν
2394 2970 2410 2994 ,
2452 2934 2554 3001 τῆς
2583 2930 2674 2985 τοῦ
2721 2932 2985 3004 τυράννου
3017 2932 3352 3005 θρασύτητος
3378 2934 3475 3005 τὴν
3501 2933 3630 2987 κατὰ
3653 2929 3735 2985 τοῦ

2183 3020 2326 3075 θείου
2387 3022 2757 3093 μεγαλαυχίαν
2800 3023 3106 3095 διήλεγξεν,
3149 3024 3232 3078 ὅτι
3275 3023 3340 3096 δὴ
3382 3024 3484 3095 τῆς
3526 3024 3641 3095 περὶ
3676 3021 3736 3075 τὰ

2182 3114 2375 3167 εἴδωλα
2411 3114 2523 3187 (τε)
2553 3114 2717 3168 αὑτοῦ
2748 3115 2986 3185 σπουδῆς
3009 3114 3101 3168 καὶ⁵
3132 3116 3232 3184 τῆς
3260 3115 3385 3169 καθ’
3419 3115 3569 3187 ἡμῶν
3593 3116 3737 3169 ἕνεκα

504 3210 615 3264 lum
648 3210 885 3281 denique
932 3210 1100 3264 ullum
1141 3210 1255 3267 suis
1307 3212 1642 3281 temporibus
1674 3214 1940 3269 accidisse
1979 3231 2076 3268 au-

2186 3174 2523 3277 πολιορκίας,
2561 3206 2634 3277 μὴ
2666 3205 2844 3276 λιμὸν.
2880 3174 3014 3278 μηδὲ
3049 3174 3255 3277 λοιμόν,
3295 3174 3576 3279 pnas"an
3598 3207 3736 3259 πόλε-

503 3302 693 3356 dacter
738 3301 1095 3372 gloriabatur.
1126 3302 1304 3371 Atque
1343 3304 1458 3357 haec
1490 3304 1674 3359 omnia
1706 3306 1896 3361 eodem
1945 3317 2080 3360 tem-

502 3396 654 3464 poris
702 3404 975 3449 momento
1029 3393 1188 3448 simul
1250 3394 1583 3464 ingruentia,
1645 3398 1891 3465 quaedam
1924 3398 2079 3466 quasi

504 3482 769 3550 prommia
831 3484 1164 3538 innninentis
1215 3492 1447 3552 tyranno
1494 3486 1644 3540 exitii
1710 3489 2077 3543 ostentabant.

505 3571 574 3624 Et
611 3571 727 3638 ipse
757 3573 977 3639 quidem
1022 3573 1073 3626 in
1129 3572 1271 3627 bello
1323 3573 1589 3631 adversus
1629 3577 1918 3633 Armenios
1973 3592 2078 3632 una

504 3677 628 3716 cum
678 3662 923 3719 exercitu
977 3678 1075 3716 suo
1124 3664 1303 3720 varias
1367 3665 1556 3723 clades
1595 3677 1761 3738 atque
1810 3683 2079 3725 a‘rttnmas

504 3752 745 3820 pertulit.
793 3754 1005 3824 Reliqui
1051 3770 1178 3809 vero
1217 3757 1308 3826 qui
1342 3760 1503 3813 urbes
1541 3758 1654 3827 ejus
1691 3761 1924 3828 imperio
1952 3764 2079 3815 sul)-

505 3846 648 3899 ditas
680 3846 1009 3909 incolebant,
1038 3848 1180 3909 fame
1212 3850 1371 3905 simul
1401 3868 1464 3906 ac
1494 3852 1806 3921 pestilentia
1840 3856 2080 3922 graviter

502 3938 686 3991 vexati
715 3947 880 3993 sunt:
914 3940 1049 3997 adeo
1083 3950 1142 3994 ut
1171 3958 1309 3996 unus
1343 3942 1600 3997 frumenti
1646 3944 1951 3999 medimnus
1996 3944 2079 4001 bis

505 4030 657 4084 mille
687 4040 737 4086 et
763 4032 1074 4102 quingentis
1098 4034 1295 4090 Atticis
1327 4035 1605 4090 drachmis
1645 4039 2072 4092 venundaretur.

505 4122 572 4177 Et
617 4123 886 4178 innumeri
937 4125 1156 4195 quidem
1200 4127 1251 4180 in
1298 4126 1542 4189 urbibus,
1603 4126 1785 4195 plures
1844 4142 1975 4183 vero
2022 4130 2075 4184 in

502 4219 649 4290 agris
681 4229 734 4275 et
770 4220 903 4275 vicis
929 4221 1129 4289 passim
1155 4221 1455 4275 interibant
1487 4236 1500 4273 :
1536 4220 1588 4273 in
1622 4232 1832 4274 tantum
1867 4232 1924 4274 ut
1948 4238 2078 4275 cen-

499 4312 682 4366 suales
740 4312 931 4366 tabula!
995 4311 1123 4365 olim
1176 4312 1383 4378 ingenti
1456 4312 1781 4366 rusticorum
1849 4328 2075 4368 numero

502 4405 744 4474 repletae,
774 4420 881 4456 una
911 4418 1079 4473 prope
1111 4404 1273 4457 litura
1313 4403 1507 4458 deleta:
1538 4403 1777 4467 fuerint;
1824 4405 2075 4459 omnibus

501 4494 613 4547 fere
640 4504 735 4548 aut
763 4493 939 4548 victus
989 4492 1192 4559 inopia,
1240 4503 1330 4546 aut
1364 4493 1636 4562 pestilenti
1683 4496 1873 4548 morbo
1914 4494 2074 4551 simul

2186 3314 2285 3368 μον
2334 3297 2425 3352 ἐπὶ
2477 3297 2587 3351 τῶν
2642 3296 2807 3353 αὐτοῦ
2861 3298 3131 3369 συμϐῆναι
3163 3299 3373 3371 καιρῶν
3420 3299 3732 3371 ἐθρασύνετο.

2182 3389 2366 3443 Ταῦτα
2397 3390 2441 3444 δ’
2468 3386 2560 3445 οὖν
2592 3390 2727 3462 ὁμοῦ
2756 3392 2852 3445 καὶ
2882 3389 3024 3444 κατὰ
3056 3391 3117 3444 τὸ
3145 3390 3278 3445 αὐτὸ
3306 3391 3589 3444 ἐπελθόντα
3611 3431 3623 3451 ,
3654 3388 3736 3443 καὶ

2178 3484 2276 3552 τῆς
2325 3482 2489 3536 αὐτοῦ
2546 3483 2931 3554 καταστροφῆς
2980 3484 3320 3556 περιειλήφει
3365 3483 3436 3537 τὰ
3480 3481 3731 3554 προοίμια.

2178 3573 2349 3637 Αὐτὸς
2400 3575 2500 3645 μὲν
2541 3571 2633 3629 οὖν
2682 3576 2811 3647 περὶ
2849 3576 2942 3630 τὸν
2992 3576 3127 3649 πρὸς
3172 3577 3491 3647 Ἀρμενίους
3529 3574 3737 3645 πόλεμον

2180 3665 2296 3735 ἆμα
2336 3669 2447 3729 τοῖς
2490 3665 2654 3721 αὑτοῦ
2702 3667 3085 3738 στρατοπέδοις
3125 3671 3506 3733 κατεπονεῖτο,
3538 3668 3646 3730 τοὺς
3684 3665 3735 3718 δέ

2178 3756 2396 3821 λοιποὺς
2422 3759 2529 3813 τῶν
2558 3760 2656 3824 τὰς
2691 3760 2783 3813 ὑπ’
2812 3760 2973 3814 αὑτὸν
3013 3760 3198 3818 πόλεις
3230 3762 3537 3816 οἰκούντων.
3568 3757 3734 3818 δεινῶς

2177 3849 2205 3901 δ
2251 3849 2409 3920 λιμός
2445 3868 2506 3905 τε
2541 3853 2655 3922 ἆμα
2698 3852 2796 3905 καὶ
2828 3852 3015 3922 λοιμὸς
3048 3853 3454 3925 κατετρυχέτην
3491 3853 3621 3922 (59).
3664 3849 3732 3912 ὡς

2178 3940 2295 4004 ἐνὶ-ς
2327 3942 2528 4014 μέτρου
2573 3943 2784 4015 πυρῶν,
2823 3943 3087 4014 δισχιλίας
3113 3943 3207 3997 καὶ
3244 3944 3594 4006 πεντακοσίας
3622 3942 3729 3993 Ἀτ-

2176 4038 2335 4099 τικὰς
2364 4035 2971 4091 ἀντικαταλλάττεσθαι.
3004 4037 3202 4108 Μυρίοι
3231 4038 3330 4108 μὲν
3353 4032 3445 4091 οὖν
3468 4034 3730 4104 ἐτύγχανον

2176 4132 2224 4183 οἱ
2261 4128 2401 4184 κατὰ
2425 4129 2607 4192 πόλεις
2637 4129 2982 4200 θνήσκοντες,
3008 4130 3229 4193 πλείους
3254 4129 3313 4182 δὲ
3337 4129 3534 4183 τούτων
3556 4128 3598 4180 oi
3623 4122 3729 4178 κατε

2175 4220 2380 4293 ἀγρούς
2411 4238 2471 4273 τε
2504 4222 2598 4275 καὶ
2630 4220 2851 4291 κώμας,
2899 4221 2977 4284 ὡς
3024 4220 3125 4292 ἤδη
3175 4222 3272 4275 καὶ
3315 4220 3416 4284 τάς
3458 4220 3608 4274 πάλαι
3634 4215 3730 4268 τῶν

2175 4314 2447 4385 ἀγροίκων
2479 4312 2842 4382 πολυάνδρους
2870 4312 3222 4383 ἀπογραφὰς,
3258 4314 3455 4385 μικροῦ
3489 4313 3587 4366 δεῖν
3612 4304 3726 4362 πανὲ

2174 4404 2300 4476 τελῆ
2336 4404 2528 4458 παθεῖν
2573 4403 2868 4474 ἐξάλειψιν,
2908 4404 3122 4475 ἁθρόως
3159 4405 3346 4476 σχεδὸν
3378 4405 3615 4459 ἁπάντων
3649 4403 3726 4453 ἐνο

2173 4495 2290 4566 δείᾳ
2316 4494 2526 4565 τροφῆς
2554 4496 2647 4547 καὶ
2679 4492 2934 4565 λοιμώδει
2960 4495 3100 4564 νόσῳ
3142 4493 3566 4566 διεφθαρμένων.
3594 4489 3728 4550 Τινὲς

498 4585 824 4653 absumptis.
864 4584 1095 4651 Quidam
1130 4599 1228 4650 pro
1254 4583 1447 4652 exiguo
1472 4583 1761 4637 admodum
1798 4585 1922 4638 cibo
1948 4587 2071 4639 cha-

2183 4586 2275 4658 μὲν
2307 4581 2397 4639 οὖν
2430 4586 2497 4639 τὰ
2537 4585 2745 4639 ἑαυτῶν
2784 4584 3014 4656 φίλτατα
3050 4585 3396 4657 βραχυτάτης
3423 4588 3610 4656 τροφῆς
3632 4583 3727 4642 τοῖς

482 4676 714 4736 ,ινῑεείηιιι
752 4676 975 4746 pignora
1010 4673 1178 4744 356
1207 4673 1656 4743 locupletioribns
1700 4678 1934 4732 vendere
1965 4693 2070 4731 non

499 4767 844 4821 dubitabant.
898 4765 1026 4829 Alii,
1058 4766 1337 4820 distractis
1394 4767 1657 4834 paulatim
1726 4770 1945 4836 praediis
2010 4785 2074 4825 ac

500 4855 850 4910 tacultatibns
917 4855 1051 4919 suis,
1111 4854 1178 4908 ad
1218 4866 1518 4909 extremam
1576 4857 1813 4926 inepiam
1868 4858 2069 4913 redacti

500 4957 647 5001 sunt.
676 4947 786 5001 Nec
814 4945 1038 5001 defuere
1063 4946 1157 5014 qni
1190 4947 1400 5001 modica
1442 4947 1548 5001 leni
1577 4961 1852 5018 segmenta
1884 4949 2070 5003 avulsa

500 5041 841 5103 tnandentes,
865 5050 921 5094 et
947 5040 1124 5095 noxiis
1158 5041 1481 5110 quibusdam
1512 5041 1716 5110 absque
1737 5042 1847 5097 ullo
1877 5043 2073 5097 discri-

499 5135 651 5189 mine
707 5134 845 5200 pasti
901 5134 1240 5200 graminibus
1286 5132 1482 5202 quibus
1533 5134 1785 5188 valetudo
1826 5137 2072 5203 corporis

499 5224 978 5291 corrunipebatur,
1028 5223 1170 5291 finde
1203 5225 1510 5281 interirent.
1558 5224 1663 5279 Sed
1711 5237 1766 5281 et
1815 5228 2070 5283 mulieres

496 5315 745 5385 quredam
795 5315 937 5369 inter
989 5330 1116 5377 suos
1180 5331 1284 5368 non
1332 5314 1617 5383 ignobiles,
1676 5331 1788 5384 prae
1854 5331 2067 5371 summa

497 5415 741 5474 egestate
774 5407 840 5459 ad
877 5404 1295 5458 inverecumlam
1326 5404 1625 5474 compulsa:
1660 5405 2069 5470 necessitatem,

567 5565 680 5635 (⁸57)
712 5569 776 5620 οι
795 5562 1041 5635 μὲνοῦν
1063 5566 1131 5631 ἐξ
1162 5566 1357 5633 ἔθους.
1400 5568 1480 5619 Ab
1506 5568 1588 5620 bis
1624 5568 1805 5622 verbis
1835 5568 2063 5623 inclma-

497 5644 586 5689 tnr
630 5653 680 5689 c.
711 5636 743 5689 8
766 5678 780 5701 ,
816 5640 867 5688 in
892 5637 1261 5690 vetuslissimo
1285 5637 1557 5691 Mazarino
1582 5639 1787 5700 codice,
1814 5638 1901 5691 cui
1927 5654 2063 5691 con-

499 5708 661 5759 sentit
687 5706 954 5760 cod.Fuk.
981 5721 1045 5761 ac
1074 5707 1321 5769 Ruﬁnus,
1339 5719 1394 5760 et
1410 5708 1545 5759 ratio
1566 5709 1678 5774 ipsa
1709 5710 1778 5760 ita
1805 5710 2059 5775 postulat.

573 5775 706 5847 (57f)
750 5778 997 5843 Ἔρπον.
1039 5776 1131 5829 Sic
1149 5778 1499 5831 correximus
1534 5779 1675 5846 quod
1709 5779 1759 5830 in
1797 5780 1955 5847 impr.
1984 5780 2059 5834 Ie-

501 5845 642 5915 gitur
668 5845 873 5918 ἕρπων,
899 5848 1012 5900 sive
1038 5859 1227 5901 errore
1261 5857 1497 5918 typogr.,
1531 5845 1645 5903 sive
1669 5845 2054 5920 manusL'riptis

2178 4677 2574 4750 εὐπορωτέροις
2606 4676 2941 4748 ἀπεμπολείν
2983 4678 3168 4747 ἠξίουν
3186 4718 3201 4741 ,
3242 4679 3390 4733 ἄλλοι
3419 4678 3474 4731 δέ
3499 4677 3587 4739 τὰς
3617 4674 3730 4741 κτήσ-

2182 4784 2293 4833 σεις
2322 4768 2463 4822 κατά
2505 4769 2676 4840 βραχὺ
2722 4768 3243 4840 διαπιπράσκοντες,
3292 4773 3374 4833 εἰς
3415 4770 3629 4839 ἐσχάτην
3655 4766 3728 4816 ἐν·

2178 4858 2327 4925 δείας
2359 4861 2592 4934 ἀπορίαν
2633 4860 2893 4931 ἤλαυνον·
2935 4861 3035 4933 ἤδη
3070 4861 3126 4914 δέ
3158 4879 3305 4926 τινες
3336 4861 3537 4933 σμικρά
3562 4858 3725 4929 χόρτου

2178 4948 2618 5021 διαμασσώμενοι
2648 4950 3042 5022 σπαράγματα,
3084 4950 3177 5003 καί
3206 4968 3356 5015 τινας
3381 4949 3591 5018 ἁναίδην
3617 4945 3724 5015 φθο-

2180 5040 2433 5113 ροποιοίδς
2465 5039 2733 5104 ἐσθίοντες
2759 5041 2897 5103 πόας
2916 5080 2931 5102 ,
2961 5041 3058 5112 τὴν
3084 5040 3193 5093 τῶν
3236 5044 3497 5111 σωμάτων
3520 5036 3621 5103 ἕξιν
3645 5035 3724 5086 λυ-

2180 5134 2481 5204 μαινόμενα
2523 5132 2829 5186 διώλλυντο.
2867 5134 2977 5186 Καὶ
3005 5133 3242 5201 γυναίων
3271 5133 3329 5186 δέ
3355 5132 3462 5186 τῶν
3493 5129 3618 5184 κατὰ
3645 5123 3725 5178 πό-

2176 5224 2288 5289 λεις
2336 5225 2622 5292 εὐγενίδων
2655 5225 2797 5290 τινὲς
2817 5264 2831 5285 ,
2860 5227 2941 5289 είς
2968 5224 3323 5294 ἀναίσχυντον
3352 5225 3583 5292 ἀνάγκην
3610 5216 3722 5288 πρὸς

2175 5319 2276 5388 τῆς
2308 5320 2541 5391 ἀπορίας
2574 5318 2905 5380 ἐλασθεῖσαι,
2951 5322 3224 5390 μεταιτεῖν
3269 5320 3362 5373 ἐπὶ
3403 5318 3506 5372 τῶν
3538 5310 3726 5384 ἀγορῶν

2175 5410 2611 5482 προεληλύθεσαν
2635 5450 2649 5474 ,
2691 5411 2793 5481 τῆς
2835 5410 3005 5464 πάλαι
3047 5410 3357 5482 ἐλευθερίου
3398 5408 3590 5480 τροφῆς
3613 5401 3722 5457 ῠπὸο

2164 5570 2237 5624 ita
2271 5568 2668 5633 exliibentibus.
2715 5568 2881 5624 Eutr.

2235 5640 2347 5703 (58)
2383 5640 2515 5694 Ὅτι
2538 5638 2613 5706 δὴ
2645 5631 2758 5707 τῆς
2786 5637 2923 5706 περὶ
2950 5635 3024 5690 τὰ
3050 5636 3290 5691 εἴδωλα.
3314 5637 3487 5692 Malim
3510 5631 3723 5688 scribere

2161 5709 2865 5904 ἦῖξίὲήὶςατετρυξέτην.
2900 5779 2992 5833 Sic
3058 5779 3110 5862 in
3143 5778 3301 5833 codd.
3338 5775 3494 5839 Μυκη
3526 5770 3650 5826 Med.
3677 5771 3723 5818 et

2166 5851 2306 5905 ι⁴11’.
2344 5853 2624 5906 scrtbltur.
2686 5851 2814 5906 Γιιίιι.
2840 5864 3233 5906 κατετρυγετο.

2217 5865 2306 5904 uti.
2344 5865 2624 5906 scrthtur.
2664 5865 2814 5921 vutg.
2840 5865 3233 5920 κατετρυχετο.
