3860 6480
523 360 631 423 διθ

1239 358 1516 417 EUSEBII
1554 355 2037 415 CESARIENSIS
2074 358 2224 417 OPP.
2263 358 2441 415 PARS
2481 358 2521 414 Ι.
2558 390 2621 403 -
2669 357 3062 416 HISTORICA.
3670 362 3757 417 διο

522 480 703 543 oﬂleia
738 480 903 535 rebus
930 477 1061 549 ipsis
1101 476 1445 541 evbibentes,
1485 476 1731 545 quotidie
1782 477 1980 545 partim
2009 492 2082 533 cu

2205 480 2454 550 πρᾶγμα,
2484 476 2616 531 Θεόν
2646 494 2706 531 τε
2736 476 2845 530 τῶν
2870 475 3211 549 Χριστιανῶν
3239 474 3504 543 δοξάζειν,
3544 475 3757 543 εὐσεϐεῖς

524 572 715 641 randis
745 586 809 626 ac
834 570 1159 641 sepeliendis
1184 577 1523 623 mortuorum
1550 567 1904 623 cadaveribus
1936 581 2099 623 vaca-

525 659 678 731 bant.
703 660 1068 719 Moriebantnr
1093 666 1274 713 autem
1313 658 1364 713 in
1397 658 1513 713 dies
1542 658 1835 724 innumeri,
1864 673 2096 729 quorum

526 765 686 816 nemo
716 763 901 809 curam
960 748 1206 817 gerebat.
1261 748 1464 801 Partim
1501 748 1757 803 omnibus
1801 758 1913 804 tota
1962 750 2099 805 urbe

522 844 709 924 egenis
740 844 831 913 qui
854 842 996 905 fame
1024 841 1469 914 opprimebantur
1493 843 1546 899 in
1569 860 1737 899 unum
1764 845 2096 912 convocatis,

522 951 694 1012 panes
720 936 950 1006 singulis
999 932 1313 989 dividebant
1347 953 1361 989 :
1393 937 1527 991 adeo
1577 946 1638 992 ut
1684 952 1805 993 cum
1834 938 1995 1008 hujus
2019 939 2097 994 rei

522 1029 665 1083 fama
710 1028 923 1084 crebris
967 1029 1253 1085 hominum
1306 1030 1652 1085 sermonibus
1704 1030 2095 1099 divulgaretur,

518 1117 702 1176 cuncti
747 1117 1190 1174 Christianorum
1242 1121 1411 1174 Deum
1451 1119 1680 1177 summis
1716 1119 1965 1176 laudibus
1994 1135 2097 1177 ex-

521 1210 794 1278 tollerent,
835 1226 1040 1281 eosque
1076 1211 1222 1268 solos
1275 1213 1392 1283 pios
1452 1212 1545 1267 Dei
1590 1212 1830 1269 cultores
1871 1230 1931 1268 re
1981 1214 2096 1283 ipsa

516 1314 571 1373 et
624 1302 785 1363 factis
825 1305 1209 1375 comprobatos
1262 1321 1386 1362 esse
1436 1306 1757 1361 faterentur.
1808 1304 1939 1373 Qua:
1968 1306 2095 1361 dum

518 1397 589 1469 ita
637 1406 931 1468 geruntur,
980 1413 1215 1469 magnus
1271 1397 1361 1452 ille
1417 1412 1485 1453 ac
1538 1396 1774 1453 cmlestis
1827 1398 2097 1454 Christia-

515 1502 708 1547 norum
746 1497 1117 1558 propugnator
1144 1488 1306 1553 Deus,
1325 1489 1416 1558 qni
1446 1504 1543 1556 per
1581 1502 1744 1558 supra
1771 1498 2096 1543 memoratas

513 1578 854 1651 calamitates
877 1580 1014 1636 iram
1033 1590 1195 1651 atque
1211 1581 1638 1651 indignationem
1658 1596 1810 1637 suam
1834 1582 2093 1635 adversus

511 1680 744 1744 cunctos
772 1673 1031 1729 mortales
1054 1674 1124 1728 ob
1146 1688 1208 1728 ea
1234 1689 1355 1743 qua:
1381 1684 1570 1729 contra
1609 1690 1707 1730 nos
1738 1673 1945 1729 nefarie
1974 1688 2094 1744 ges-

511 1765 731 1833 sissent,
778 1767 913 1829 satis
948 1780 1224 1836 superque
1266 1765 1669 1832 declaraverat,
1704 1766 1951 1837 benignae
1979 1780 2092 1820 suae

2200 587 2260 623 τε
2286 571 2381 624 καὶ
2412 569 2606 640 μόνους
2632 569 2902 635 θεοσεϐεῖς
2925 571 3151 633 τούτους
3172 568 3409 639 άληθῶς,
3442 568 3575 640 πρὸς
3601 570 3755 623 αὐτῶν

2200 661 2557 731 ἐλεγχθέντας
2572 662 2679 716 τῶν
2714 663 3051 735 πραγμάτων
3066 661 3365 732 ὁμολογεῖν.
3409 661 3525 730 Ἐφ’
3549 654 3624 724 οἷς
3648 661 3756 715 τοῦ·

2199 769 2289 805 τον
2325 752 2759 823 ἐπιτελουμένοις
2785 753 2875 806 τὸν
2901 752 3122 823 τρόπον,
3149 754 3180 805 ό
3213 752 3383 823 μέγας
3412 752 3508 806 καὶ
3536 750 3756 823 οὐράνιος

2198 844 2538 917 Χριστιανῶν
2578 844 2892 917 ὐπέρμαχος
2916 844 3048 909 Θεὸς
3072 887 3086 908 ,
3128 845 3229 915 τὴν
3258 845 3399 898 κατὰ
3437 844 3647 898 πάντων
3675 846 3756 899 άν-

2200 934 2432 1008 θρὼπων
2459 936 2684 991 διὰ-τῶν
2711 937 3097 1008 δεδηλωμένων
3124 936 3534 1007 ἐπιδειξάμενος
3554 936 3754 1010 ἀπειλὴν

2200 1031 2293 1083 καὶ
2330 1032 2729 1103 ἀγανάκτησιν,
2764 1030 2878 1084 ἀνθ’
2907 1024 2983 1084 ὧν
3023 1032 3101 1094 εἰς
3143 1031 3294 1101 ἡμᾶς
3340 1029 3755 1101 ὑπερϐαλλόντως

2198 1121 2549 1187 ἐνεδείξαντο,
2587 1124 2688 1195 τὴν
2720 1124 2921 1196 εὐμενῆ
2953 1123 3048 1176 καὶ
3077 1122 3309 1193 φαιδρὰν
3335 1122 3433 1193 τῆς
3462 1121 3622 1183 αὐτοῦ
3647 1123 3755 1194 περὶ

2199 1213 2345 1284 ἡμᾶς
2384 1213 2639 1284 προνοίας
2686 1209 2841 1277 αὖθις
2893 1216 3024 1285 ἡμῖν
3079 1214 3254 1285 αὐγὴν
3297 1214 3569 1276 ἀπεδίδου,
3607 1213 3675 1278 ὡς
3705 1216 3754 1270 ἐν

2199 1302 2353 1373 βαθεῖ
2384 1304 2559 1375 σκότῳ
2601 1304 3007 1376 παραδοξότατα
3060 1305 3176 1375 φῶς
3221 1306 3354 1374 ἡμῖν
3390 1304 3449 1370 ἐξ
3481 1304 3639 1361 αὐτοῦ
3669 1322 3753 1358 κα·-

2196 1394 2496 1466 ταλάμπων
2536 1397 2779 1468 εἰρήνης,
2816 1396 3053 1465 ὲκφανές
3079 1413 3139 1450 τε
3179 1400 3294 1460 τοῖς
3327 1399 3460 1449 πᾶσι
3494 1395 3751 1461 καθιστὰς,

2195 1486 2327 1540 Θεὸν
2376 1487 2540 1542 αὐτὸν
2589 1488 2696 1541 τῶν
2744 1486 2865 1541 καθ’
2907 1490 3055 1561 ἡμᾶς
3098 1489 3396 1543 ἐπίσκοπον
3448 1488 3536 1543 διά
3579 1490 3753 1552 παντὸς

2195 1577 2473 1645 γεγονέναι
2510 1578 2870 1649 πραγμάτων,
2918 1579 3246 1649 μαστίζοντα
3285 1580 3384 1651 μὲν
3417 1581 3509 1634 καὶ
3548 1579 3634 1635 διὰ
3662 1579 3752 1633 τῶν

2195 1670 2567 1740 περιστάσεων
2608 1670 2750 1724 κατά
2799 1672 2990 1743 καιρὸν
3039 1671 3439 1744 ἐπιστρέφοντα
3481 1673 3573 1726 τὸν
3610 1669 3752 1727 αὐτοῦ

2194 1760 2341 1824 λαὸν,
2369 1762 2530 1817 πάλιν
2559 1764 2607 1815 τ’
2633 1758 2701 1817 αὖ
2737 1764 2877 1835 μετὰ
2902 1763 3001 1836 τὴν
3033 1765 3281 1838 αὐτάρκη
3320 1764 3586 1830 παιδείαν,
3619 1764 3753 1818 τλεων

509 1864 640 1928 erga
684 1867 783 1915 nos
820 1854 1179 1931 providentiae
1235 1854 1643 1910 serenissimam
1702 1856 1876 1910 lucem
1939 1855 2082 1910 nobis

2194 1855 2289 1910 καὶ
2318 1854 2522 1926 εὐμενῆ
2555 1858 2667 1920 τοῖς
2700 1857 2780 1919 είς
2818 1856 2980 1911 αὐτὸν
3019 1856 3119 1922 τὰς
3156 1857 3378 1922 ἐλπίδας
3405 1856 3617 1932 ἔχουσιν
3643 1859 3753 1912 άνσμ

509 1944 787 2010 restituit,
862 1945 1009 2001 velut
1078 1946 1131 2001 in
1190 1947 1533 2011 densissimis
1597 1946 1837 2003 tenebris
1895 1957 2082 2017 praeter

2197 1947 2539 2019 φαινόμενον.

508 2041 753 2111 omnium
782 2043 1246 2113 exspectationem
1272 2046 1423 2116 pacis
1440 2059 1553 2100 sua:
1574 2043 2096 2114 splendidnmjubar
2152 2044 2308 2099 nobis
2354 2044 2651 2100 ostendens
2708 2062 2724 2100 ι
2782 2053 2836 2100 et
2868 2044 3119 2100 omnibus
3161 2045 3505 2116 apertissime
3553 2047 3749 2100 demon-

509 2142 713 2205 strans,
747 2132 917 2205 Deum
958 2137 1130 2215 ipsum
1162 2124 1344 2194 rerum
1405 2148 1722 2205 nostrarum
1778 2139 2136 2209 inspectorem
2200 2145 2256 2194 et
2286 2138 2702 2209 gubernatorem
2739 2148 2998 2210 perpetuo
3026 2139 3321 2205 exstitisse,
3361 2139 3455 2210 qui
3516 2138 3747 2209 pepulnm

506 2241 662 2304 suum
722 2228 997 2287 interdum
1044 2233 1264 2312 quidem
1323 2236 1575 2321 castiget,
1620 2245 1675 2306 et
1706 2234 1877 2290 variis
1929 2235 2173 2290 cladibus
2210 2235 2474 2304 corripiat
2509 2251 2738 2291 :rnrsus
2795 2251 2924 2292 vero
2973 2246 3095 2306 post
3132 2234 3487 2292 sufﬁcientem
3533 2236 3750 2290 animad-

392 2600 403 2607 ζ
505 2531 588 2608 ορ
648 2534 866 2593 interitu
910 2544 1255 2606 tyrannorum
1307 2552 1327 2590 :

505 2322 819 2394 versionem
852 2328 1147 2400 propitium
1177 2344 1235 2384 se
1272 2344 1335 2385 ac
1362 2329 1651 2399 benignum
1680 2344 1805 2403 erga
1830 2343 1924 2385 eos
1948 2329 2184 2400 praebeat
2239 2329 2331 2399 qui
2367 2343 2518 2400 spem
2552 2328 2605 2384 in
2634 2328 2753 2401 ipso
2776 2329 3207 2385 collocaverunt.

1125 2442 1355 2500 CAPUT
1395 2443 1486 2499 IX.

1373 2547 1419 2591 et
1468 2537 1661 2607 quibus
1706 2538 1871 2595 verbis
1921 2538 2084 2609 paulo

965 2614 1089 2675 ante
1115 2616 1333 2673 mortem
1356 2620 1479 2662 sunt
1515 2610 1619 2664 usi.

576 2765 713 2822 Cum
748 2767 914 2837 igitur
959 2766 1371 2843 Constantinus,
1397 2785 1558 2843 quem
1604 2772 1986 2842 imperatorem
2011 2789 2077 2830 ex

503 2855 855 2930 imperatore,
881 2860 1027 2932 pium
1052 2878 1119 2918 ex
1147 2863 1392 2933 piissimo
1436 2878 1501 2918 ac
1551 2862 1952 2922 modestissimo
1984 2882 2081 2938 pa-

502 2958 660 3027 rente
700 2962 1021 3023 pregnatnm
1079 2968 1202 3011 esse
1252 2956 1368 3027 jam
1442 2956 1702 3025 diximus,
1739 2969 1793 3014 et
1853 2959 2077 3016 secundi

500 3051 772 3131 posteum
815 3043 917 3100 loci
960 3043 1226 3115 Licinius,
1281 3047 1565 3127 prudentia
1604 3049 1766 3107 simul
1793 3066 1856 3106 ac
1882 3053 2080 3121 pietate

500 3135 804 3204 conspicui,
846 3138 916 3194 ab
953 3138 1198 3195 omnium
1238 3156 1367 3210 rege
1407 3156 1473 3201 ac
1517 3153 1794 3199 servatore
1836 3145 1945 3211 Deo
1975 3145 2083 3202 dno

501 3226 897 3303 religiosissimi
928 3232 1189 3288 adversus
1222 3232 1390 3306 358
1424 3235 1558 3291 duos
1599 3236 1958 3306 impiissimos
1995 3248 2081 3311 ty-

500 3346 704 3411 rannos
738 3337 962 3409 excitati
1011 3338 1271 3405 fuissent;
1316 3338 1506 3411 przelio
1545 3344 1849 3414 congressi,
1882 3343 2083 3411 auxilio

502 3437 671 3502 divini
712 3440 950 3503 numinis
977 3441 1369 3501 Constantinus
1392 3446 1609 3515 quidem
1660 3445 1994 3503 Maxentium
2029 3450 2081 3505 in

502 3530 640 3593 urbe
684 3530 850 3586 Roma
893 3544 1090 3602 praeter
1118 3538 1365 3597 omnium
1399 3539 1708 3607 opinionem
1761 3552 2080 3610 superatum

502 3622 726 3689 occidit.
754 3624 1083 3684 Maximinus
1125 3644 1259 3695 vero
1296 3629 1534 3687 Orientis
1558 3633 1824 3703 tyrannis,
1852 3651 1959 3687 non
1991 3636 2080 3688 diu

502 3724 626 3785 post
678 3714 936 3783 Maxentii
998 3720 1199 3781 eadem
1241 3737 1272 3776 a
1318 3720 1532 3785 Licinio
1588 3725 1680 3795 qui
1731 3725 1969 3780 nondum
2026 3727 2078 3780 in

500 3815 748 3878 apertam
797 3810 1074 3871 vesaniam
1126 3826 1381 3884 eruperat
1438 3816 1707 3883 devictus,
1765 3818 2079 3888 turpissimo

501 3900 694 3966 mortis
726 3915 924 3970 genere
957 3905 1230 3963 occubuit.
1261 3905 1459 3970 Verum
1492 3910 1643 3980 prior
1667 3910 2077 3974 Constantinus,

499 3994 593 4063 qui
622 3994 786 4049 etiam
817 3994 1043 4057 honoris
1068 4004 1429 4071 praerogativa
1453 4012 1508 4058 et
1530 4004 1743 4074 imperii
1770 4004 1938 4074 gradu
1963 4005 2077 4073 pri-

498 4098 647 4149 mum
679 4084 856 4151 locum
888 4088 1188 4156 obtinebat,
1218 4090 1588 4161 Rutitanorum
1619 4095 1709 4160 qui
1752 4094 2076 4161 gravissima

500 4175 787 4248 tyrannide
815 4192 1191 4246 premerentur
1243 4185 1422 4238 vicem
1455 4185 1752 4247 miseratus
1777 4226 1792 4250 ,
1839 4185 2079 4241 caelestis

496 4270 593 4334 Dei
623 4272 866 4339 numine,
926 4273 1151 4346 ejusque
1191 4276 1330 4335 Filio
1355 4294 1418 4331 ac
1461 4278 1641 4340 Verbo
1668 4279 1910 4333 omnium
1940 4280 2074 4339 Ser-

494 4369 688 4429 vatqre
734 4362 858 4430 Jesn
902 4366 1124 4423 Christo
1176 4370 1227 4436 in
1263 4369 1524 4423 auxilium
1575 4369 1893 4442 suppliciter
1920 4371 2074 4426 invo-

495 4464 782 4521 cumcum
816 4459 1071 4521 universo
1111 4462 1353 4525 exercitu
1389 4477 1709 4531 progressus
1732 4472 1837 4527 est.
1855 4478 1920 4517 eo
1942 4480 2076 4523 con-

495 4551 618 4611 silio
654 4562 711 4609 ut
747 4552 1009 4613 Romanis
1042 4556 1348 4613 libertatem
1383 4575 1548 4629 quam
1581 4575 1608 4611 a
1652 4560 1949 4627 majoribus
1978 4576 2076 4616 ac-

495 4654 775 4712 ceperant,
824 4644 1133 4702 interventu
1193 4664 1294 4705 suo
1345 4652 1677 4709 restitueret.
1735 4652 1908 4707 Porro
1948 4669 2073 4724 cum
2107 4650 2152 4705 D

494 4734 826 4802 Maxentius,
871 4741 1204 4808 tnagicarttm
1275 4744 1475 4798 artium
1548 4745 1834 4816 prastigiis
1904 4747 2078 4818 magis

493 4858 656 4929 quam
691 4846 1032 4903 subditorum
1069 4849 1443 4905 benevolentia
1468 4849 1730 4914 conlisus,
1757 4867 1823 4910 ne
1851 4852 2072 4921 quidem

492 4959 648 5018 cura
694 4950 843 5019 urbis
888 4964 1075 5026 portas
1110 4956 1360 5025 progredi
1419 4956 1643 5023 auderet
1673 4976 1686 5012 :
1720 4966 1914 5013 cuncta
1944 4972 2072 5014 vero

494 5057 549 5133 in
579 5058 806 5131 circuitu
853 5062 1008 5135 urbis
1039 5063 1227 5121 Romae
1256 5079 1320 5121 ac
1348 5065 1514 5125 totius
1554 5065 1719 5120 Italiae
1751 5065 1892 5131 loca,
1918 5064 2075 5137 oppi-

562 5228 679 5299 (45)
706 5228 763 5293 In
795 5232 1052 5288 omnibus
1073 5232 1354 5287 codicibus
1387 5231 1710 5300 transpositi
1738 5241 1895 5295 erant
1925 5232 2067 5296 tituli

488 5301 829 5373 capitumet
855 5304 1015 5368 capiti
1042 5302 1075 5362 9
1104 5302 1347 5369 adjectus
1369 5314 1489 5358 erat
1524 5302 1715 5373 titulus
1756 5303 1846 5371 qui
1874 5304 2070 5373 capitis

490 5369 713 5443 {ﬂesse
742 5371 1041 5435 debuerat;
1078 5383 1267 5427 contra
1302 5373 1470 5443 capiti
1514 5372 1582 5441 iQ
1632 5369 1970 5439 tribuebatur
2021 5374 2069 5428 is

489 5440 584 5513 qui
617 5443 872 5510 proprius
908 5453 1028 5503 erat
1056 5443 1251 5511 capitis
1284 5443 1340 5499 9.
1373 5440 1554 5504 'Hunc
1581 5457 1823 5509 errorem
1858 5444 1910 5497 in
1944 5460 2070 5513 ver-

490 5512 649 5569 sione
678 5522 862 5571 nostra
915 5514 1427 5568 emendaveramus.
1844 5544 1851 5553 -

561 5580 685 5654 (44)Δ
714 5582 1037 5654 Γεγονένᾳι
1065 5583 1521 5654 προειρήκαμεν.
1552 5583 1679 5640 Post
1705 5583 1806 5654 bas
1830 5598 1990 5641 mres
2021 5584 2072 5636 in

488 5650 844 5722 vetustissim.
900 5653 1061 5722 codd.
1107 5650 1240 5722 Mal.
1294 5664 1349 5709 et
1388 5650 1541 5711 'Med.
1596 5650 1720 5709 haec
1772 5665 2073 5721 sequuntur

492 5718 651 5793 verba
680 5737 694 5772 :
718 5720 991 5793 Λικιννίου
1021 5738 1081 5775 τε
1104 5718 1201 5776 τοῦ
1233 5726 1350 5793 μετ’
1376 5725 1538 5779 αὐτὸν
1565 5725 1779 5793 συνέσει
1808 5718 1902 5779 καὶ
1926 5723 2075 5776 εὐσε-

494 5785 614 5882 ﬁsi?
649 5789 1050 5883 τετιμημένων,
1096 5785 1244 5881 πρὸξ
1264 5794 1359 5846 τοῦ
1405 5792 1795 5867 παμϐασιλέως
1827 5793 1962 5847 Θεοῦ
2011 5811 2071 5847 τε

2717 2446 3114 2502 ΚΕΦΑΛᾹΙΟΝ
3157 2447 3235 2505 Θ’.
3304 2495 3315 2503 ,

2190 2537 2349 2610 Περί
2370 2537 2483 2605 τῆς
2511 2537 2630 2593 τῶν
2657 2536 2968 2610 τυράννων
2997 2540 3425 2609 καταστροφῆς
3463 2540 3565 2596 τοῦ
3592 2542 3743 2610 βίον,

2259 2609 2364 2683 καὲ
2408 2609 2942 2683 aigtcﬁxmigm‘fo
2995 2610 3115 2683 1915.
3157 2610 3269 2683 ῖῆς
3313 2611 3595 2681 τελευτῆς
3640 2631 3742 2683 φω-

2257 2680 2391 2745 ναῖς
2425 2681 2535 2751 (43)
2564 2679 2701 2751 (Nic.
2743 2679 2809 2734 Η.
2848 2677 2914 2732 E.
2939 2694 3034 2746 νιι,
3055 2680 3271 2750 ’29-51).

2258 2772 2415 2825 υύτω
2459 2772 2523 2843 δὴ
2554 2771 2991 2835 Κωνσταντίνου,
3025 2771 3084 2825 δν
3115 2771 3343 2842 βασιλέα
3374 2774 3445 2827 ὲκ
3485 2774 3741 2845 βασιλέως,

2187 2863 2386 2935 εὐσεϐῆ
2414 2881 2474 2917 τε
2504 2864 2561 2931 ἐξ
2585 2862 2972 2916 εὐσεϐεστάτου
2995 2864 3090 2918 καλ⁵
3119 2865 3299 2918 πάντα
3326 2866 3740 2937 σωφρονεστάτου

2186 2957 2469 3026 γεγονέναι
2508 2958 2915 3029 προειρήκαμεν
2957 2957 3090 3027 (44),
3125 2958 3403 3012 Λικιννίου
3434 2976 3493 3012 τε
3520 2958 3610 3012 τοῦ
3641 2959 3738 3030 μετ’

2187 3049 2351 3104 αὐτὸν
2395 3049 2606 3103 συνέσει
2656 3051 2749 3103 καὶ
2786 3049 3037 3121 εὐσεϐείᾳ
3080 3050 3461 3122 τετιμημένων
3505 3052 3632 3123 πρὸς
3661 3048 3738 3102 τοῦ

2190 3140 2579 3212 παμϐασιλέως
2626 3140 2759 3195 Θεοῦ
2803 3158 2862 3199 τε
2896 3140 3005 3194 τῶν
3048 3140 3185 3195 ὅλων
3220 3143 3316 3195 καὶ
3357 3143 3620 3215 Σωτῆρος,
3661 3141 3739 3195 δύο

2190 3232 2452 3300 θεοφιλῶν
2493 3233 2634 3289 κατὰ
2687 3232 2796 3303 τῶν
2853 3231 2946 3287 δύο
3004 3232 3444 3294 δυσσεϐεστάτων
3492 3234 3737 3305 τυράννων

2110 3303 2153 3360 C
2185 3325 2659 3398 ἀνεγηγερμένων,
2697 3325 2934 3396 πολέμου
2975 3343 3034 3379 τε
3075 3327 3225 3397 νόμῳ
3272 3303 3733 3398 παραταξαμένων,

2184 3416 2321 3471 Θεοῦ
2388 3417 2800 3489 συμμαχοῦντος
2852 3417 3056 3482 αὐτοῖς,
3111 3418 3523 3490 παραδοξότατα
3572 3419 3735 3470 πίπτει

2188 3510 2287 3581 μὲν
2326 3511 2418 3563 ἐπὶ
2470 3509 2683 3581 Ῥώμης
2711 3509 2818 3563 ὐπὸ
2850 3511 3264 3567 Κωνστανιτίνου
3311 3510 3621 3577 Μαξέντιος,
3649 3509 3676 3561 ό
3696 3506 3733 3560 δ’

2184 3602 2270 3655 ἐπ’
2331 3602 2622 3672 Ἀνατολῆς
2672 3603 2732 3656 οὐ
2780 3601 2946 3656 πολὺν
3003 3601 3270 3672 ἐπιζήσας
3303 3603 3496 3671 ἐκείνῳ
3548 3601 3731 3674 χρόνον,

2184 3697 2447 3766 αἰσχίστῳ
2488 3696 2583 3749 καὶ
2614 3695 2775 3759 αὐτὸς
2815 3694 2921 3748 ὑπὸ
2954 3695 3252 3762 Λικιννίου,
3305 3694 3459 3750 οῦπω
3504 3694 3731 3766 μανέντας

2180 3788 2303 3841 τότε
2324 3827 2338 3851 ,
2369 3787 2731 3859 καταστρέφει
2773 3785 3008 3857 θανάτῳ.
3043 3786 3321 3858 Πρότερός
3353 3804 3417 3857 γε
3461 3787 3560 3858 μὴν
3587 3786 3614 3837 ὀ
3652 3783 3731 3841 καὶ

2180 3880 2312 3950 τιμῇ
2344 3879 2436 3933 καὶ
2460 3878 2611 3943 τάξει
2642 3878 2744 3948 τῆς
2770 3876 3046 3948 βασιλείας
3085 3879 3303 3950 πρῶτος
3336 3880 3726 3937 Κωνσταντῖνος.

2179 3969 2290 4023 τῶν
2329 3970 2421 4023 ἐπὶ
2473 3969 2693 4041 Ῥώμης
2734 3970 3327 4042 κατατυραννουμὲνων
3361 3970 3523 4041 φειδὼ
3552 3966 3726 4029 λαϐὼν.

2178 4062 2313 4115 Θεὸν
2340 4061 2446 4115 τὸν
2497 4063 2764 4133 οὐράνιον,
2806 4061 2895 4123 τόν
2927 4079 2989 4116 τε
3023 4062 3213 4116 τούτου
3264 4064 3457 4133 Λόγον,
3491 4061 3636 4117 αὐτὸν
3676 4058 3727 4126 δὴ

2178 4154 2271 4207 τὸν
2312 4154 2529 4208 πάντων
2560 4155 2787 4227 Σωτῆρα
2844 4152 3051 4226 Ἰησοῦν
3092 4154 3331 4225 Χριστὸν
3368 4154 3633 4225 σύμμαχον
3670 4147 3725 4201 δι’

2178 4243 2352 4314 εὐχῶν
2408 4243 2904 4314 ἐπικαλεσάμενος,
2957 4244 3172 4315 πρόεισι
3204 4243 3559 4314 πανστρατιᾷ,
3614 4239 3726 4295 Ῥω-

2182 4335 2364 4406 μαίοις
2387 4334 2456 4388 τὰ
2486 4335 2585 4406 τῆς
2606 4338 2670 4389 ὲκ
2702 4334 2983 4407 προγόνων
3012 4334 3328 4408 ἐλευθερίας
3350 4331 3722 4406 προμνώμενοςο

2177 4427 2477 4493 Μαξεντίου
2507 4427 2641 4498 δῆτα
2690 4427 2887 4499 μᾶλλον
2936 4429 3057 4490 ταῖς
3093 4425 3237 4481 κατὰ
3285 4424 3535 4497 γοητείαν
3575 4436 3725 4492 μηχα-

2176 4524 2316 4583 ναῖς,
2337 4521 2369 4591 ἦ
2392 4523 2458 4591 τῇ
2478 4520 2586 4573 τῶν
2619 4519 2875 4591 ὑπηκόων
2890 4518 3313 4589 ἐπιθαρσοῦντος
3343 4516 3539 4585 εὐνοίᾳ,
3568 4508 3726 4584 προελ-

2180 4608 2294 4662 θεῖν
2336 4626 2401 4678 γε
2448 4608 2556 4681 μὴν
2601 4609 2710 4663 οὐδ’
2748 4609 2871 4662 ὅσον
2924 4607 3108 4661 πυλῶν
3154 4607 3250 4661 τοῦ
3297 4608 3503 4669 ἄστεως
3545 4598 3725 4656 ἐπιτολ-

2188 4701 2418 4773 μῶντος,
2465 4701 2697 4756 ὁπλιτῶν
2739 4701 2785 4753 δ’
2830 4700 3116 4772 ἀναρίθμῳ
3162 4700 3360 4771 πλήθει
3412 4698 3502 4753 καὶ
3534 4707 3726 4764 στρατο-

2183 4793 2361 4847 πέδων
2405 4794 2583 4865 λόχοις
2632 4794 2846 4867 μυρίοις
2879 4795 3056 4849 πάντα
3100 4793 3263 4849 τόπον
3314 4795 3410 4847 καὶ
3441 4789 3608 4864 χώραν
3646 4782 3723 4838 καὶ

2181 4883 2359 4956 πόλιν,
2390 4874 2489 4955 ὅση
2519 4902 2605 4947 τις
2630 4886 2688 4938 ὲν
2717 4884 2901 4955 κύκλῳ
2939 4885 3038 4956 τῆς
3080 4884 3372 4955 Ῥωμαίων
3400 4884 3492 4936 καὶ
3529 4873 3721 4934 Ἰταλίας

2178 4978 2398 5049 ἁπάσης
2429 4978 2521 5031 ὐπ’
2566 4977 2715 5049 αὐτῷ
2754 4976 3064 5042 δεδούλωτο,
3101 4977 3473 5050 φραξαμένου,
3504 4976 3531 5026 ὁ
3558 4970 3647 5039 τῆς
3667 4968 3719 5018 ὲκ

2178 5069 2316 5124 Θεοῦ
2352 5069 2667 5140 συμμαχίας
2697 5068 3011 5140 ἀνημμένος
3059 5068 3311 5140 βασιλεὺς
3352 5063 3516 5120 ἐπιὼν
3562 5055 3716 5131 πρώτῃ

2170 5232 2280 5288 τῶν
2309 5234 2448 5287 ὅλων
2487 5233 2583 5285 καὶ
2938 5231 3032 5285 δύο
3053 5230 3318 5300 θεοφιλῶν
3351 5228 3490 5285 κατὰ
3537 5226 3607 5281 τῶ

2170 5303 2616 5355 δυσσεϐεστάτων
2645 5319 2746 5355 τυο
2787 5319 2926 5355 ννων
2955 5302 3431 5355 ἀνεγηγερμένων.
3460 5310 3560 5353 etc.
3598 5294 3716 5355 OPII'

2170 5294 2926 5374 δυσσεϐεστάτωνῌτυράννων
2955 5294 3431 5374 ἀνεγηγερμένων.
3460 5310 3560 5353 etc.
3598 5294 3716 5374 Opti-

2174 5389 2281 5428 me.
2311 5377 2489 5445 Atque
2522 5374 2596 5427 ita
2617 5364 2920 5445 Eusebium
2942 5364 3269 5445 scripsisse
3305 5386 3387 5445 ex_
3407 5364 3715 5445 sequentibus

2173 5433 2421 5515 apparet:
2446 5443 2585 5515 Nam
2614 5443 2669 5496 in
2708 5443 2816 5515 (inc
2839 5433 3313 5515 periodi,'m_entio
3359 5440 3417 5515 fit
3462 5433 3563 5515 t_am
3594 5433 3715 5515 bici-

2174 5504 2259 5569 n'ii'
2279 5529 2442 5581 quam
2469 5513 2818 5582 Constantini
2842 5504 2858 5564 Ξ
2892 5526 2960 5565 ex
2984 5504 3091 5582 quo
3114 5510 3335 5582 planum
3358 5511 3435 5573 fit,
3463 5504 3711 5582 Eusebium

2171 5587 2238 5639 de
2267 5579 2683 5665 utroqnesnpra
2717 5581 2958 5665 locutum
2976 5579 3164 5663 fuisse.
3188 5579 3295 5665 βοά
3323 5579 3608 5665 exscripta]
3620 5583 3712 5665 Διξξξς

2174 5669 2298 5709 men
2339 5648 2531 5709 Licinii
2589 5648 3131 5723 consultoexptmxit
3161 5648 3593 5723 obsubsecutatn
3617 5648 3713 5723 cjllf

2169 5724 2525 5793 impietatem.
2567 5722 2700 5793 Cum
2729 5720 2889 5779 codd.
2939 5718 3095 5781 Μαι.
3133 5730 3188 5777 et
3219 5721 3363 5785 Med.
3407 5718 3712 5781 consentiunt

2170 5792 2339 5857 etiam
2377 5793 2511 5866 Fult.
2543 5802 2600 5847 et
2629 5792 2799 5857 Savil.
