3860 6542
200 351 283 406 εει

1158 354 1505 414 HISTORIA}
1545 344 2103 413 ECCLESIASTlCE
2140 354 2270 413 LIB.
2313 353 2404 414 IX.

3307 351 3414 408 89.!

200 469 282 522 καὶ
309 467 539 541 δευτέρᾳ
586 470 678 525 καὶ
709 471 862 545 τρίτῃ
895 473 987 527 τοῦ
1018 475 1278 545 τυράννου
1330 475 1652 549 παρατάξει,
1687 471 1739 530 εὖ

1852 475 1940 540 da,
1968 491 2063 545 reg
2084 490 2218 530 ones
2246 489 2382 545 quas
2408 473 2689 530 servitutis
2714 472 2843 545 iugo
2864 486 3150 542 oppressas
3174 475 3410 537 tenebat,

199 560 326 627 μάλα
349 573 409 610 τε
436 559 623 623 πάσας
655 558 809 626 ἑλὼν,
840 563 1081 634 πρόεισιν
1108 566 1199 617 ἐπὶ
1228 565 1476 620 πλεῖστον
1500 567 1625 619 ὅσον
1653 565 1750 635 τῆς

207 648 439 712 Ἰταλίας,
467 649 571 721 ἤδη
603 667 664 704 τε
700 653 868 724 αὐτῆς
902 653 1117 726 Ῥώμης
1147 654 1380 725 ἄγχιστα
1408 651 1505 727 ἦν·
1546 650 1647 708 εἷθ’
1675 654 1750 720 ὡς

196 740 262 809 μὴ
286 738 377 792 τοῦ
407 741 675 812 τυράννου
706 744 861 816 χάριν
906 745 1193 816 Ῥωμαίοις
1226 746 1482 817 πολεμεῖν
1510 745 1751 815 ἀναγκά-

197 845 342 897 ςοιτο,
369 830 506 895 Θεὸς
545 833 708 898 αὐτὸς
738 835 953 906 δεσμοῖς
982 854 1123 891 τισιν
1155 836 1342 909 ὥσπερ
1372 836 1462 890 τὸν
1491 837 1748 910 τύραννον

194 922 512 991 πορρωτάτω
553 922 737 976 πυλῶν
779 924 1003 989 ὲξέλκει,
1051 927 1143 979 καὶ
1184 926 1252 979 τὰ
1294 926 1461 980 πάλαι
1499 925 1563 998 δὴ
1608 926 1749 980 κατά

193 1011 385 1066 ἀσεϐῶν
435 1012 516 1077 ὡς
570 1015 630 1068 ἐν
688 1015 858 1087 μύθου
912 1017 1052 1089 λόγῳ
1106 1018 1257 1091 παρά
1309 1021 1421 1084 τοῖς
1479 1019 1749 1081 πλείστοις

191 1104 569 1175 ἀπιστούμενα,
597 1108 763 1162 πιστά
784 1125 845 1176 γε
872 1110 977 1180 μὴν
1010 1114 1218 1174 πιστοῖς
1245 1112 1302 1164 ὲν
1335 1112 1507 1184 ἱεραῖς
1532 1109 1747 1173 Βίϐλοις

192 1192 619 1266 ἐστηλιτευμένα,
647 1199 797 1272 ἀὐτῇ
833 1201 1080 1272 ἐνεργείᾳ
1106 1203 1292 1267 πᾶσιν,
1334 1202 1516 1267 ἁπλῶς
1549 1204 1742 1264 εἰπεῖν,

192 1289 379 1350 πιστοῖς
414 1290 511 1342 καὶ
539 1290 810 1356 ἀπίστοις,
839 1292 1136 1365 ὀφθαλμοῖς
1161 1294 1227 1348 τά
1260 1295 1535 1366 παράδοξα
1566 1311 1750 1366 παρει-

189 1376 390 1444 ληφόσιν
435 1374 1063 1469 ὲπιστώσατο.ί“ἀσπερ
1095 1383 1187 1441 οὖν
1230 1388 1316 1439 ἐπ’
1364 1384 1529 1440 αὐτοῦ
1586 1388 1748 1440 Maii)-

191 1468 309 1530 σὲως
350 1469 445 1522 καὶ
500 1470 597 1523 τοῦ
655 1468 837 1526 πάλαι
865 1473 1148 1540 θεοσεϐοῦς
1205 1474 1471 1547 Ἐϐραίων
1524 1474 1745 1544 γένους,

110 1611 117 1618 ,
194 1577 210 1609 ι
244 1558 451 1630 ἅρματα
477 1560 683 1632 Φαραὼ
720 1564 812 1616 καὶ
837 1562 936 1635 τὴν
972 1564 1199 1635 δύναμιν
1228 1565 1393 1619 αὑτοῦ
1418 1565 1639 1636 ἔρριψεν
1666 1567 1746 1630 είς

190 1649 469 1715 θάλασσαν,
505 1652 827 1718 ἐπιλέκτους
858 1655 1131 1720 ἀναϐάτας
1173 1658 1466 1728 τριστάτας
1503 1657 1612 1729 (45)
1646 1675 1745 1711 κα-

188 1743 473 1797 τεπόντισεν
506 1747 568 1798 ὲν
603 1744 844 1818 θαλάσσῃ
877 1748 1131 1821 Ἐρυθρᾷ,
1159 1750 1334 1822 πόντῳ
1365 1750 1633 1821 ἐκάλυψεν
1657 1751 1747 1804 αὐ-

1852 566 2232 622 innurnerabili
2281 556 2615 620 armatorum
2667 563 3006 620 multitudine
3049 574 3105 619 et
3137 563 3412 633 dispositis

1851 657 1917 712 ad
1968 658 2331 713 insidiandum
2392 656 2728 712 exercitibus
2802 657 3036 727 undique
3084 656 3409 712 muniisset:

1848 747 2034 801 divino
2063 747 2233 803 fretus
2271 747 2475 802 auxilio
2509 746 2896 805 Constantinus
2934 748 3186 817 primam,
3214 761 3412 802 secun-

1849 838 1971 892 dam
2012 854 2078 894 ac
2131 840 2343 895 tertiam
2393 840 2605 913 tyranni
2645 854 2935 911 aggressus
2964 841 3156 902 aciem.
3190 848 3414 896 cunctas

1848 930 1952 986 levi
1998 932 2213 1003 negotio
2247 931 2381 986 fudit
2409 948 2471 986 ac
2495 932 2725 1003 fugavit.
2760 930 2835 986 Ita
2870 932 3033 986 totius
3063 930 3230 985 Italia:
3259 930 3410 986 aditu

1845 1022 1946 1077 sibi
1978 1021 2516 1091 patefactomlterius
2541 1036 2875 1092 progressus,
2903 1023 3118 1078 tandem
3147 1022 3212 1078 ad
3237 1023 3408 1091 ipsam

1846 1129 2018 1183 usque
2064 1113 2252 1168 urbem
2309 1113 2533 1168 Romam
2579 1113 2846 1184 pervenit.
2885 1114 3083 1168 Verum
3138 1128 3206 1168 ne
3249 1113 3411 1170 unius

1850 1204 2062 1275 tyranni
2116 1219 2277 1257 causa
2311 1202 2582 1259 Romanos
2608 1218 2794 1260 omnes
2832 1219 3145 1274 oppugnare
3189 1218 3410 1260 necesse

1846 1296 2086 1362 haberet,
2119 1295 2258 1351 Deus
2295 1295 2444 1349 illum
2480 1297 2633 1367 quasi
2668 1295 2900 1351 vinculis
2933 1296 3256 1365 quibusdam
3281 1311 3410 1351 con-

1845 1385 2092 1440 strictum
2123 1398 2284 1453 quam
2333 1384 2649 1455 longissime
2691 1394 2846 1440 extra
2882 1386 3032 1440 urbis
3069 1397 3251 1454 portas
3277 1402 3410 1456 pro-

1848 1478 2015 1531 traxit
2056 1495 2070 1530 :
2105 1476 2370 1545 simulque
2421 1476 2600 1547 prisca
2644 1475 2736 1530 illa
2764 1476 3021 1531 adversus
3049 1478 3241 1547 impios
3264 1478 3407 1532 edita

1847 1568 2105 1624 miracula
2153 1584 2274 1638 quae
2326 1566 2499 1623 sacris
2538 1568 2913 1624 Voluminibus
2952 1568 3323 1635 continentur,
3354 1579 3410 1624 et

1843 1660 2039 1728 quibus
2085 1659 2238 1713 multi
2270 1659 2489 1728 quidem
2516 1659 2740 1728 perinde
2771 1674 2834 1713 ac
2883 1660 3081 1715 fabulis
3129 1660 3287 1716 fidem
3316 1661 3410 1716 de-

1845 1760 2057 1822 rogant,
2089 1766 2212 1806 cutu
2241 1764 2415 1805 tamen
2453 1752 2590 1820 apud
2642 1751 2825 1805 ﬁdeles
2859 1751 2961 1806 fide
2998 1753 3156 1819 digna
3187 1753 3409 1807 videan-

188 1836 311 1899 τοὺς,
352 1855 372 1887 ι
405 1837 554 1890 κατὰ
581 1837 654 1891 τά
677 1838 816 1892 αύτά
841 1839 905 1910 δὴ
939 1840 1034 1894 καὶ
1062 1840 1384 1908 Μαξὲντιος,
1423 1843 1475 1895 οἵ
1509 1859 1568 1896 τε
1603 1842 1738 1914 ἀμφ’

1846 1850 1933 1895 tur
1963 1858 1977 1895 :
2011 1842 2221 1898 cunctis
2249 1853 2357 1897 tam
2382 1841 2630 1898 fidelibus
2660 1859 2821 1913 quam
2852 1843 3159 1899 inﬁdelibus
3186 1845 3277 1914 qui
3306 1845 3409 1900 hoc

187 1926 324 1979 airth
353 1928 573 1982 ὁπλῖται
609 1930 708 1982 καὶ
746 1929 1032 2003 δορυφόροι
1066 1932 1255 1986 ἔδυσαν
1299 1936 1377 1997 είς
1411 1934 1567 2004 βυθὸν
1608 1935 1739 1988 ὡσεὶ

188 2014 330 2080 λίθος,
355 2019 597 2089 ὁπηνίκα
623 2019 767 2074 νῶτα
797 2021 921 2085 δοὺς
949 2024 1014 2093 τῇ
1040 2024 1104 2076 ἐκ
1136 2022 1269 2077 Θεοῦ
1298 2026 1434 2094 μετὰ
1462 2028 1739 2079 Κωνσταν-

190 2108 309 2162 τίνου
335 2108 586 2179 δύναμει,
624 2110 715 2165 τὸν
749 2113 854 2184 πρὸ
885 2114 984 2184 τῆς
1018 2116 1241 2185 πορείας
1287 2116 1425 2187 διῄει
1459 2117 1733 2188 ποταμόν’

191 2196 236 2251 ὃν
267 2198 417 2264 αὐτὸς
462 2201 703 2271 σκάφεσι
751 2200 944 2269 ζεύξας
985 2206 1079 2259 καὶ
1112 2202 1168 2260 εὖ
1218 2206 1361 2278 μάλα
1390 2207 1735 2279 γεφυρώσας,

191 2291 408 2363 μηχανὴν
437 2293 667 2364 ὀλέθρου
707 2294 828 2348 καθ’
860 2296 1053 2350 ἑαυτοῦ
1098 2299 1481 2370 συνεστήσατο.
1541 2300 1654 2368 Ἐφ’
1694 2292 1739 2368 ᾧ

191 2378 242 2451 ἦν
270 2381 327 2436 ἀν
350 2385 523 2437 εἰπεῖν
544 2403 558 2415 ’
597 2404 617 2437 ι
653 2386 867 2439 Λάκκον
891 2387 1065 2459 ὤρυξε
1096 2389 1191 2443 καὶ
1215 2389 1521 2460 ἀνέσκαψεν
1553 2392 1736 2456 αὐτὸν,

190 2475 265 2526 καὶ
292 2474 612 2544 ἐμπεσεῖται
643 2479 725 2542 είς
771 2478 959 2551 βόθρον
990 2479 1049 2532 ὃν
1079 2480 1397 2551 εἰργάσατο.
1453 2482 1737 2554 Ἐπιστρέ-

190 2560 306 2630 eam
329 2563 485 2627 πόνος
508 2565 680 2619 αὑτοῦ
724 2569 804 2631 είς
830 2569 1068 2641 κεφαλὴν
1095 2569 1281 2632 αὐτοῦ,
1312 2570 1408 2624 καὶ
1439 2571 1531 2625 ἐπὶ
1572 2589 1733 2644 κορυ-

191 2650 277 2721 φὴν
308 2653 463 2706 αὑτοῦ
514 2656 549 2725 ὴ
601 2655 788 2710 ἀδικία
831 2658 994 2711 αὐτοῦ
1034 2659 1418 2731 καταϐήσεται.
1477 2681 1497 2712 ι
1556 2662 1736 2736 Ταύτῃ

190 2740 300 2811 δῆτα
327 2744 418 2798 τοῦ
436 2747 549 2813 ,ἐπὶ
594 2748 690 2801 τοῦ
738 2748 983 2820 ποταμοῦ
1027 2749 1331 2821 ζεύγματος
1372 2752 1734 2817 διαλυθέντος,

193 2833 409 2903 ὑφιζάνει
439 2839 539 2908 μὲν
578 2841 615 2910 ἠ
653 2839 920 2905 διάϐασις,
951 2842 1121 2913 χωρεῖ
1144 2841 1189 2893 δ’
1223 2841 1436 2912 ἀθρόως
1467 2842 1736 2915 αὔτανδρα

191 2935 307 2989 κατὰ
333 2936 424 2990 τοῦ
465 2937 632 3008 βυθοῦ
676 2940 741 2993 τὰ
782 2942 984 3012 σκάφη,
1024 2941 1117 2995 καὶ
1154 2942 1316 3006 αὑτός
1357 2959 1419 3011 γε
1464 2943 1675 3015 πρῶτος
1710 2946 1738 2997 ό

192 3023 607 3094 δυσσεϐέστατος,
641 3026 759 3084 εἶτα
798 3032 855 3084 δὲ
888 3032 982 3086 καὶ
1019 3034 1068 3085 οἱ
1110 3033 1247 3104 ἀμφ’
1288 3034 1451 3090 αὑτὸν
1496 3035 1737 3088 ὑπασπι-

194 3118 311 3181 σταὶ,
402 3120 469 3173 τὰ
503 3119 629 3174 θεῖα
652 3124 1026 3193 προαναφωνεῖ
1074 3122 1261 3193 λόγια.
1298 3143 1316 3176 ι
1355 3124 1548 3179 ἔδυσαν
1607 3125 1738 3178 ὡσεὶ

194 3295 339 3366 λόγοις
357 3342 371 3366 ,
404 3300 592 3371 ἔργοις
622 3302 674 3372 δ’
708 3299 799 3356 οὖν
844 3303 1043 3374 ὁμοίως
1079 3306 1192 3369 τοῖς
1241 3305 1383 3376 ἀμφὶ
1426 3305 1519 3358 τὸν
1568 3304 1737 3375 μέγαν

196 3388 465 3460 θεράποντα
496 3394 743 3448 Μωῦσέα
767 3396 890 3459 τοὺς
922 3394 1072 3467 παρά
1108 3395 1243 3449 Θεοῦ
1286 3396 1385 3467 τὴν
1418 3394 1574 3467 νίκην
1606 3396 1739 3467 ἀρα-

200 3479 380 3547 μένους,
417 3484 561 3537 acea
595 3484 663 3555 δὴ
702 3485 769 3538 τά
798 3484 940 3539 κατὰ
970 3485 1066 3539 τοῦ
1115 3486 1283 3542 πάλαι
1315 3484 1609 3550 δυσσεϐοῦς
1640 3502 1736 3538 τυ-

200 3569 359 3639 ράννου
386 3567 486 3628 ὧδέ
509 3561 641 3639 ’πως
673 3575 927 3646 ἀνυμνεῖν
968 3575 1077 3647 (46)
1114 3578 1210 3630 καὶ
1250 3575 1457 3644 λέγειν’
1498 3594 1517 3628 ι
1564 3576 1729 3647 ’ᾼσωσ

199 3675 278 3727 μεν
303 3660 372 3732 τῷ
400 3664 616 3735 Κυρίῳ,
649 3664 875 3729 ἐνδόξως
906 3665 1013 3737 γὰρ
1048 3664 1377 3731 δεδόξασται.
1417 3667 1614 3719 Ἵππον
1644 3665 1740 3719 καὶ

198 3749 436 3824 ἀναϐάτην
468 3754 697 3826 ἔρριψεν
729 3755 808 3818 είς
841 3754 1141 3809 θάλασσαν·
1182 3754 1372 3827 βοηθὸς
1407 3755 1503 3809 καὶ
1537 3772 1738 3808 σκεπα-

198 3843 410 3914 στήςμου
423 3844 634 3914 Κύριος
650 3844 863 3914 ἐγένετό
884 3863 972 3916 μοι
1007 3847 1086 3909 είς
1117 3845 1408 3918 σωτηρίαν⁸
1429 3845 1538 3914 (47)
1565 3863 1583 3896 ι
1609 3845 1699 3897 καί
1721 3862 1735 3876 ·

202 3950 219 3985 ι
254 3934 337 3999 Τίς
372 3938 553 4009 ὅμοιός
607 3954 693 3989 σοι
744 3938 800 3991 ἐν
832 3937 990 4001 θεοῖς,
1024 3936 1217 4009 Κύριε,
1263 3936 1346 4000 τίς
1391 3935 1573 4008 ὅμοιός
1622 3951 1737 4000 σοις

198 4023 547 4099 δεδοξασμένος
587 4029 648 4082 ἐν
679 4028 873 4096 ἁγίοις,
903 4026 1209 4098 θαυμαστὸς
1242 4029 1300 4081 ἐν
1331 4026 1530 4092 δόξαις,
1571 4025 1740 4080 ποιῶν

200 4094 402 4189 sipara;
425 4094 672 4186 i’Tai'rrd
698 4094 761 4187 γε
796 4121 888 4173 καὶ
917 4094 1024 4173 ὅσα.
1046 4117 1255 4183 τούτοις
1294 4118 1497 4188 ἀδελφά
1538 4134 1598 4170 τε
1645 4116 1741 4172 καὶ

201 4208 382 4283 ἐμφερῆ
410 4213 823 4272 Κωνσταντῖνος
848 4208 926 4281 τῷ
954 4211 1290 4283 πανηγεμόνι
1332 4210 1426 4264 καὶ
1457 4208 1557 4279 τῆς
1585 4208 1743 4279 νίκης

201 4298 330 4370 αἰτίῳ
370 4301 483 4373 Θεῷ
533 4302 722 4364 αὐτοῖς
767 4301 946 4373 ἔργοις
990 4303 1324 4373 ἀνυμνήσας,
1380 4301 1473 4355 ἐπὶ
1526 4299 1742 4372 Ῥώμης

205 4388 297 4453 μετ’
321 4390 596 4444 ἐπινικίων
627 4391 933 4463 εἰσήλαυνε,
962 4391 1177 4447 πάντων
1206 4390 1416 4463 ἀθρόως
1439 4390 1600 4444 αὐτὸν
1625 4389 1743 4460 ἅμα

202 4479 364 4551 κομιδῆ
389 4484 605 4555 νηπίοις
634 4484 727 4537 καὶ
751 4482 983 4553 γυναιξὶ,
1016 4482 1125 4537 τῶν
1150 4501 1211 4537 τε
1241 4484 1349 4538 ἀπὸ
1372 4485 1470 4555 τῆς
1503 4481 1740 4554 συγκλή-

201 4584 275 4623 του
303 4573 484 4646 βουλῆς
516 4575 617 4630 καὶ
649 4574 758 4629 τῶν
799 4575 972 4631 ἄλλων
1013 4567 1427 4647 διασὴμοτάτων
1473 4574 1605 4648 (48),
1642 4573 1739 4630 σὺν

256 4662 297 4694 ⁸³
321 4663 479 4722 Elui].
516 4684 609 4723 xv.
685 4667 734 4699 "
777 4667 918 4723 Psal.
952 4684 1045 4733 vn,
1080 4670 1161 4722 l6.

1844 1931 2167 1988 miraculum
2209 1934 2350 2003 quod
2380 1934 2576 1989 dicturi
2613 1951 2820 1999 sumus,
2856 1935 3026 1989 oculis
3059 1936 3170 1989 suis
3200 1946 3410 2006 specta-

1843 2032 2059 2088 verunt,
2078 2023 2355 2079 verissima
2393 2038 2514 2078 esse
2540 2040 2705 2092 opere
2728 2025 2844 2094 ipso
2866 2024 3255 2095 comprobavit.
3275 2024 3408 2079 Nam

1842 2112 2292 2179 quemadmodum
2333 2111 2500 2167 Hosis
2534 2128 2597 2167 ac
2629 2112 2892 2184 religiosa:
2935 2115 3203 2183 quondam
3234 2117 3410 2185 gentis

1845 2200 2192 2258 Hebraeorum
2228 2205 2580 2272 temporibus,
2610 2203 2754 2262 Deus
2796 2220 2990 2260 currus
3027 2214 3080 2261 et
3111 2209 3408 2262 exercitum

1842 2291 2143 2348 Pharaonis
2171 2294 2395 2365 projecit
2434 2295 2486 2349 in
2517 2309 2688 2362 mare,
2711 2295 3038 2353 lectissimos
3074 2297 3274 2352 milites
3300 2308 3410 2353 ter-

1843 2404 1941 2444 nos
1968 2403 2035 2443 ex
2074 2404 2233 2445 curru
2273 2400 2575 2461 pugnantes
2621 2390 2913 2447 submersit
2957 2392 3010 2446 in
3041 2392 3174 2447 mari
3200 2392 3407 2455 Rubro,

1843 2491 1897 2534 et
1936 2477 2181 2534 ﬂuctibus
2206 2481 2416 2550 operuit
2442 2481 2489 2513 ⁸³
2515 2499 2529 2535 ι
2560 2482 2642 2536 sic
2678 2482 2839 2551 plane
2875 2481 3178 2538 Maxentius
3210 2495 3261 2539 et
3287 2485 3410 2554 qui-

1842 2584 2055 2640 cunque
2104 2571 2250 2626 circa
2307 2572 2455 2626 illum
2517 2581 2673 2628 erant
2723 2574 2921 2631 milites
2970 2590 3032 2631 ac
3093 2577 3406 2645 stipatores,

1844 2661 2017 2717 instar
2057 2662 2246 2731 lapidis
2288 2665 2341 2717 in
2371 2663 2692 2718 altissimum
2730 2667 2998 2734 gurgitem
3045 2666 3355 2723 ceciderunt
3387 2684 3404 2724 :

1844 2759 1973 2805 tunc
2016 2751 2267 2806 videlicet
2296 2767 2417 2806 cum
2447 2754 2625 2808 divina
2674 2755 2873 2809 virtute
2905 2754 3238 2811 Constantini
3279 2772 3404 2827 par-

1844 2841 1990 2896 tibus
2025 2842 2323 2898 auxiliante
2357 2844 2410 2897 in
2453 2841 2633 2914 fugam
2684 2859 2893 2911 versus,
2923 2843 3146 2902 ﬂuvium
3182 2848 3282 2903 sibi
3306 2850 3406 2903 ob-

1837 2931 2039 3000 jectum
2064 2933 2430 3002 pertransiret
2478 2949 2493 2987 :
2533 2934 2699 3007 359
2727 2938 2779 2991 in
2815 2952 2957 3006 quo,
2988 2948 3150 3008 ponte
3186 2954 3252 2994 ex
3279 2955 3403 2995 sca-

1841 3024 1964 3095 phis
2008 3024 2375 3089 contabulato,
2452 3025 2568 3096 ipse
2620 3029 2929 3084 machinam
2974 3030 3263 3099 quamdam
3333 3032 3400 3086 ad

1842 3133 1992 3171 suam
2018 3116 2185 3186 ipsius
2204 3116 2499 3189 perniciem
2527 3128 2926 3175 construxerat.
2956 3118 3189 3176 Proinde
3220 3130 3273 3176 et
3300 3122 3402 3178 huc

84 3206 89 3215 ’
466 3213 524 3264 ὲν
574 3183 727 3263 ὓδατί
770 3183 1012 3277 σφώρῷο
1063 3231 1081 3263 ι
1310 3213 1532 3277 είκότως
1575 3215 1623 3266 εί
1662 3213 1735 3286 μὴ

1843 3204 1941 3259 dici
1989 3183 2181 3261 merito
2204 3183 2392 3275 putuit
2423 3223 2440 3263 :
2479 3226 2499 3259 ι
2535 3207 2794 3264 Scrobem
2824 3209 3035 3278 aperuit
3071 3221 3235 3278 atque
3263 3208 3398 3263 εσυ.

1837 3294 1960 3348 dit:
1993 3301 2049 3347 et
2100 3292 2155 3346 in
2204 3292 2409 3350 foveam
2457 3311 2618 3367 quam
2665 3294 2792 3351 fecit
2837 3296 2951 3367 ipse
2996 3292 3215 3349 incidet.
3261 3294 3401 3350 Con-

1841 3393 2078 3438 vertetur
2106 3384 2258 3439 labor
2279 3384 2396 3455 ejus
2429 3386 2480 3438 in
2506 3390 2778 3456 proprium
2820 3399 2997 3455 caput,
3056 3396 3109 3441 et
3145 3384 3197 3438 in
3229 3386 3395 3438 verti-

1836 3488 1953 3531 cem
1991 3476 2161 3546 ipsius
2194 3468 2453 3538 iujustitia
2481 3472 2599 3544 ejus
2620 3474 2897 3533 recidet“.
2932 3473 3026 3528 )lll
3053 3473 3201 3528 hunc
3235 3476 3399 3544 igitur

1839 3576 2056 3617 modum
2108 3564 2285 3620 soluta
2329 3565 2509 3636 pontis
2545 3580 2825 3637 compage,
2870 3567 3134 3620 transitus
3177 3566 3397 3634 quidem

1837 3655 2118 3710 subsidere
2148 3656 2351 3725 cmpit;
2388 3657 2597 3727 navigia
2632 3671 2759 3711 vero
2789 3657 2948 3713 simul
2978 3674 3098 3712 eum
3145 3657 3277 3728 ipsis
3303 3659 3394 3713 ho-

1838 3748 2072 3803 minibus
2129 3758 2352 3819 repente
2396 3748 2729 3819 pessumiere
2756 3768 2770 3804 :
2801 3752 3118 3819 primusque
3156 3750 3400 3806 omnium

1837 3838 2254 3895 scelestissimus
2283 3840 2370 3894 ille
2404 3849 2687 3912 tyrannus,
2732 3856 2796 3896 ac
2824 3841 3023 3896 deinde
3052 3841 3228 3896 cuncti
3264 3856 3402 3912 quos

1836 3933 1981 3989 circa
2030 3947 2088 3987 se
2139 3932 2374 3988 habebat
2421 3933 2667 4004 corporis
2716 3935 2986 3994 custodes.
3031 3935 3173 3989 sicut
3219 3934 3399 3987 divina

1837 4028 2203 4098 praedixerunt
2261 4026 2518 4092 oracula,
2569 4026 2741 4080 instar
2788 4025 3054 4096 plumbea:
3112 4039 3303 4079 massae
3347 4024 3400 4076 in

1837 4118 2160 4174 altissimum
2203 4118 2468 4188 gurgitem
2520 4116 2724 4186 delapsi
2753 4127 2898 4172 sunt.
2931 4118 3079 4172 Adeo
3105 4125 3161 4169 ut
3205 4115 3404 4169 milites

1838 4210 1929 4280 qui
1954 4219 2081 4264 tunc
2100 4225 2202 4280 ope
2242 4210 2405 4264 divini
2449 4209 2688 4264 numinis
2722 4209 3005 4265 victoriam
3041 4208 3218 4276 adepti
3251 4213 3400 4269 sunt,

1838 4301 2061 4370 perinde
2106 4315 2170 4355 ac
2196 4300 2323 4354 olim
2358 4299 2612 4355 Israelita:
2642 4316 2779 4369 quos
2819 4314 3045 4368 magnus
3069 4298 3159 4351 ille
3190 4297 3281 4350 Dei
3315 4295 3401 4349 fa-

1839 4391 2018 4447 mulus
2037 4389 2250 4464 Moyses
2265 4392 2512 4456 ducebat,
2532 4392 2745 4457 merito,
2770 4390 2814 4445 si
2849 4405 2953 4445 non
2984 4389 3184 4452 verbis,
3209 4387 3399 4441 saltem

1842 4483 2003 4538 rebus
2044 4481 2179 4553 ipsis
2208 4481 2396 4537 eadem
2423 4495 2546 4551 qua:
2576 4481 2652 4535 illi
2696 4481 2967 4550 quondam
2998 4481 3260 4533 adversus
3301 4479 3401 4530 im-

1844 4572 1989 4644 pium
2024 4572 2173 4627 illum
2217 4571 2551 4627 Pharaonem
2593 4570 2861 4626 eantaturi
2919 4568 3117 4625 fuerint
3167 4569 3218 4623 in
3260 4567 3404 4623 hunc

258 4755 730 4831 (ᾂὸλτριστάτας.
762 4761 836 4831 lta
871 4760 1064 4831 legitur
1087 4759 1253 4831 Exodi
1299 4774 1420 4827 cap.
1475 4774 1545 4813 xv
1574 4799 1590 4823 ,
1611 4757 1729 4831 _ubi

1843 4775 1932 4831 μοι
1955 4759 2043 4823 εἰς
2066 4756 2385 4825 σωτηρίαν.
2422 4755 2563 4831 Haec
2580 4765 2662 4831 est
2686 4756 2851 4811 lectio
2879 4753 3034 4831 codd.
3064 4753 3204 4831 Μαι.
3229 4763 3281 4807 et
3303 4753 3405 4831 Sa-

204 4824 339 4902 rnulta
365 4824 699 4902 interpretes
723 4824 957 4884 alieruu't
978 4831 1053 4902 de
1086 4829 1243 4895 hujus
1279 4824 1429 4883 vocis
1458 4828 1733 4902 signiﬁca-

206 4898 343 4952 tione.
374 4898 482 4967 Ego
521 4910 719 4970 ternos
740 4914 808 4953 ex
842 4901 1094 4954 curribus
1116 4910 1418 4970 pugnantes
1468 4898 1726 4970 intelligo,

206 4970 252 5013 ιιι
277 4975 406 5037 recte
436 4971 598 5023 habet
620 4968 845 5037 Vulgata
868 4970 1046 5023 versio
1070 5009 1086 5033 ,
1120 4968 1298 5035 quam
1331 4969 1601 5023 immerito
1654 4983 1733 5022 re-

205 5033 452 5111 prehendit
478 5033 1301 5111 Ηίθτοιιγῖηιιε,Πρωτοστάτης,
1358 5038 1731 5111 παραστάτης,

205 5104 430 5181 vocabula
457 5117 586 5181 sunt
620 5104 834 5162 taética.
866 5104 1064 5163 Eadem
1089 5104 1258 5163 forma
1289 5104 1603 5181 τριστάτης.
1631 5104 1735 5163 Κε-

205 5178 418 5243 cteergo
457 5177 685 5232 Rufinus
717 5189 890 5233 ternos
914 5190 1134 5232 statores
1166 5177 1347 5233 vertit.

227 5240 530 5320 ,μθγτοδέ
557 5262 684 5314 πως
706 5248 1010 5318 drum-air.
1052 5249 1166 5303 Non
1203 5249 1369 5318 probo
1420 5249 1739 5320 interpreta-

207 5314 376 5387 tionem
422 5314 927 5386 (Ihristophorsoni,
956 5320 1049 5387 qui
1074 5314 1435 5373 vertt'tcanere
1458 5314 1729 5386 potuisset.

207 5373 299 5433 hno
343 5373 659 5441 vertendunf
687 5400 804 5441 erat
833 5373 1099 5454 cecin'erit,
1156 5399 1215 5441 ut
1269 5403 1333 5442 ex
1381 5373 1735 5457 sequentibus

209 5459 417 5529 ἓνρθτει.
447 5457 536 5510 Ait
560 5457 708 5511 enim
750 5457 1036 5529 Eusebius,
1061 5474 1166 5511 non
1194 5457 1397 5529 verbis,
1447 5461 1539 5512 sed
1574 5457 1732 5529 factis

212 5523 319 5603 ipsis
338 5523 742 5603 Constantinum
781 5528 851 5581 ita
878 5529 1179 5603 cecinisse}
1212 5526 1400 5603 Ταῦτά
1422 5544 1486 5601 γε
1512 5528 1614 5603 καὶ.
1639 5528 1738 5603 ὅσα

208 5595 385 5668 τούτοις
418 5595 638 5667 ἀδελφὰ,
671 5597 1074 5661 Κωνσταντῖνος
1102 5596 1179 5667 τῷ
1209 5595 1328 5667 Θεῷ
1357 5595 1536 5668 ἔργοις
1556 5598 1739 5661 αὑτοῖς

637 5736 733 5791 καὶ
759 5737 1107 5805 σκεπαστής
1135 5754 1255 5805 μου
1271 5737 1486 5807 Κύριος
1507 5736 1743 5806 ἐγένετό

1835 4825 2140 4898 vil.,quam
2191 4832 2479 4882 continuat
2535 4827 2805 4891 Rufinus;
2852 4826 2941 4898 _sic
2993 4826 3135 4878 enim
3187 4825 3399 4898 vertit:

1838 4916 1858 4949 ι
1890 4895 2118 4967 Αιιιῐιιυιι
2153 4907 2207 4951 et
2247 4907 2522 4967 protector
2552 4912 2722 4967 meus,
2754 4909 2806 4949 et
2846 4896 3143 4967 factusest
3184 4895 3313 4967 mihi
3346 4896 3399 4948 in

1835 4963 2119 5039 saluteth
2158 4963 2313 5039 Vulg.
2347 4966 2541 5039 βοηθὸς
2560 4966 2670 5039 zeal
2698 4964 3005 5039 σκεπαστὴς
3037 4963 3398 5039 ἐγένετό-

1838 5037 2014 5092 Locus
2034 5044 2118 5090 est
2165 5036 2218 5090 in
2257 5032 2377 5106 cap.
2431 5032 2501 5091 'xv
2560 5036 2770 5100 Exodi,
2808 5036 2897 5088 ubi
2955 5032 3196 5106 Romana
3255 5032 3398 5089 LXX

1840 5109 2200 5174 lnterpretum
2234 5103 2400 5161 editio
2429 5122 2589 5161 voces
2637 5106 2758 5159 illas
2790 5122 2891 5176 μου
2916 5103 3120 5175 Κύριος
3161 5119 3265 5176 non
3304 5106 3401 5156 ha-

1845 5177 1956 5231 bet.
1994 5177 2146 5246 Quod
2170 5177 2412 5246 profecto
2444 5177 2652 5230 miror:
2690 5174 2812 5227 nam
2840 5174 3129 5228 Eusebium
3165 5174 3400 5246 editione

1843 5246 1986 5316 LXX
2055 5243 2410 5316 interpretum
2470 5261 2647 5316 usum_
2682 5258 2824 5304 esse.
2858 5260 2956 5316 pro
2987 5255 3155 5316 certo
3203 5243 3396 5316 habeo.

1841 5315 2008 5370 Paulo
2029 5326 2150 5384 post
2174 5312 2261 5369 ubi
2291 5316 2562 5382 legebatur
2586 5332 2598 5367 :
2627 5313 2936 5384 θαυμαστὸς
2983 5312 3207 5378 ἐνδόξως
3233 5312 3402 5365 ποιῶν

1838 5383 2075 5458 τέρατα,
2093 5387 2301 5458 restitui
2336 5384 2646 5458 θαυμαστὸς
2678 5383 2744 5437 ὲν
2764 5383 2941 5458 δόξαις
2968 5400 3033 5437 ex
3058 5383 3401 5458 auctoritate

1841 5450 1998 5511 co'dd.
2050 5450 2198 5513 Μαι.
2253 5465 2309 5509 et
2339 5450 2501 5516 Fuli'q
2540 5455 2736 5523 quibus
2765 5453 3004 5507 Romana
3058 5450 3204 5507 LXX
3279 5455 3403 5506 sub-

1843 5528 2032 5581 scribit
2056 5525 2242 5586 edttio,
2274 5536 2407 5575 utet
2444 5525 2820 5590 interpretatio
2853 5523 3055 5577 Ruliui.

1918 5594 2030 5720 (ῤΒέ
2067 5595 2180 5650 Καὶ
2204 5592 2323 5648 τῶν
2345 5592 2550 5675 ἄλλων
2573 5589 3042 5662 διασημοτάτων.
3088 5591 3205 5646 Non
3237 5589 3401 5646 intel-

1918 5678 1979 5720 ιιι
2029 5681 2150 5720 iane
2172 5680 2357 5719 vocem
2392 5664 2939 5720 Chnstonhorsonus.
2978 5678 3078 5717 nec
3109 5662 3400 5716 Musonius.

1848 5662 1979 5721 lc-x'it
2011 5662 2150 5721 hanc
2172 5680 2357 5719 vocem
2392 5664 2939 5733 Christophorsonus,
2978 5678 3078 5717 nec
3109 5662 3400 5716 Musonius.

1852 5739 1943 5793 Sic
1961 5737 2133 5793 Graeci
2164 5735 2430 5791 vocabant
2459 5749 2574 5803 eos,
2601 5731 2736 5804 Quos
2775 5731 2949 5788 Latini
2974 5733 3402 5805 perfectissimus.
