3860 6484
183 350 274 413 825

1134 342 1482 401 HISTORIE
1520 342 2078 400 ECCLESIASTICE
2116 343 2246 401 LIB.
2285 310 2416 400 ΙΧ.⁸

3280 344 3386 398 826

182 466 387 540 φανερὸν
413 463 550 521 εἶναι
575 464 832 529 πέποιθα,
865 464 993 528 τοὺς
1021 463 1287 528 δεσπότας
1311 462 1468 535 ήμῶν
1505 462 1709 534 Διοκλη-

1831 474 1964 528 tror,
2018 461 2252 532 qualiter
2299 458 2504 515 domini
2548 474 2610 515 ac
2652 466 2905 530 parentes
2959 458 3129 515 nostri
3173 457 3384 515 Diocle-

180 560 336 616 τιανὸν
352 560 443 612 καὶ
464 557 801 629 Μαξιμιανὺν
817 559 947 620 τοὺς
965 556 1267 628 ἡμετέρους
1284 555 1544 626 πατέρας,
1562 553 1720 625 ήνίκα

182 652 399 706 συνεῖδον
426 649 610 720 σχεδὸν
630 649 879 712 ἅπαντας
901 647 1243 719 ἀνθρώπους,
1275 645 1722 716 καταλειφθείσης

179 747 260 811 τῆς
286 742 389 796 τῶν
420 740 559 795 θεῶν
593 740 909 811 θρησκείας,
941 739 1019 809 τῷ
1054 738 1195 792 ἔθνει
1236 737 1344 791 τῶν
1384 735 1720 807 Χριστιανῶν

177 836 378 897 ἑαυτοὺς
413 833 851 904 συμμεμιχότας,
884 830 1059 902 ὀρθῶς
1095 828 1484 897 διατεταχέναι,
1514 828 1721 892 πάντας

175 925 463 997 ἀνθρώπους
489 925 617 987 τοὺς
642 924 750 978 ἀπὸ
780 923 883 992 τῆς
904 923 1011 977 τῶν
1037 922 1213 976 αὐτῶν
1268 921 1405 976 θεῶν
1448 922 1556 975 τῶν
1587 922 1720 976 ἀθα-

173 1019 324 1072 νάτων
355 1015 651 1088 θρησκείας
692 1017 1173 1088 ἀναχωρήσαντας,
1215 1015 1463 1086 προδήλῳ
1501 1016 1716 1070 κολάσει

174 1110 253 1163 καὶ
274 1109 508 1180 τιμωρία
536 1110 617 1172 εἰς
650 1107 747 1179 τὴν
776 1108 1074 1179 θρησκείαν
1105 1107 1211 1160 τῶν
1239 1106 1375 1161 θεῶν
1412 1106 1719 1177 ἀνακληθῆ-

172 1216 259 1252 ναι.
296 1197 427 1250 Ἀλλ’
451 1199 542 1250 ὅτε
572 1199 685 1265 ἐγὼ
710 1196 950 1269 εὐτυχῶς
969 1197 1032 1250 τὸ
1060 1196 1276 1267 πρῶτον
1317 1198 1397 1260 εἰς
1422 1197 1521 1268 τὴν
1558 1198 1715 1250 Ἀνα-

336 1290 445 1360 (52)
480 1289 882 1361 παρεγενόμην,
916 1288 1008 1342 καὶ
1040 1288 1211 1357 ἔγνων
1236 1287 1316 1353 εἷς
1340 1305 1491 1352 τινας
1520 1288 1718 1352 τόπους

171 1380 426 1445 πλείστους
466 1379 578 1433 τῶν
610 1379 911 1452 ἀνθρώπων
945 1378 1014 1432 τὰ
1044 1379 1278 1451 δημόσια
1304 1379 1533 1449 ὠφελεῖν
1559 1379 1716 1433 δυνα-

172 1473 360 1544 μένους,
393 1471 499 1524 ὑπὸ
526 1469 635 1524 τῶν
662 1470 930 1524 δικαστῶν
958 1470 1045 1523 διὰ
1071 1472 1170 1542 τὴν
1203 1472 1607 1544 προειρημένην
1634 1474 1717 1527 al-

167 1564 269 1616 τίαν
305 1561 662 1634 ὲξορίξεσθαι,
693 1562 908 1633 ἑκάστῳ
939 1561 1046 1617 τῶν
1086 1563 1359 1627 δικαστῶν
1387 1562 1603 1628 ἐντολὰς
1631 1564 1718 1618 δέ·

166 1654 310 1716 δωκα,
335 1652 476 1707 ὥστε
511 1653 717 1724 μηδένα
742 1652 945 1708 τούτων
969 1652 1062 1707 τοῦ
1092 1654 1280 1707 λοιποῦ
1314 1655 1715 1726 προσφέρεσθαι

166 1748 259 1808 τοῖς
282 1744 651 1816 ἐπαρχιώταις
687 1744 911 1815 ἀπηνῶς
930 1784 944 1808 ,
991 1744 1126 1800 ἀλλά
1171 1745 1370 1815 μᾶλλον
1407 1744 1716 1810 κολακείαις

1824 559 2004 612 tianus
2032 565 2088 612 et
2137 556 2518 620 Maximianus,
2553 569 2674 609 cum
2702 564 2930 609 cunctos
2977 555 3092 609 fere
3114 554 3382 619 homines,

1823 647 2011 702 relicto
2058 647 2283 701 deorqu
2314 644 2698 699 immortalium
2732 644 2902 714 cultu,
2925 645 2992 697 ad
3044 643 3385 708 Christiano,-
3416 708 3422 712 ι

1822 755 1939 792 runt
1969 746 2172 794 sectam
2200 752 2260 793 se
2309 737 2639 806 applicuisse
2686 746 2997 803 cernerent,
3036 744 3180 791 recte
3219 747 3384 806 atque

1820 830 2011 887 ordine
2037 829 2453 896 constituerunt,
2498 838 2558 882 ut
2596 829 2904 898 quicunque
2949 843 2977 883 a
3008 829 3230 883 deorum
3256 844 3384 884 suo-

1820 939 1939 978 rum
1965 922 2221 992 religione
2245 922 2620 987 descivissent,
2651 921 2866 991 publica
2914 920 3381 976 animadversione

1817 1024 1869 1067 et
1925 1013 2184 1083 supplicio
2222 1013 2290 1067 ad
2342 1012 2660 1067 earumdem
2710 1013 2912 1067 cultum
2971 1021 3379 1068 revocarentur.

1816 1103 1929 1173 Ego
1958 1118 2088 1159 vero
2122 1116 2244 1156 cum
2293 1102 2347 1157 in
2381 1101 2616 1158 Orientis
2653 1094 2958 1173 provincias
3004 1099 3248 1157 felicibus
3285 1116 3383 1155 au-

1817 1191 2004 1260 Spiciis
2032 1192 2264 1261 primum
2312 1195 2604 1257 venissem,
2650 1191 3144 1261 comperissemque
3190 1204 3382 1260 quam-

1817 1283 2080 1355 plurimos
2119 1284 2366 1340 homines
2411 1284 2502 1353 qui
2557 1283 2873 1351 reipublicae
2922 1284 3041 1337 usui
3099 1297 3221 1337 esse
3258 1298 3383 1351 pus-

1820 1384 1958 1440 seut,
1986 1375 2056 1431 ob
2092 1389 2212 1429 eam
2236 1388 2400 1443 quam
2417 1372 2527 1428 dixi
2546 1387 2767 1430 causam
2789 1389 2820 1428 a
2844 1371 3116 1441 iudicibus
3145 1373 3198 1426 in
3231 1382 3382 1427 certa

1818 1467 1935 1524 loca
1978 1465 2249 1535 relegari;
2295 1464 2520 1535 singulis
2549 1464 2821 1537 iudicibus
2884 1463 2938 1518 in
2985 1464 3257 1520 mandatis
3286 1464 3383 1520 de-

1818 1559 1906 1627 di,
1940 1572 2008 1613 ne
2037 1557 2158 1627 quis
2202 1572 2388 1612 eorum
2426 1556 2679 1625 deinceps
2713 1556 2974 1612 adversus
3024 1557 3385 1627 provinciales

1819 1652 2085 1708 atrociter
2122 1650 2374 1715 saeviret;
2437 1649 2532 1705 sed
2587 1658 2646 1703 ut
2687 1650 2865 1717 potius
2902 1649 3176 1706 blanditiis
3207 1663 3262 1707 et
3288 1654 3382 1707 ad-

1819 1742 2221 1799 hortationibus
2242 1744 2308 1796 ad
2334 1741 2562 1795 deorum
2585 1738 2786 1794 cultum
2812 1754 2906 1794 eos
2939 1755 3195 1795 revocare
3221 1756 3383 1795 cona-

166 1838 243 1889 καὶ
278 1840 613 1907 προτροπαῖς
651 1837 785 1908 πρὸς
824 1835 926 1907 τήν
959 1834 1066 1889 τῶν
1100 1835 1238 1889 θεῶν
1283 1834 1581 1906 θρησκείαν
1617 1835 1709 1888 αὐ·

1823 1847 2029 1892 rentnr.
2065 1834 2311 1902 Quandiu
2358 1833 2521 1902 igitur
2551 1832 2703 1900 iuxta
2743 1832 3052 1886 mandatum
3087 1833 3386 1903 maiestatis

164 1931 271 1992 τοὺς
297 1929 606 1983 ἀνακαλεῖν.
669 1931 981 2001 Τηνικαῦτα
1017 1926 1110 1984 οὖν
1160 1932 1249 1984 ὅτε
1300 1929 1608 1994 ἀκολούθως
1651 1933 1716 2003 τῇ

164 2020 379 2077 κελεύσει
427 2024 497 2093 τῇ
543 2023 649 2093 ἐμῇ
685 2022 790 2076 ὑπὸ
829 2023 936 2077 τῶν
976 2023 1241 2076 δικαστῶν
1273 2022 1602 2093 ἐφυλάττετο
1647 2022 1719 2077 τά

164 2112 592 2182 προστεταγμένα
610 2153 624 2175 ,
659 2113 934 2166 συνέϐαινε
983 2113 1184 2184 μηδένα
1216 2114 1281 2167 ἐκ
1310 2113 1419 2166 τῶν
1449 2113 1720 2183 τῆςἈνα-

160 2202 297 2273 τολῆς
325 2203 532 2275 μερῶν,
566 2204 703 2273 μήτε
741 2204 1012 2275 ἐξόριστον
1047 2205 1185 2275 μήτε
1218 2203 1532 2274 ὲνύὸριστον
1561 2202 1718 2272 γενέ-

164 2293 282 2359 σθαι,
305 2294 440 2347 ἀλλά
479 2294 681 2364 μᾶλλον
715 2296 779 2348 ὲκ
822 2294 915 2348 τοῦ
948 2295 1021 2366 μὴ
1062 2295 1273 2368 βαρέως
1295 2295 1416 2348 κατ’
1450 2295 1631 2349 αὐτῶν
1660 2313 1715 2349 τι

92 2401 97 2406 ν
160 2378 391 2446 γίνεσθαι,
424 2382 511 2444 εἰς
538 2380 636 2451 τὴν
663 2381 770 2434 τῶν
802 2381 939 2437 θεῶν
972 2383 1267 2454 θρησκείαν
1289 2383 1712 2455 ἀνακεκλῆσθαι.

159 2472 288 2525 Μετά
312 2472 366 2525 δὲ
394 2473 574 2525 ταῦτα
599 2475 687 2526 ὅτε
709 2472 787 2543 τῷ
812 2474 1130 2546 παρελθόντι
1156 2474 1386 2546 ἐνιαυτῷ
1420 2475 1531 2546 (55)
1562 2476 1717 2530 εὐτυ-

158 2565 248 2639 χῶς
285 2566 492 2636 ὲπέὸην
536 2567 621 2628 εἰς
664 2567 764 2638 τήν
807 2567 1173 2638 Νικομήδειαν
1217 2569 1378 2621 κάκεῖ
1422 2567 1712 2635 διετέλουν,

159 2658 496 2729 παρεγένοντο
523 2659 739 2713 πολῖται
768 2659 867 2730 τῆς
894 2658 1066 2728 αὐτῆς
1093 2658 1301 2724 πόλεως
1330 2659 1469 2733 πρὸς
1501 2661 1570 2731 μὲ
1596 2661 1715 2731 ἅμα

158 2748 273 2819 μετά
295 2750 400 2803 τῶν
439 2749 648 2814 ξοάνων
687 2749 795 2803 τῶν
825 2750 986 2814 θεῶν,
1023 2735 1285 2821 μειζόνως
1325 2753 1591 2824 δεόμενοι,
1627 2753 1713 2806 ἵνα

156 2843 295 2895 παντὶ.
321 2844 513 2915 τρόταρ
538 2843 600 2896 τὸ
628 2843 866 2898 τοιοῦτον
889 2843 1041 2907 ἔθνος
1069 2845 1338 2916 μηδαμῶς
1367 2845 1714 2918 ἐπιτρέποιτο

155 2933 201 2987 ἐν
226 2937 283 3007 τῇ
320 2934 509 2990 αὐτῶν
554 2936 769 3008 πατρίδι
827 2938 1012 2992 οἰκεῖν.
1062 2937 1200 2990 Ἀλλ’
1231 2939 1319 2991 ὅτε
1354 2938 1526 3007 ἔγνων
1558 2936 1711 2992 πλεί-

155 3042 288 3091 στους
326 3028 427 3099 τῆς
458 3029 635 3098 αὐτῆς
687 3028 979 3099 θρησκείας
1005 3028 1203 3099 ἄνδρας
1258 3030 1316 3082 ἐν
1368 3031 1554 3094 αὐτοῖς
1598 3032 1711 3094 τοῖς

156 3115 351 3187 μέρεσιν
402 3121 601 3180 οἰκεῖν,
651 3118 822 3181 οὕτως
864 3119 1047 3182 αὐτοῖς
1096 3118 1196 3183 τὰς
1238 3119 1560 3191 ἀποκρίσεις
1604 3121 1710 3173 ἀπ-

1816 1930 1973 2001 361
2006 1941 2224 1993 nostrze,
2254 1928 2368 1983 haec
2396 1944 2425 1982 a
2448 1927 2742 1999 iudicibus,
2775 1938 2935 1998 prout
2962 1928 3258 1997 iusseram,
3283 1928 3386 1983 ob-

1818 2031 2032 2078 servata
2061 2032 2208 2086 sunt,
2241 2037 2400 2077 nemo
2440 2037 2509 2075 ex
2562 2021 2808 2089 partibus
2841 2020 3085 2076 Orientis
3115 2030 3210 2073 aut
3240 2019 3387 2075 rele-

1817 2124 1995 2185 gatus,
2023 2122 2117 2168 aut
2144 2112 2474 2169 contumelia
2502 2110 2730 2166 allectus
2756 2121 2861 2167 est.
2886 2112 3027 2178 Quin
3061 2112 3239 2180 potius
3269 2125 3386 2181 pro-

1817 2203 2076 2259 vinciales
2103 2203 2269 2258 nostri
2297 2218 2365 2257 eo
2398 2202 2540 2272 quod
2569 2202 2892 2258 clementius
2915 2217 3037 2257 cum
3083 2201 3214 2270 ipsis
3259 2216 3387 2271 age-

1815 2296 1996 2360 batur,
2026 2297 2093 2351 ad
2122 2296 2403 2351 numinum
2435 2295 2640 2351 cultum
2674 2296 2974 2350 redierunt.
3029 2293 3224 2349 Postea
3253 2307 3387 2350 vero

1815 2406 1939 2446 cum
1973 2405 2115 2446 anno
2138 2390 2417 2460 praeterito
2450 2388 2820 2446 Nicomediam
2852 2387 3087 2443 feliciter
3106 2402 3282 2443 essent
3302 2387 3384 2440 in-

1816 2494 2059 2551 gressus,
2086 2480 2233 2535 cives
2257 2480 2377 2550 eius
2401 2479 2553 2533 urbis
2598 2492 2686 2534 me
2716 2477 2827 2531 illic
2891 2476 3176 2546 degentem
3230 2475 3386 2530 adie-

1815 2584 1941 2628 runt
1971 2588 2097 2628 eum
2133 2573 2356 2627 deorum
2398 2569 2743 2635 simulacris;
2787 2568 2991 2624 obnixe
3038 2577 3287 2631 orantes,
3318 2582 3387 2622 ne

1815 2664 2119 2736 huiusmodi
2151 2663 2428 2719 hominum
2456 2678 2626 2733 genus
2677 2660 2731 2715 in
2758 2675 2856 2715 sua
2883 2660 3106 2716 civitate
3133 2660 3387 2716 habitare

1813 2756 2036 2813 omnino
2068 2756 2359 2812 sineretur.
2406 2755 2510 2810 Sed
2566 2756 2821 2825 quoniam
2880 2753 3192 2823 complures
3225 2751 3388 2821 huius

1814 2850 2091 2921 religionis
2122 2848 2269 2905 viros
2294 2848 2402 2904 illis
2431 2849 2483 2902 iu
2505 2849 2749 2918 partibus
2772 2847 2969 2916 degere
2995 2860 3383 2915 cognoveram,

1811 2941 1915 2996 hoc
1939 2942 2020 2997 eis
2045 2956 2361 3013 responsum
2392 2942 2533 3004 dedi.
2570 2956 2655 2995 me
2679 2941 2892 3010 quidem
2923 2954 3109 2994 eorum
3138 2936 3383 3008 petitioni

1811 3033 2043 3089 libenter
2107 3032 2728 3103 gratiﬁcaturumised
2784 3048 2891 3088 non
2948 3031 3386 3085 animadvertere

1812 3123 2044 3194 idipsum
2070 3140 2136 3179 ex
2164 3139 2320 3194 aequo
2352 3126 2418 3179 ab
2452 3126 2709 3180 omnibus
2731 3123 3018 3194 postulari.
3044 3122 3196 3189 Quod
3227 3120 3384 3189 siqui

153 3184 355 3279 ίνειμον,
388 3210 477 3264 ὅτι
520 3213 587 3282 τῇ
638 3211 734 3282 μὲν
780 3212 991 3277 αἰτήσει
1041 3212 1220 3265 αὐτῶν
1266 3184 1518 3283 ἀσμένως
1551 3213 1709 3287 χάριν

1816 3216 1921 3271 sint
1936 3217 2025 3286 qui
2052 3217 2104 3271 in
2125 3216 2560 3273 Christianorum
2583 3218 2972 3286 superstitione
3002 3224 3382 3286 permaneant,

153 3299 351 3372 ἔσχηκα,
383 3303 505 3356 ἀλλ’
540 3304 602 3355 οὐ
639 3302 790 3373 παρά
820 3302 1034 3357 πάντων
1076 3304 1234 3357 τοῦτο
1267 3304 1486 3376 αἰτηθὲν
1528 3307 1710 3358 κατεῖ-

151 3391 246 3446 ὤν’
273 3398 316 3448 εί
350 3396 454 3466 μὲν
482 3391 578 3449 οὖν
603 3412 749 3458 τινες
771 3391 879 3447 εἷεν
914 3398 981 3467 τῇ
1013 3397 1147 3467 αὐτῇ
1182 3396 1573 3467 δεισιδαιμονίᾳ
1595 3396 1710 3449 δια-

155 3485 395 3555 μένοντες,
429 3486 611 3548 οὖτως
646 3488 742 3541 ἕνα
771 3487 999 3541 ἕκαστον
1042 3491 1100 3542 ὲν
1138 3492 1205 3560 τῇ
1242 3489 1350 3560 ἰδίᾳ
1390 3489 1707 3560 προαιρέσει

151 3580 231 3651 τὴν
249 3581 501 3654 βούλησιν
521 3582 665 3652 ἔχειν
685 3581 841 3653 (55⁸),
859 3583 952 3635 καί
973 3585 1020 3636 εἰ
1044 3582 1314 3653 βούλοιντο
1335 3582 1431 3655 τὴν
1446 3582 1551 3635 τῶν
1568 3581 1706 3635 θεῶν

154 3673 422 3744 θρησκείαν
464 3673 870 3743 ἐπιγινώσκειν.
908 3678 1096 3747 Ὅμως
1136 3678 1231 3730 καὶ
1262 3677 1376 3739 τοῖς
1408 3676 1506 3746 τῆς
1540 3674 1712 3746 αὐτῆς

154 3765 334 3831 πόλεως
375 3766 779 3839 Νικομηδεῦσι,
826 3766 921 3823 καὶ
953 3769 1075 3830 ταῖς
1125 3766 1342 3828 λοιπαῖς
1381 3766 1600 3819 πόλεσιν
1654 3765 1711 3819 αϊ

154 3857 230 3909 καὶ
258 3860 413 3912 αὐταὶ
443 3862 527 3923 εἰς
555 3858 807 3912 τοσοῦτον
827 3859 925 3929 τὴν
948 3859 1139 3929 ὁμοίαν
1166 3858 1381 3929 αἴτησιν
1412 3874 1711 3929 περισπου-

151 3947 333 4023 δάστως
363 3954 505 4023 πρὸς
547 3953 617 4022 μὲ
646 3952 1030 4021 πεποιήκασιν,
1064 3950 1304 4021 δηλονότι
1339 3951 1426 4004 ἴνα
1461 3943 1597 4022 μηδὲ
1632 3944 1713 4015 εἷς

151 4041 240 4093 τῶν
258 4044 598 4115 Χριστιανῶν
621 4047 741 4107 ταῖς
767 4043 982 4097 πόλεσιν
1003 4043 1258 4116 ἐνοικοίη,
1285 4044 1530 4115 ἀνάγκην
1554 4042 1712 4114 ἔσχον

152 4137 439 4206 προσφιλῶς
470 4136 893 4208 ἀποκρίνασθαι,
927 4138 1010 4191 ὅτι
1046 4136 1111 4208 δὴ
1158 4137 1288 4191 αὐτὸ
1318 4135 1476 4190 τοῦτο
1520 4137 1615 4191 καὶ
1659 4136 1710 4190 oi

153 4229 339 4298 ἀρχαῖοι
366 4230 775 4302 αὐτοκράτορες
804 4230 1003 4294 πάντες
1033 4229 1381 4299 διεφύλαξαν,
1410 4230 1506 4285 καί¹
1530 4231 1711 4295 αὐτοῖς

151 4326 244 4387 τοῖς
273 4325 413 4390 θεοῖς
454 4326 524 4379 δι’
558 4324 654 4388 οὒς
690 4326 892 4390 πάντες
924 4325 1197 4398 ἄνθρωποι
1228 4327 1324 4381 καὶ
1357 4326 1494 4398 αὐτὴ
1528 4326 1562 4398 ή
1603 4325 1711 4379 τῶν

151 4412 397 4484 δημοσίων
452 4416 723 4486 διοίκησις
786 4416 1118 4482 συνίσταται,
1175 4417 1373 4489 ήρεσεν
1426 4411 1520 4471 οὖν
1568 4414 1707 4486 (54),

1811 3325 2253 3381 unumquemque
2288 3326 2385 3380 pro
2415 3310 2682 3365 arbitratu
2718 3327 2781 3365 ac
2822 3311 3019 3365 mentis
3049 3324 3160 3365 sua:
3185 3322 3385 3379 propo-

1810 3404 1915 3459 sito
1940 3404 2140 3473 eligere
2165 3405 2307 3473 quod
2332 3402 2594 3469 vellet;et
2615 3403 2662 3457 si
2687 3407 2911 3458 deorum
2938 3403 3250 3471 religionem
3275 3416 3386 3463 am-

1811 3496 1972 3565 plecti
2003 3496 2219 3560 vellent,
2248 3496 2472 3564 perinde
2494 3497 2545 3548 id
2569 3495 2752 3551 licere.
2780 3494 2888 3550 Sed
2921 3504 3101 3548 tamen
3136 3504 3191 3548 et
3221 3491 3384 3548 Nico-

1812 3589 2194 3651 mediensibus.
2221 3599 2274 3643 et
2303 3588 2527 3657 reliquis
2555 3587 2869 3642 civitatibus
2895 3601 3016 3656 qute
3043 3586 3289 3640 eamdem
3315 3585 3383 3638 ad

1811 3694 1896 3733 me
1927 3681 2237 3748 petitionem
2261 3696 2384 3735 cum
2409 3695 2623 3735 summa
2653 3680 3008 3735 contentione
3048 3677 3382 3743 detulerant,

1809 3781 1871 3825 ut
1910 3772 2159 3826 videlicet
2193 3772 2371 3826 nullus
2395 3771 2830 3827 Christianorum
2884 3774 2937 3827 in
2989 3773 3106 3828 suis
3156 3773 3385 3827 urbibus

1808 3865 2099 3933 habitaret,
2119 3878 2338 3918 necesse
2359 3864 2521 3919 habui
2541 3864 2772 3934 benigne
2793 3867 3116 3933 respondere
3130 3904 3146 3929 ,
3169 3863 3384 3934 quando

1811 3956 1882 4010 ita
1915 3956 2261 4011 observatum
2286 3954 2477 4010 fuisset
2527 3971 2558 4010 a
2599 3957 2813 4012 eunetis
2856 3966 3005 4012 retro
3040 3938 3384 4028 imperatori-

1814 4048 1945 4113 bus;
1980 4048 2083 4104 diis
2108 4063 2325 4119 quoque
2359 4048 2752 4105 immortalibus
2778 4066 2877 4119 per
2904 4066 3040 4119 quos
3072 4065 3242 4120 genus
3279 4050 3383 4103 ltu-

1815 4154 2032 4193 manum
2057 4149 2112 4195 et
2133 4139 2442 4209 reipublicae
2469 4149 2749 4208 permanet
2780 4151 2973 4205 status,
3008 4141 3239 4208 idipsum
3268 4141 3384 4211 pla—

1811 4231 2017 4287 cuisset
2046 4250 2059 4286 :
2092 4246 2179 4286 me
2230 4247 2445 4302 quoque
2482 4230 2791 4300 huiusmodi
2845 4233 3162 4302 petitionem
3220 4249 3381 4303 quam

1811 4324 1880 4377 de
1916 4324 2060 4378 cultu
2091 4324 2315 4380 deorum
2347 4340 2568 4380 suorum
2599 4324 2664 4379 ad
2695 4339 2782 4379 me
2804 4326 3155 4391 detulissent,
3184 4327 3385 4380 confir-

1812 4426 2109 4479 maturum.
2144 4417 2501 4485 Quamobrem
2540 4419 2641 4476 etsi
2690 4418 2800 4490 iam
2831 4430 2990 4477 antea
3045 4434 3188 4489 saepe
3215 4419 3385 4474 devo-

151 4594 349 4672 Oriente
380 4597 740 4672 fere_semper
767 4605 1020 4672 versatus
1049 4604 1154 4672 est.
1182 4596 1367 4672 Qesar
1389 4596 1707 4672 -Jovius‘est
1738 4603 1783 4658 1)
1807 4584 2049 4672 Orientis
2084 4608 2345 4672 recenset.
2383 4600 2527 4672 inter
2553 4598 2660 4672 has
2692 4609 2941 4655 numerat
2979 4598 3271 4672 Egyptum
3324 4609 3382 4654 et

151 4667 452 4735 appellatus.
486 4667 581 4722 Sic
605 4666 750 4721 enim
781 4669 832 4719 in
861 4666 1124 4721 Chronico
1157 4667 1522 4729 Alexandrino
1563 4666 1699 4720 dici-

152 4747 243 4800 tur,
272 4748 323 4791 et
351 4739 403 4792 in
435 4750 623 4792 vetere
651 4753 870 4790 nummo
897 4751 1056 4807 quem
1087 4738 1255 4791 edidit
1306 4736 1544 4807 Joannes
1575 4736 1700 4791 Tri-

151 4814 340 4878 διδους,
397 4809 756 4864 Constantius
794 4822 950 4870 vero,
1012 4816 1196 4876 utpote
1245 4810 1336 4878 qui
1387 4806 1697 4878 Maximiani

152 4874 368 4932 Herculii
398 4878 998 4947 privignamgduxerat,
1034 4874 1089 4930 et
1142 4874 1273 4931 cum'
1318 4878 1409 4932 illo
1440 4878 1490 4932 in
1548 4876 1698 4933 Occi-

150 4948 291 5001 dente
321 4945 669 5007 versaba‘tur,
696 4945 881 5001 Czttsat'
906 4946 1190 5002 Herculius
1215 4949 1390 5003 dictus
1413 4957 1518 5010 est,
1552 4959 1609 5000 ut
1629 4962 1696 5001 ex

149 5026 312 5089 vetere
337 5018 668 5089 panegyrico
698 5018 1005 5089 observavit
1038 5018 1204 5072 frater
1234 5033 1397 5089 meus
1425 5018 1697 5073 Adrianus

151 5083 403 5157 Valesius.
465 5083 682 5142 Mortuo
734 5089 927 5141 deinde
964 5087 1205 5152 Galerio,
1230 5088 1573 5145 Maximinus.
1604 5089 1697 5157 qui

150 5155 309 5208 Caesar
336 5159 407 5211 ab
437 5158 527 5212 illo
567 5158 741 5211 factus
774 5157 969 5217 fuerat.
1006 5169 1421 5228 cognomentum
1447 5157 1584 5213 JOVii
1612 5155 1701 5213 ἠε-

150 5229 385 5294 sumpsit.
418 5237 474 5282 ut
497 5245 562 5281 ex
598 5228 700 5280 hoc
729 5228 941 5281 Eusebii
986 5228 1103 5282 loco
1135 5230 1414 5284 discimus.

208 5295 314 5366 (59.)
346 5300 451 5364 Εἰς
476 5296 957 5368 τὴνἈντιτολήνςἒ
986 5297 1225 5353 Orientis
1264 5299 1481 5352 nomine
1532 5296 1700 5368 Egy-

148 5374 259 5431 ptus
286 5369 451 5421 etiam
484 5369 885 5425 continebatur.
912 5366 1085 5437 Huius
1125 5369 1268 5425 enim
1299 5366 1697 5422 administratio

147 5437 627 5504 commissal'uerat
653 5439 946 5492 Maximino
973 5439 1192 5493 Cmsari.
1220 5438 1428 5507 Quippe
1459 5437 1700 5491 Maximi-

150 5520 236 5557 nus
261 5522 385 5560 cum
421 5510 601 5563 Ctesar
634 5523 665 5562 a
689 5508 905 5564 Galerio
933 5509 1107 5563 factus
1135 5509 1346 5569 fuisset,
1382 5523 1572 5562 omnes
1601 5521 1697 5563 eas

150 5577 440 5648 provincias
459 5594 596 5648 quas
632 5578 994 5648 Diocletianus
1020 5579 1121 5632 sibi
1160 5578 1474 5648 retinuerat,
1508 5592 1695 5648 regen-

150 5645 233 5697 IL'IS
263 5645 490 5715 accepit.
515 5650 692 5716 Atque
717 5649 840 5702 hinc
862 5647 1061 5702 factum
1092 5657 1196 5709 est.
1231 5658 1285 5701 ut
1311 5645 1690 5718 [Egyptusdiu

151 5725 319 5775 postea
355 5718 497 5771 inter
529 5719 840 5785 provincias
894 5718 1129 5777 Orientis
1163 5716 1568 5772 numerata’sit.
1600 5716 1693 5773 Sic

149 5795 281 5840 certe
314 5788 494 5853 Anim.
521 5788 870 5853 κατεσθίουςι
895 5789 950 5849 iu
975 5788 1068 5853 lib.
1094 5803 1209 5861 ειν,
1250 5788 1342 5858 ubi
1391 5788 1697 5869 provincias

1807 4666 2270 4740 uesopptamiam.
2296 4669 2402 4740 Sed
2437 4677 2492 4722 et
2530 4666 2798 4740 Aligyptus
2829 4671 2983 4725 initio
3008 4666 3258 4725 fui't'sub
3290 4685 3383 4725 co-

1807 4737 1940 4809 mite
1970 4736 2230 4797 Orientis.
2257 4747 2316 4791 ut
2345 4739 2505 4793 docet
2536 4736 2694 4793 vetus
2724 4741 3006 4809 inscriptio
3032 4756 3152 4808 qua:
3172 4741 3252 4794 sic
3282 4744 3380 4794 Ita-

1804 4808 1895 4862 bet
1931 4823 1943 4858 :
1976 4823 2033 4861 Il.
2072 4822 2271 4863 msero
2298 4823 2508 4863 usumo
2560 4826 2721 4866 runto
2768 4808 3031 4866 catenato
3079 4826 3381 4866 CECILIANO

1802 4892 2030 4933 ΡιΑοιυο
2064 4894 2114 4933 C.
2147 4894 2198 4933 ν.
2229 4894 2412 4934 COIlTI
2447 4895 2698 4937 ORIENTIS
2735 4895 2942 4938 Ξῦἰιηί
2990 4896 3375 4938 ιιεεοροτηυε

1803 4962 2021 5004 CON§ULl
2053 4963 2367 5010 0RDINARIO.
2402 4962 2508 5004 εις.

1875 5018 1987 5090 (55)
2031 5018 2116 5090 Td;
2138 5021 2494 5090 παρελθόντι
2536 5020 2805 5087 ἐνιαυτῷ.
2828 5021 2984 5075 Anno
2998 5020 3204 5079 scilicet
3225 5020 3301 5076 Ch
3312 5023 3376 5075 ri-

1808 5088 2031 5153 stiSll,
2064 5088 2389 5144 Maximiano
2415 5094 2588 5147 octies
2630 5107 2744 5146 cos.
2784 5092 2860 5145 Eo
2908 5092 3052 5145 enim
3078 5107 3219 5146 anno
3248 5107 3371 5146 cum

1808 5158 2058 5234 Galerius
2095 5169 2358 5234 mortuus
2382 5173 2544 5228 esset,
2584 5162 2908 5234 Maximinus
2943 5160 3248 5234 Bithyniam
3278 5176 3373 5234 oc-

1805 5231 2046 5302 cupavit,
2079 5245 2239 5298 quam
2264 5230 2511 5302 Galerius
2534 5248 2638 5285 una
2662 5246 2785 5302 cum
2815 5231 3026 5302 lllyrico
3053 5230 3368 5302 etiTltracia

1804 5301 2263 5372 sibiretiuuerat.
2301 5301 2434 5357 Vide
2454 5317 2573 5372 qua:
2601 5301 2782 5356 notavi
2811 5299 2977 5372 supra
3003 5317 3053 5357 c.
3093 5300 3152 5369 5,
3181 5299 3272 5355 ubi
3304 5301 3371 5355 de

1802 5368 2322 5450 ιιινεξξρέηπψςς

1872 5440 2009 5511 (55’)
2025 5441 2128 5495 Ἐν
2140 5439 2223 5509 τῇ
2236 5440 2356 5509 talo
2375 5440 2712 5510 προαιρέσει
2730 5440 2847 5510 τὴν
2860 5440 3173 5510 ,ϐούλησιν
3181 5439 3364 5511 ἔχειν.

1801 5507 1932 5582 llaec
1952 5507 2367 5579 proverbialiter
2393 5507 2499 5567 dici
2531 5507 2807 5568 videntur.
2837 5511 2953 5568 Hoc
2997 5507 3082 5569 est
3114 5507 3259 5582 quod
3285 5511 3369 5566 dt-

1800 5581 1875 5636 cit
1909 5579 2127 5635 Persius
2152 5598 2166 5634 :

1882 5649 2022 5705 Velle
2047 5665 2198 5704 suum
2223 5652 2407 5715 cuique
2426 5660 2501 5705 est

1804 5720 1909 5778 Sed
1936 5729 2058 5792 post
2089 5722 2202 5776 haec
2225 5722 2390 5792 verba
2418 5720 2632 5792 videtur
2658 5721 2933 5792 quidpiam
2964 5722 3174 5777 deesse.

1874 5736 1909 5774 ‘0
2089 5736 2202 5776 meo
2225 5736 2390 5774 verna
2418 5736 2632 5787 νιίιειιιι-
2658 5736 2933 5792 qtttnptam
2964 5736 3174 5777 092880.

1874 5792 1929 5863 (5
1965 5793 1987 5860 )
2055 5794 2284 5870 Ηρεσεν
2305 5785 2438 5848 οὖν.
2474 5790 2683 5849 Ultima
2705 5808 2809 5848 vox
2845 5793 3114 5865 superﬂua
3137 5798 3244 5860 est,
3268 5807 3368 5849 nec
