3860 6488
217 348 303 403 829

1172 354 1524 416 msroam
1572 361 2137 419 rccwsusrtm:
2173 359 2299 418 LIB.
2346 362 2434 419 IX.
2481 326 2490 339 ’

3335 371 3440 427 εει)

215 465 470 536 λευσμένον
499 466 736 552 δφείλεις
753 470 1007 544 δηλῶσαι.
1041 494 1059 528 ι
1081 477 1246 532 Ταῦθ’
1264 480 1368 535 ὑπὸ
1399 481 1498 553 τῆς
1518 482 1740 555 ἀνάγκηε

1871 486 2051 542 lldiam
2073 486 2239 541 animi
2268 486 2350 541 sui
2382 487 2721 543 ostenderat.
2758 485 2946 559 Itaque
3001 496 3161 544 ne‘mo
3194 500 3435 546 nostrum

213 562 620 634 ἐκϐεϐιασμένος,
673 565 789 620 ἀλλ’
849 568 909 620 ού
972 569 1115 624 κατά
1166 571 1393 645 γνώμην
1442 574 1543 645 τὴν
1588 575 1756 629 αὐτοῦ

209 656 682 728 διακελευσάμενος,
754 661 933 715 οὐκέτ’
990 663 1227 737 ἀληθὴς,
1285 666 1395 719 οὐδ’
1447 665 1760 734 ἀξιόπιστος

210 751 339 820 παρὰ
380 751 489 813 τοῖς
521 752 689 803 πᾶσιν
740 746 829 823 ἦν,
883 753 984 824 τῆς
1026 755 1262 826 πρόσθεν
1311 758 1412 831 ἤδη
1466 759 1603 831 μετά
1658 762 1759 832 τὴν

206 841 372 912 ὁμοίαν
421 840 768 915 συγχώρησιν
829 845 1165 917 παλιμϐόλου
1219 850 1314 903 καὶ
1362 851 1759 925 διεψευσμένης

167 1005 170 1009 ν
207 932 346 987 αύτοῦ
377 932 597 1005 γνώμης
629 935 811 991 ἕνεκα.
846 936 1056 992 Οὔκουν
1086 940 1289 1012 ἐτόλμα
1315 959 1399 1006 τις
1429 943 1540 997 τῶν
1559 944 1759 1015 ἡμετέ-

206 1044 295 1101 ρων
325 1026 531 1081 σύνοδον
574 1031 897 1100 συγκροτεῖν
934 1029 1069 1101 (61),
1108 1032 1215 1085 οὐδ’
1248 1034 1409 1087 αὐτὸν
1444 1035 1503 1089 ὲν
1537 1036 1757 1108 φανερῷ

204 1118 636 1188 καταστήσασθαι,
695 1120 777 1173 ὅτι
840 1121 973 1191 μηδὲ
1036 1121 1182 1175 τοῦτ’
1244 1122 1432 1194 ἤθελεν
1493 1125 1642 1197 αύτῷ
1695 1127 1757 1180 τὸ

202 1209 424 1282 γράμμα,
458 1210 590 1263 αὐτὸ
633 1212 792 1281 μόνον
820 1212 880 1266 τὸ
912 1214 1318 1286 ἀνεπηρέαστον
1360 1219 1494 1288 ἡμῖν
1536 1217 1757 1290 ἐπιτρέ-

202 1317 285 1357 mu
316 1303 691 1374 φυλάττεσθαι,
723 1305 784 1358 ού
815 1306 921 1376 μὴν
952 1308 1201 1371 συνόδους
1229 1309 1544 1363 ὲπικελεῦον
1587 1312 1757 1363 ποιεῖ-

201 1396 319 1459 σθαι,
369 1395 474 1450 οῦδ*
519 1396 707 1459 οἴκους
764 1396 1071 1468 ἐκκλησιῶν
1115 1398 1453 1470 οἰκοδομεῖν,
1487 1398 1596 1452 οὐδ’
1629 1399 1757 1454 ἄλλο

198 1503 241 1541 τι
287 1487 387 1541 τῶν
438 1488 688 1559 συνήθων
736 1490 868 1559 ἡμῖν
919 1487 1367 1561 διαπράττεσθαι.
1410 1491 1520 1543 Καί
1566 1488 1650 1543 τοί
1688 1506 1753 1559 γε

197 1580 325 1639 ταῦθ’
349 1582 394 1634 οί
432 1581 533 1651 τῆς
572 1582 798 1652 εἰρήνης
831 1582 1127 1653 προήγοροι
1161 1581 1255 1636 καὶ
1284 1581 1567 1646 εὖσεὸείας
1595 1582 1753 1634 Κων-

127 1723 148 1745 ‘
199 1675 442 1736 σταντῖνος
482 1675 580 1726 καὶ
625 1674 918 1737 Λικίννιος,
970 1674 1119 1745 αὐτῷ
1189 1691 1250 1728 τε
1294 1675 1607 1742 ἐπιτρέπειν
1652 1675 1754 1727 ὲπ-

195 1763 493 1818 εστάλκεσαν
520 1764 658 1835 (6‘2),
694 1766 787 1820 καὶ
818 1768 929 1830 τοῖς
956 1766 1046 1820 ὑπ’
1075 1768 1270 1832 αὐτοὺς
1312 1768 1482 1822 ἅπασι
1506 1767 1593 1821 διά
1620 1784 1755 1839 προ-

1861 586 2285 634 ιιιιιιοοηνεηιιιε
2311 578 2715 635 ecclesiasticos
2743 595 2926 651 agere,
2957 585 3050 635 aut
3073 581 3313 650 seipsnm
3341 598 3436 651 pa-

1861 666 1964 720 lam
2003 664 2183 722 facere
2208 668 2335 721 etin
2367 676 2614 735 apertum
2638 668 2886 738 proferre
2903 683 3069 724 ausus
3089 676 3202 724 est:
3237 669 3439 739 quippe

1859 770 1981 812 cum
2035 773 2136 813 nec
2170 759 2392 828 epistola
2436 760 2551 829 ipsa
2585 760 2635 813 id
2694 760 3014 815 nominatim
3066 762 3431 829 concederet;

1858 850 1952 903 sed
1983 858 2189 904 tantum
2209 850 2423 918 inheret
2477 862 2536 907 ut
2578 852 2647 907 ab
2672 853 2818 907 omni
2872 854 3145 908 calumnia
3178 865 3235 909 et
3268 869 3435 909 vexa-

1859 942 2005 998 tione
2029 944 2299 999 immunes
2323 961 2699 1002 servaremur.
2724 945 3037 1003 Conventus
3064 956 3243 1002 autem
3268 962 3432 1018 agere

1858 1044 1952 1089 aut
1978 1036 2244 1092 ecclesias
2261 1049 2565 1104 exstruere,
2599 1049 2693 1093 aut
2748 1041 2895 1096 aliud
2930 1042 3058 1111 quid
3087 1056 3278 1095 eorum
3309 1055 3431 1110 quae

1856 1125 2015 1181 nobis
2034 1126 2292 1182 solemnia
2352 1139 2482 1184 sunt
2529 1145 2812 1202 peragere,
2864 1147 3203 1202 nequaquam
3236 1133 3430 1201 praeci-

1856 1219 2060 1287 piebat.
2086 1219 2154 1274 Et
2185 1229 2361 1276 tamen
2398 1223 2549 1291 pacis
2570 1238 2632 1277 ac
2663 1225 2885 1294 pietatis
2918 1226 3133 1295 patroni
3162 1225 3432 1281 Constan-

1856 1312 2001 1364 tinus
2023 1318 2077 1365 et
2113 1310 2381 1380 Licinius,
2417 1323 2527 1367 tum
2561 1315 2755 1371 litteris
2791 1317 2856 1371 ad
2899 1318 3072 1386 ipsum
3098 1319 3239 1373 datis
3289 1320 3343 1374 id
3371 1334 3431 1375 se

1855 1398 2013 1454 nobis
2038 1402 2336 1457 concedere
2374 1403 2863 1472 signiﬁcaverant:
2899 1416 3010 1461 tum
3044 1409 3317 1464 universis
3345 1410 3430 1463 di-

1855 1489 1991 1544 tioni
2018 1505 2131 1545 suae
2178 1491 2589 1558 famulantibus,
2634 1497 2928 1567 propositis
2975 1501 3169 1556 edictis
3202 1511 3256 1555 et
3298 1500 3429 1573 legi-

1853 1582 1955 1638 bus
1985 1583 2217 1654 idipsum
2248 1587 2632 1655 permiseram.
2666 1587 2862 1644 Verum
2904 1592 3103 1660 impius
3132 1592 3220 1648 ille
3248 1609 3320 1648 ne
3347 1595 3428 1649 sic

1853 1676 2071 1743 quidem
2124 1676 2266 1734 ﬂecti
2330 1694 2395 1735 ac
2452 1680 2728 1747 paululum
2774 1683 2971 1739 cedere
3002 1685 3262 1750 decrevit,
3323 1685 3425 1740 nisi

1852 1778 2140 1838 postquam
2173 1770 2355 1825 divina
2417 1787 2539 1826 eum
2597 1786 2960 1846 persequente
3015 1776 3228 1846 justitia
3269 1779 3337 1833 ad
3374 1780 3426 1833 id

194 1857 505 1927 γραμμάτων
554 1859 652 1911 καὶ
684 1859 863 1929 νόμων
914 1861 1428 1931 συγκεχωρήκεσαν.
1465 1861 1539 1914 Oi)
1579 1860 1684 1932 μὴν
1723 1861 1740 1912 ί

1858 1861 2071 1916 tandem
2104 1863 2306 1919 invitus
2339 1865 2635 1933 perductus
2657 1879 2761 1925 est.

192 1948 588 2016 δυσσεϐέστατος
627 1951 800 2025 ταύτῃ
828 1952 1070 2010 ἐνδοῦναι
1117 1954 1416 2029 προῄρητο,
1456 1958 1505 2013 εί
1568 1955 1644 2028 μὴ
1680 1951 1769 2009 ὅτε
1810 1953 1948 2028 πρὸς
1979 1956 2078 2033 τῆς
2110 1957 2260 2024 θείας
2294 1960 2639 2026 συνελασθεὶς
2684 1952 2861 2035 δίκης,
2905 1960 3131 2016 ὕστατόν
3183 1980 3247 2034 γε
3281 1962 3427 2020 ἄκων

193 2044 268 2107 ἐπὶ
292 2041 426 2102 τοῦτ’
460 2045 629 2123 ἤχθη.

704 2139 1097 2195 ΚΕΦΑΛΑΙΟΝ
1144 2140 1213 2209 ιη,

285 2231 415 2300 Περὶ
444 2228 559 2300 τῆς
587 2230 708 2309 triga:
744 2234 1040 2309 deospgér
1057 2234 1371 2309 ,ϐαρ-ινξέων
1414 2238 1607 2309 νίκης.

620 2302 761 2372 (Nic.
791 2303 861 2359 ιι.
886 2302 952 2359 Ε.
984 2320 1080 2371 νη,
1105 2306 1195 2373 57,
1218 2306 1330 2379 ss).

257 2395 605 2468 Ἐκπεριῆλθε
655 2396 698 2450 δ’
734 2397 897 2451 αὑτὸν
941 2396 1049 2469 (65)
1084 2399 1306 2472 τοιαύτη
1342 2418 1426 2464 τις
1475 2404 1657 2461 nitier
1691 2408 1751 2463 τὺ

190 2484 387 2554 μέγεθος
420 2486 521 2557 τῆς
563 2487 626 2540 οὒ
673 2487 793 2540 κατ’
833 2486 991 2552 ἀξίαν
1021 2490 1420 2563 ἐπιτραπείσης
1448 2496 1750 2567 ἡγεμονίας

2469 2159 2697 2216 CAPUT
2725 2160 2793 2218 Χ.

1854 2245 1933 2301 De
1959 2249 2177 2304 victoria
2204 2251 2410 2322 piorum
2443 2251 2651 2323 Deoque
2668 2262 3000 2323 acceptorum
3030 2254 3422 2324 imperatorum.

1915 2402 2089 2459 Porro
2115 2405 2426 2476 huiusmodi
2450 2422 2612 2464 causa
2646 2425 2712 2464 ac
2769 2398 3069 2467 necessitas
3108 2427 3234 2467 eum
3266 2415 3421 2483 quasi

1845 2495 2086 2566 undique
2116 2497 2399 2553 obsessum
2440 2502 2796 2555 constrinxit.
2830 2502 2962 2557 Cum
2992 2503 3421 2574 magnitudinem

186 2573 309 2645 αὐτῷ
349 2576 545 2648 μηκέθ’
594 2574 707 2641 οἷός
737 2594 796 2630 τε
826 2578 1039 2651 φέρειν,
1066 2579 1201 2635 ἀλλά
1245 2582 1314 2636 δι’
1343 2585 1601 2658 ἀπειρίαν
1634 2589 1740 2644 σώ-

1849 2588 2179 2659 principatus
2207 2592 2412 2660 absque
2442 2590 2549 2645 ullo
2600 2593 2799 2649 merito
2834 2594 2935 2664 ipsi
2975 2573 3220 2649 concessi
3251 2596 3425 2651 susti-

186 2682 353 2737 φρονος
396 2668 664 2741 λογισμοῦ
714 2671 807 2723 καί¹
855 2670 1156 2741 βασιλικοῦ,
1214 2675 1593 2747 ἀπειροκάλως
1626 2686 1742 2747 τοῖς

184 2759 470 2831 πράγμασιν
529 2761 821 2832 ἐγχειρῶν,
879 2762 971 2816 ἐπὶ
1028 2764 1177 2836 πάσῃ
1240 2782 1300 2819 τε
1363 2768 1741 2842 ὑπερηφανίας

186 2849 493 2922 μεγαλαυχίᾳ
518 2851 622 2922 τὴν
650 2850 828 2923 ψυχὴν
862 2853 1072 2922 ἀλόγως
1099 2855 1307 2927 ἀρθεὶς,
1350 2858 1449 2931 ἤδη
1482 2863 1574 2914 καὶ
1601 2864 1740 2920 κατά

180 2944 270 2997 τῶν
297 2946 388 3017 τῆς
422 2946 705 3017 βασιλείας
734 2949 1027 3024 κοινωνῶν,
1053 2948 1122 3002 τὰ
1146 2950 1325 3005 πάντα
1354 2954 1519 3007 αὐτοῦ
1548 2955 1738 3028 διαφε-

1848 2702 1980 2742 nere
2008 2684 2241 2756 amplius
2269 2700 2376 2740 non
2409 2694 2591 2755 posset
2619 2702 2634 2740 :
2671 2686 2769 2740 sed
2799 2688 3077 2742 moderata
3102 2699 3157 2743 et
3186 2690 3426 2758 impera-

1848 2778 1988 2833 toria
2013 2777 2304 2846 prudentia
2334 2777 2554 2846 penitus
2583 2777 2897 2843 destitutus,
2929 2780 3111 2849 inepte
3143 2791 3306 2851 atque
3335 2783 3424 2836 in-

1848 2873 2045 2925 decore
2070 2868 2280 2940 publica
2306 2872 2520 2941 negotia
2549 2880 2846 2938 tractaret;
2869 2886 2933 2926 ac
2972 2881 3230 2939 praeterea
3266 2888 3424 2928 arro-

1849 2962 1995 3033 ganti
2032 2964 2228 3016 mentis
2253 2972 2466 3015 tumore
2509 2972 2710 3017 temere
2734 2972 2877 3017 esset
2902 2963 3097 3024 elatus,
3130 2963 3294 3017 etiam
3323 2964 3422 3017 ad-

183 3036 354 3107 ρόντων
378 3038 526 3108 γένει
556 3057 619 3093 τε
655 3040 749 3093 καί¹
782 3040 1019 3113 παιδείᾳ,
1060 3041 1332 3113 ἀξιώματί
1393 3063 1453 3099 τε
1497 3035 1591 3102 καὶ
1620 3068 1740 3104 συν-

1852 3068 2046 3110 versus
2072 3054 2215 3123 ipsos
2243 3053 2456 3123 imperii
2482 3064 2800 3120 consortes,
2825 3055 2915 3124 qui
2944 3056 3197 3110 omnibus
3245 3056 3422 3111 modis

181 3128 293 3193 ἔσει,
325 3132 417 3186 καὶ
437 3131 518 3203 τῷ
555 3149 621 3201 γε
671 3132 889 3187 πάντων
932 3135 1364 3207 κορυφαιοτάτῳ,
1392 3141 1735 3216 σωφροσύνῃ,

182 3222 255 3274 καὶ
272 3225 329 3294 τῇ
355 3224 482 3297 περ)⁸
508 3224 605 3279 τὸν
629 3223 803 3296 ἀληθῆ
829 3224 960 3280 Θεὸν
985 3225 1256 3300 εύσεσείᾳ,
1286 3227 1490 3301 τολμᾷν
1513 3230 1739 3306 ὥρμητο

180 3311 539 3387 θρασύνεσθαι,
585 3320 680 3372 καὶ
721 3318 934 3391 πρῶτον
974 3320 1163 3373 ἑαυτὸν
1213 3325 1333 3387 ταῖς
1378 3328 1563 3394 τιμαῖς
1608 3328 1739 3381 ἀνα-

178 3408 392 3481 γορεύειν
414 3410 552 3482 (64).
599 3411 904 3475 Ἐπιτείνας
931 3411 986 3467 δὲ
1009 3412 1089 3475 είς
1115 3413 1373 3467 ἀπόνοιαν
1408 3415 1518 3487 (65)
1544 3418 1612 3471 τὰ
1638 3420 1738 3491 τῆς

180 3513 366 3582 μανίας,
413 3514 695 3586 συνθήκας
727 3513 793 3577 ἃς
832 3512 970 3588 πρὸς
1002 3513 1275 3568 Λικίννιον
1326 3516 1592 3588 πεποίητο
1630 3534 1738 3570 πα-

177 3670 295 3727 libri.
333 3673 657 3742 Quanquam
686 3672 910 3727 Rullnus
932 3672 1197 3730 Sabinum
1254 3672 1388 3744 dicit
1429 3674 1602 3744 legem
1640 3674 1745 3730 im-

174 3747 414 3817 peratoris
444 3746 655 3817 edicto
684 3759 782 3817 suo
823 3744 1200 3817 praeposuisse.
1238 3743 1330 3799 Sic
1357 3743 1505 3817 enim,
1528 3747 1731 3817 habet:

155 3829 198 3870 ,ι
230 3815 325 3869 Sed
362 3815 725 3882 Sabinus,qui
757 3828 852 3880 per
892 3814 945 3868 id
988 3824 1202 3880 tempus
1241 3815 1573 3881 praefectura:
1617 3814 1736 3871 cul-

177 3898 278 3937 men
325 3888 593 3955 gerebat,
646 3882 888 3955 omnium
954 3884 1363 3953 provinciarum
1424 3887 1735 3944 rectoribus

175 3954 395 4026 scribens
419 3996 434 4019 ,
464 3966 521 4009 et
552 3954 832 4026 przelatam
864 3954 1207 4026 imperatoris
1240 3956 1505 4026 inserens
1533 3957 1730 4026 legem,

175 4031 318 4095 etc.)
362 4024 668 4080 Fatendum
716 4031 871 4095 certe
895 4035 1016 4095 est,
1057 4024 1203 4093 leges
1236 4024 1625 4095 imperatorum
1673 4037 1732 4082 ut

173 4092 475 4160 plurimum,
529 4093 1019 4165 antelatas‘luisse
1075 4095 1269 4165 edictis
1315 4092 1729 4165 'prmfectornm

174 4168 411 4230 praetorii.
453 4166 626 4232 Cujus
664 4166 737 4219 rei
784 4163 994 4217 illustre
1031 4163 1641 4233 exemplnm‘habemus
1676 4168 1729 4224 in

173 4235 438 4304 collatione
466 4234 911 4304 Carthaginensi,
944 4234 1030 4288 ubi
1060 4246 1184 4302 post
1224 4236 1503 4289 recitatam
1536 4238 1733 4304 episto-

173 4301 261 4377 lam
288 4308 451 4377 impp.
489 4308 560 4359 ad
612 4303 981 4377 Marcellinum
1024 4301 1297 4377 tribunum
1351 4315 1402 4359 et
1431 4301 1725 4377 notarium,

169 4371 375 4440 iubetur
398 4371 627 4431 recitari
651 4375 888 4429 edictum
922 4373 1263 4437 Marcellini,
1290 4377 1433 4443 quod
1474 4377 1554 4430 sic
1595 4376 1731 4431 inci-

1850 3148 2023 3217 ipsum
2061 3145 2366 3212 anteibant,
2404 3160 2626 3216 genere,
2662 3146 3006 3201 institutione
3029 3186 3046 3212 ,
3107 3147 3371 3216 dignitate
3399 3186 3418 3213 ,

1846 3239 2175 3310 prudentia:
2217 3241 2471 3308 quodque
2514 3240 2846 3309 praecipuum
2902 3248 3022 3301 est,
3069 3240 3331 3295 modestia
3364 3251 3418 3295 et

1846 3332 2049 3401 pietate
2081 3345 2208 3401 erga
2235 3345 2420 3384 verum
2446 3330 2688 3384 omnium
2731 3330 2896 3385 Deum
2926 3348 2940 3385 :
2976 3330 3304 3390 conlidentia
3330 3339 3417 3384 at-

1844 3439 1951 3493 que
1977 3422 2261 3478 insolentia
2286 3422 2453 3491 cmpit
2500 3422 2705 3488 extolli,
2758 3422 2972 3493 sibique
3009 3422 3243 3491 primum
3277 3423 3420 3478 inter

1846 3516 1991 3586 ipsos
2022 3513 2200 3569 locum
2224 3514 2278 3568 in
2309 3515 2477 3571 titulis
2516 3516 2677 3588 363
2717 3526 2879 3586 atque
2908 3515 3209 3569 honoribus
3235 3515 3416 3570 vindi—

1852 3673 2085 3735 voluisse
2114 3674 2406 3729 Eusebium
2434 3673 2689 3730 existimo
2721 3690 2734 3728 :
2772 3673 3184 3730 Constantinum
3206 3672 3417 3728 scilicet

1842 3761 1908 3801 ac
1939 3745 2206 3801 Licinium
2256 3746 2545 3814 scripsisse
2603 3745 2936 3810 Maximino,
2991 3761 3049 3799 se
3103 3744 3415 3815 permisisse

1841 3816 2169 3871 Christianis
2198 3823 2257 3868 ut
2291 3825 2595 3870 conventus
2622 3827 2847 3885 agerent
2874 3827 2923 3869 et
2959 3815 3226 3885 ecclesias
3244 3815 3415 3885 aedili-

1839 3895 2049 3941 carent.
2108 3885 2165 3940 Si
2219 3886 2343 3953 quis
2394 3894 2573 3939 tamen
2631 3882 3133 3953 interpretationem
3183 3882 3412 3938 Mnsculi

1835 3956 1989 4026 sequi
2023 3955 2309 4019 maluerit,
2343 3970 2440 4024 per
2468 3970 2555 4010 me
2590 3954 2735 4009 licet.
2766 3956 2894 4009 Mihi
2940 3959 3159 4026 quidem
3214 3968 3414 4022 nequa-

1837 4023 2003 4093 quam
2028 4026 2323 4080 verisimile
2348 4023 2581 4088 Videtur,
2610 4023 3031 4081 Constantinum
3064 4042 3124 4078 ac
3140 4023 3408 4079 Licinium

1835 4096 2132 4150 Maximino
2169 4096 2387 4163 collega:
2419 4111 2518 4148 suo
2544 4098 2833 4149 mandasse
2882 4106 2940 4148 ut
2984 4097 3098 4149 lucc
3146 4095 3411 4148 concede-

1837 4177 1914 4220 ret
1948 4165 2304 4221 Christianis.
2341 4165 2394 4218 ΙιΙ
2434 4167 2580 4218 enim
2623 4167 2786 4219 nimis
2821 4181 3083 4233 arrogans
3122 4164 3334 4219 fuisset.

1907 4236 2016 4308 (6⁸5)
2056 4234 2433 4305 Ἐκπεριῆλθε
2458 4235 2512 4287 δ’
2537 4236 2742 4308 αὐτόγ.
2803 4235 2969 4308 llnjns
2993 4236 3140 4308 verbi
3168 4235 3273 4308 vim
3301 4249 3405 4287 non

1836 4304 2231 4362 intellexerunt
2275 4308 2621 4374 interpretes.
2678 4306 2829 4370 Quod
2873 4306 3134 4370 ,equidem
3195 4304 3402 4369 miror;

1834 4392 1957 4431 cum
1990 4377 2205 4445 vulgata
2239 4377 2410 4430 lexiva
2442 4390 2537 4445 eos
2565 4377 2768 4429 docere
2799 4375 3076 4441 potuerint
3113 4374 3267 4426 verbi
3304 4374 3405 4445 hu-

172 4444 279 4516 pit:
315 4464 334 4497 ι
368 4447 511 4515 Quid
547 4445 1005 4516 clementissimus
1045 4444 1297 4513 princeps
1329 4445 1391 4501 D.
1436 4445 1499 4500 Ν.
1542 4445 1728 4501 Hono-
1764 4507 1802 4516 _
1830 4447 1921 4516 jus
1969 4443 2442 4516 signiﬁcationem.
2489 4444 2660 4498 Porro
2688 4445 2774 4516 ab
2831 4445 2930 4516 hac
2979 4456 3103 4516 voce
3134 4452 3299 4516 caput
3335 4443 3404 4497 10

173 4507 268 4569 rius
307 4507 408 4582 pro
453 4516 745 4574 catholicae
794 4514 912 4567 lidei
946 4507 1361 4569 continuatione
1401 4515 1731 4580 decreverit,
1764 4507 2048 4571 Dorditur
2119 4517 2518 4569 vetnstissnnus
2598 4515 2767 4569 codex
2839 4512 3166 4567 Mazarinns.
3207 4507 3404 4581 Cujus

171 4585 518 4656 antelaturum
580 4585 792 4656 apicum
848 4593 1043 4656 tenore
1103 4596 1475 4653 monstratur,
1542 4596 1651 4640 etc.
1709 4606 1730 4641 ι

170 4650 297 4709 Idem
326 4659 491 4712 etiam
545 4650 632 4710 de'
666 4653 912 4722 epistolis
953 4655 1340 4722 imperatorum
1394 4650 1735 4710 sentiendum

169 4734 261 4789 est,
308 4743 444 4797 quas
477 4726 839 4797 magistratus
863 4738 1076 4797 semper
1096 4723 1210 4797 suis
1232 4725 1573 4797 jussionibus
1601 4740 1738 4796 prae-

168 4794 441 4869 ponebant.
482 4794 888 4869 Sicvﬂitnerjus
938 4795 1217 4848 rationalis
1264 4794 1480 4867 :Egypti
1529 4794 1734 4869 irrepi-

167 4865 285 4919 stola
317 4870 384 4921 ad
413 4862 767 4936 praepositum
793 4862 1048 4936 Marcone
1092 4879 1254 4936 quam
1285 4862 1451 4920 relert
1492 4862 1753 4936 Athana-'

167 4935 340 5008 sinsin
373 4934 634 5006 Apologia
668 4950 700 5008 _:
733 4934 1035 5008 φρόντισονΔ
1057 4934 1235 4987 τοίνυν
1282 4935 1601 5008 πρρστυχὼν
1640 4937 1735 5008 καί

166 5002 234 5078 τῷ
272 5002 564 5078 ἀντιτύπιεὶ
600 5005 696 5065 τοῦ
743 5002 887 5057 θείου
916 5004 1291 5078 Δγράμματος,
1329 5002 1381 5059 ’ὃ
1451 5002 1590 5078 μετὰ
1638 5006 1732 5063 τοῦ

165 5077 348 5147 οἰκείου
375 5074 725 5147 σεὸἀὰματος
762 5074 1148 5147 προτέτακται,
1178 5087 1284 5130 etc.

225 5145 331 5216 (6|)
358 5144 635 5211 Σύνοδον
655 5144 1032 5215 συγκροτεῖν.
1066 5145 1170 5199 Pro
1198 5215 1203 5216 ί
1227 5147 1311 5199 his
1353 5146 1533 5201 verbis
1585 5144 1737 5211 Nicer

166 5215 351 5281 piturns
399 5219 567 5281 habet
600 5217 885 5287 συνάγειν,
919 5231 1079 5285 quam
1118 5215 1332 5287 quidem
1383 5218 1503 5287 ‘cjns
1564 5217 1733 5279 inter-

164 5288 516 5405 Eretationcm
550 5283 877 5358 magnopere
926 5283 1301 5356 probo/Nam
1333 5284 1547 5355 σύνοδος
1590 5288 1730 5355 apud

206 5359 464 5405 usebinm-
509 5374 615 5405 non
648 5371 861 5405 senmer
890 5357 1159 5405 signiﬁcat
1190 5358 1480 5405 concilimn
1518 5357 1730 5405 enisco-

206 5359 465 5421 nsehium,
508 5374 615 5417 non
648 5371 861 5427 semper
890 5357 1159 5427 signiﬁcat
1190 5358 1480 5410 concilium
1518 5357 1731 5425 episco-

166 5439 365 5508 porum,
401 5430 502 5483 sed
538 5426 809 5483 interdum
840 5443 938 5497 pro
962 5426 1344 5482 ecclesiasticis
1372 5428 1730 5484 conventibus

164 5508 396 5552 Sttntttttr.

227 5565 335 5637 (62)
369 5565 546 5650 ᾼῠτῷ
563 5584 629 5650 fe
647 5565 1484 5650 ἐπιτρέπειγρπεστάλκεσαν.
1520 5565 1727 5648 muscu-

165 5631 246 5687 Ιιιε⁷
269 5631 430 5692 vertit
457 5654 473 5691 :
511 5631 529 5697 ᾇ
566 5631 881 5706 Maximino,
912 5648 964 5691 ιιι
994 5639 1094 5691 ista
1127 5641 1467 5704 concederet,
1497 5638 1729 5705 scripse-

168 5716 299 5759 rant.
348 5727 368 5760 ι
425 5709 687 5765 Emndem
750 5723 966 5777 quoque
1014 5720 1269 5771 sensum,
1301 5708 1423 5777 -_sed
1482 5706 1726 5777 pluribus

170 5777 338 5834 verbis
386 5783 661 5848 expressit
703 5773 1251 5855 Qlirist‘opborsonus.
1299 5773 1412 5850 Ego
1445 5773 1589 5833 aliud
1618 5776 1722 5833 sibi

1839 4588 2169 4642 auctoritate
2200 4584 2566 4652 conjecturam
2596 4600 2770 4638 meam
2801 4582 3109 4637 conﬁrmari
3151 4598 3257 4635 non
3290 4600 3405 4635 me-

1838 4657 2098 4712 diocriter
2144 4672 2263 4711 smn
2318 4656 2560 4725 gavisus.
2597 4654 2731 4708 Nam
2761 4667 3050 4723 antequam
3076 4668 3198 4725 curn
3247 4654 3403 4725 codi-

1836 4742 1954 4781 cem
2006 4737 2201 4781 nactns
2246 4723 2459 4791 essem,
2513 4740 2544 4778 a
2596 4725 2839 4791 proxime
2889 4723 3135 4790 sequenti
3178 4724 3402 4789 periodo

1835 4806 1997 4866 caput
2027 4796 2095 4850 10
2129 4797 2530 4866 inchoaveram.
2566 4797 2699 4849 Cum
2737 4795 2923 4849 codice
2948 4792 3087 4847 Maz.
3130 4793 3403 4848 consentit

1834 4864 1996 4925 etiam
2028 4866 2162 4936 Reg.
2180 4876 2247 4936 ret
2278 4864 2413 4918 Fnk.

1904 4936 2015 5009 (64)
2068 4933 2310 5009 Πρῶτον
2340 4934 2561 4990 ἑαυτὸν
2600 4934 2730 5001 ταῖς
2763 4933 2955 5003 τιμαῖς
2992 4933 3396 5009 ἀναγορεύειν.

1832 5005 1888 5060 Id
1916 5005 2037 5073 est,
2071 5009 2123 5061 in
2159 5007 2327 5060 titulis
2363 5009 2541 5076 legum
2574 5015 2628 5058 et
2656 5009 3128 5059 constitutionnm.
3171 5005 3301 5059 Item
3343 5006 3397 5057 in

1834 5077 2285 5146 inscriptionibus
2324 5091 2547 5146 operum
2590 5076 2961 5145 publicorum,
2997 5084 3298 5129 statuarum
3345 5082 3400 5127 et

1832 5145 2124 5219 imaginum
2156 5163 2215 5202 se
2241 5145 2565 5219 Maximinus
2591 5145 2770 5219 priore
2799 5146 2916 5198 loco
2947 5146 3247 5219 nominavit
3272 5153 3400 5219 ante

1831 5215 2208 5273 ConStantium
2230 5226 2284 5270 et
2309 5215 2575 5270 Licinium
2607 5215 2862 5285 collegas,
2893 5217 2982 5283 qui
3016 5224 3195 5269 tamen
3223 5216 3400 5285 senio.

1834 5302 1922 5341 res
1959 5298 2115 5347 erant
2150 5288 2410 5355 'Augusti.
2448 5286 2642 5341 Verum
2697 5283 3021 5340 hlaxirninus
3067 5301 3187 5338 cum
3220 5283 3399 5337 Cmsar

1830 5369 1957 5412 ante
1998 5359 2146 5426 ipsos
2182 5354 2396 5411 creatus
2423 5355 2650 5421 fuissct,
2691 5356 2994 5425 principem
3027 5355 3205 5410 locum
3241 5355 3312 5408 ob
3340 5354 3394 5407 id

1829 5428 1929 5482 sibi
1962 5428 2291 5483 vindicabat.

1902 5498 2014 5572 (65)
2045 5498 2497 5572 Eicgdﬂdg‘ptqr.
2536 5495 2894 5572 Nicephorus
2933 5496 3156 5572 inverso
3203 5493 3397 5550 ordine

1829 5565 1957 5642 legit
1994 5565 2268 5642 ἐπιτείνας
2302 5570 2359 5622 δὲ
2384 5571 2463 5631 είς
2495 5568 2692 5642 μανίαν
2722 5569 2800 5642 τὰ.
2835 5566 2935 5635 τῆς
2966 5565 3225 5629 ἀπονοίας
3247 5604 3267 5642 ,
3290 5580 3394 5642 non

1828 5635 1967 5696 male
1997 5641 2222 5695 ἀπόνοια
2253 5657 2349 5708 pro
2383 5635 2633 5708 Sttpérbtat
2663 5639 2913 5703 sumitur,
2946 5650 3003 5691 ut
3030 5637 3302 5692 sexcentis
3337 5635 3393 5689 in

1827 5713 1963 5770 locis
1988 5713 2226 5769 occurrit
2258 5707 2395 5786 apud
2430 5707 2693 5770 Joannem
2725 5709 3191 5780 tibrysostomum.
