3860 6478
416 330 513 386 851

1123 332 1398 393 EUSEBll
1432 329 1908 389 CAESARIENSIS
1941 328 2093 386 OPP.
2133 329 2314 385 PARS
2348 330 2388 385 1.
2430 361 2500 371 -
2538 329 2931 390 HISTORICA.

3571 334 3673 389 83‘!

415 462 565 501 care.
597 446 728 502 Dein
758 450 824 503 ad
848 448 1286 518 desperationem
1316 461 1488 518 usque
1508 448 1888 519 progrediente
1913 447 1984 501 in-

2093 447 2472 521 ρασπονδήσας
2491 488 2506 513 ,
2564 450 2799 521 πόλεμον
2846 450 3112 505 ἄσπονδον
3164 451 3379 523 αἴρεται
3399 468 3413 483 ·
3473 447 3572 507 εἶτ’
3616 457 3671 509 ὲν

417 540 570 593 sauia
591 582 606 605 ,
642 541 847 595 violato
886 542 1029 611 quod
1064 556 1185 598 cum
1216 539 1428 597 Licinio
1457 542 1735 611 pepigerat
1760 538 1986 606 foedere,

420 629 625 686 bellum
658 632 989 699 inexpiabile
1025 633 1288 701 suscepit.
1339 631 1470 687 Post
1516 633 1629 699 hinc
1663 646 1789 686 cum
1838 633 1987 687 brevi

420 721 683 789 temporis
712 722 890 789 spatio
914 730 1106 776 cuncta
1136 720 1467 787 miscuisset,
1494 729 1550 776 et
1586 720 1870 774 universas
1899 735 1991 774 ur-

419 811 517 865 bes
552 822 762 865 terrore
786 826 852 866 ac
884 811 1114 866 tumultu
1155 812 1467 882 implesset;
1513 811 1765 867 collectis
1807 810 1992 865 omni-

418 905 519 959 bus
548 905 720 973 copiis
755 914 811 959 et
838 904 1221 959 innumerabili
1259 913 1597 959 armatorum
1620 902 1989 973 multitudine

419 997 471 1052 in
497 1014 658 1053 unum
682 1005 895 1063 coacta,
928 999 1193 1053 adversus
1217 996 1484 1052 Licinium
1509 1006 1847 1068 pugnaturus
1875 1011 1992 1066 per—

417 1090 598 1154 rexit;
641 1089 946 1143 daemonum
978 1104 1116 1159 quos
1158 1090 1274 1160 ipse
1311 1090 1440 1145 deos
1476 1088 1852 1152 existimabat,
1891 1104 1991 1143 au-

416 1181 564 1245 xilio,
589 1191 644 1237 et
667 1181 1013 1237 multitudine
1059 1181 1292 1235 militum
1339 1197 1502 1252 supra
1536 1181 1756 1235 modum
1789 1181 1986 1235 elatus.

415 1273 474 1327 ltt
510 1274 627 1342 ipso
656 1283 838 1328 autem
873 1272 1153 1338 conﬂictu,
1179 1288 1282 1344 Ope
1303 1273 1481 1327 divina
1506 1274 1728 1343 penitus
1755 1272 1989 1328 nudatus

417 1364 676 1420 remansit
704 1380 720 1429 ;
754 1373 809 1419 et
840 1379 938 1434 per
969 1363 1117 1418 illum
1145 1366 1238 1435 qui
1268 1365 1418 1419 solus
1442 1373 1527 1420 est
1550 1363 1791 1418 omnium
1821 1364 1985 1432 Deus,

412 1455 640 1511 victoria
670 1452 883 1512 Licinio
908 1465 1222 1526 comparata
1249 1465 1354 1512 est.
1389 1457 1469 1511 Ac
1495 1456 1733 1526 primum
1763 1455 1985 1525 quidem

415 1548 681 1604 militares
708 1549 896 1617 copias
919 1549 1118 1619 quibus
1147 1549 1386 1604 maxime
1417 1548 1749 1614 confidebat,
1781 1548 1984 1603 amisit.

413 1638 654 1708 Cumque
680 1648 1015 1710 protectores
1044 1652 1170 1692 eum
1202 1638 1407 1691 nudum
1440 1638 1828 1701 deseruissent,
1849 1650 1900 1693 et
1919 1639 1986 1692 ad

2092 539 2285 611 βραχεῖ
2314 539 2384 594 τὰ
2416 541 2595 594 πάντα
2632 542 2877 613 κυκήσας
2912 541 3046 614 (66),
3086 543 3267 599 πᾶσάν
3297 561 3359 597 τε
3395 544 3554 598 πόλιν
3584 547 3673 600 ὲκ-

2087 629 2360 703 ταράξας,
2396 632 2492 686 καὶ
2524 633 2633 689 πᾶν
2667 633 3029 706 στρατόπεδω
3070 634 3347 706 μυριάδων
3377 635 3441 689 τὸ
3475 636 3672 708 πλῆθος

2088 724 2405 796 ἀνηρίθμων
2437 723 2779 795 συναγαγὼν,
2814 725 3015 791 ἔξεισιν
3054 728 3135 791 είς
3170 728 3350 799 μάχην
3385 728 3538 799 αὐτῷ
3570 748 3669 783 πα-

2091 816 2482 888 ραταξάμενος,
2530 816 2805 888 δαιμόνων
2848 819 3063 874 ἐλπίσιν
3105 814 3182 875 ὧν
3224 820 3288 892 δὴ
3336 819 3478 892 ᾤετο
3512 820 3669 886 θεῶν,

2087 906 2181 960 καί¹
2210 909 2330 971 ταῖς
2360 907 2470 961 τῶν
2496 907 2730 963 ὁπλιτῶν
2772 912 3049 983 μυριάσιν,
3081 912 3178 984 τὴν
3217 912 3399 984 ψυχὴν
3426 915 3671 986 ἐπῃρμέ-

2086 1014 2195 1062 νος.
2232 999 2342 1053 Καὶ
2388 998 2453 1070 δὴ
2502 998 2794 1071 συμϐαλὼν
2831 1004 2912 1066 είς
2955 1004 3165 1074 χεῖρας,
3209 1002 3418 1075 ἕρημος
3466 1002 3563 1073 τῆς
3610 1005 3671 1058 ἐκ

2086 1088 2221 1143 Θεοῦ
2262 1089 2586 1144 καθίσταται
2618 1093 2958 1164 ἐπισκοπῆς,
2992 1094 3251 1166 Λικιννίῳ
3279 1097 3379 1166 τῆς
3422 1095 3583 1167 νίκης
3615 1095 3671 1161 ἐξ

2087 1182 2252 1237 αὐτοῦ
2324 1182 2417 1237 τοῦ
2484 1184 2703 1240 πάντων
2764 1187 2882 1251 ἑνὸς
2943 1188 3038 1241 καὶ
3087 1187 3247 1259 μόνου
3308 1188 3446 1242 Θεοῦ
3536 1205 3672 1260 πρυ-

2060 1273 2437 1348 ντανευθείσης
2478 1275 2610 1347 (67).
2655 1278 2943 1333 ’Λπόλλυσι
3003 1278 3068 1351 δὴ
3137 1280 3353 1351 πρῶτον
3384 1281 3449 1334 τὸ
3502 1281 3590 1351 ἐφ’
3626 1272 3669 1348 ᾧ

2087 1365 2366 1420 ἐπεποίθει
2426 1367 2702 1422 ὁπλιτικὸν
2747 1368 2880 1439 (68),
2924 1369 3035 1425 τῶν
3080 1388 3140 1425 τε
3201 1370 3342 1443 ἀμφ’
3376 1371 3546 1426 αὐτὸν
3590 1370 3672 1424 δο-

2089 1458 2340 1531 ρυφόρων
2383 1459 2592 1530 γυμνὸν
2646 1459 2741 1513 καὶ
2776 1461 2994 1515 πάντων
3025 1461 3231 1534 ἔρημον
3286 1462 3459 1516 αὐτὸν
3504 1479 3669 1516 κατα-

2084 1546 2440 1614 λελοιπότων,
2493 1550 2588 1603 καὶ
2638 1550 2717 1620 τῷ
2768 1549 2891 1603 τότε
2947 1550 3237 1622 κρατοῦντι
3313 1566 3668 1621 προσπεφευ-

2085 1640 2284 1709 γότων,
2322 1640 2559 1705 ὑπεκδὺς
2599 1641 2628 1695 ὀ
2665 1642 2898 1707 δείλαιος
2924 1641 3001 1706 ὡς
3042 1642 3273 1714 τάχιστα
3303 1642 3397 1697 τὸν
3430 1643 3495 1697 οὐ
3542 1643 3672 1714 πρέ⁶

414 1728 680 1785 Licinium
728 1739 856 1785 tunc
915 1730 1176 1784 victorem
1222 1728 1644 1800 transfugissent
1673 1769 1689 1797 ,
1738 1730 1984 1801 protinus

2087 1747 2257 1785 ποντα
2299 1728 2447 1802 αὐτῷ
2482 1732 2756 1803 βασιλικὸν
2788 1734 3012 1805 κόσμον,
3043 1734 3231 1800 δειλῶς
3262 1736 3357 1789 καὶ
3396 1735 3668 1803 δυσγενῶς

413 1820 626 1892 abjecto
654 1820 927 1888 imperiali
951 1820 1101 1875 cultu
1134 1820 1226 1890 qui
1274 1821 1448 1889 ipsum
1480 1822 1702 1877 minime
1734 1800 1982 1888 decebat,

2087 1823 2181 1878 καὶ
2219 1800 2496 1895 ἀνάνδρως
2538 1824 2788 1879 ὐποδύνει
2835 1800 2906 1879 τὸ.
2942 1825 3171 1896 πλῆθος,
3217 1827 3463 1882 κᾶπειτα
3500 1800 3665 1881 διαδι-

413 1911 606 1979 ignave
637 1909 929 1966 admodum
956 1921 1012 1966 et
1043 1927 1234 1981 parum
1267 1908 1501 1966 viriliter
1553 1912 1727 1967 turba:
1770 1927 1831 1968 se
1863 1926 1985 1981 grav

412 2001 612 2072 galintn
646 2000 961 2057 immiscuit.
1005 2004 1210 2060 Deinde
1261 2002 1472 2073 fugiens
1500 2044 1516 2071 ,
1567 2014 1623 2059 et
1657 2004 1710 2058 in
1742 2005 1891 2074 agris
1918 2019 1985 2059 ac

413 2094 548 2148 vicis
568 2108 687 2149 sese
714 2095 1015 2163 occultans,
1041 2096 1165 2150 dum
1205 2097 1367 2151 saluti
1414 2110 1526 2151 suae
1573 2095 1853 2159 consulit,
1892 2096 1983 2153 vix

415 2186 630 2242 tandem
668 2202 700 2243 e
728 2188 977 2243 manibus
1025 2188 1258 2244 bastium
1286 2187 1494 2253 evasit;
1531 2186 1712 2243 divina
1740 2188 1828 2243 illa
1857 2203 1984 2243 ora-

410 2280 533 2335 cula
562 2295 689 2335 vera
724 2296 949 2351 prorsus
979 2296 1043 2335 ac
1073 2281 1176 2336 [ide
1207 2281 1365 2346 digna
1396 2295 1515 2336 esse
1544 2281 1725 2350 reipsa
1776 2282 1983 2336 conﬁr-

415 2387 612 2440 mans,
666 2388 788 2444 qua:
832 2373 911 2429 sic
944 2373 1190 2428 habent:
1234 2391 1254 2425 ι
1296 2372 1412 2427 Non
1440 2372 1680 2427 salvattrr
1742 2389 1836 2429 rex
1887 2387 1985 2443 per

411 2465 815 2521 multitudinem
848 2465 1064 2519 virtutis
1094 2480 1228 2526 sum.
1259 2480 1357 2520 nec
1386 2466 1551 2536 gigas
1575 2465 1764 2519 salvus
1793 2466 1898 2520 erit
1927 2464 1982 2520 in

413 2557 765 2611 multitudine
790 2556 1127 2613 fortitudinis
1156 2572 1284 2612 suae.
1332 2557 1522 2613 Fallax
1549 2572 1721 2628 equus
1746 2557 1810 2610 ad
1838 2556 1983 2611 salu-

409 2657 519 2704 tem
557 2667 572 2704 :
608 2649 660 2703 iit
715 2650 1047 2703 abundantia
1085 2648 1300 2703 virtutis
1356 2663 1467 2703 suae
1512 2663 1619 2704 non
1654 2648 1980 2704 servabitur.

410 2740 552 2797 Ecce
579 2739 721 2796 oculi
782 2740 994 2795 Domini
1053 2754 1218 2810 super
1269 2733 1571 2795 metuentes
1601 2754 1747 2808 eum,
1784 2747 1841 2795 et
1889 2740 1979 2809 qui

2084 1914 2311 1989 δράσκει
2340 1915 2789 1988 κρυπταζόμενός
2818 1934 2878 1970 τε
2915 1916 3019 1971 ἀνὰ
3048 1919 3176 1981 τούς
3205 1918 3414 1989 ἀγροὺς
3451 1918 3547 1971 καὶ
3572 1918 3667 1982 τὰς

2085 2008 2298 2079 κώμας,
2338 2008 2491 2081 μόλις
2519 2008 2627 2063 τῶν
2657 2009 2929 2081 πολεμίων
2952 2009 3052 2073 τὰς
3078 2014 3289 2082 χεῖρας,
3319 2010 3391 2065 τὰ
3421 2011 3527 2082 τῆς
3563 2029 3664 2065 σω⁶

2082 2099 2280 2170 τηρίας
2324 2098 2474 2170 αὐτῷ
2509 2098 2900 2171 προμνώμενος
2943 2099 3213 2167 διέξεισιν,
3262 2101 3451 2173 ἔργοις
3488 2102 3666 2167 αὐτοῖς

2084 2183 2144 2242 εὖ
2189 2188 2331 2260 μάλα
2374 2189 2598 2252 πιστοὺς
2631 2190 2725 2242 καὶ
2754 2188 2972 2261 ἀληθεῖς
3000 2190 3127 2253 τούς
3166 2189 3345 2255 θείους
3382 2192 3665 2263 ἀποφήνας

2083 2278 2386 2353 χρησμοὺς,
2406 2281 2465 2335 ἐν
2484 2277 2566 2346 οἷς
2591 2281 2836 2353 εἴρηται·
2870 2301 2888 2333 t
2928 2283 3005 2337 Οὐ
3036 2281 3266 2348 σώζεται
3296 2282 3554 2354 βασιλεὺς
3581 2284 3664 2338 διὰ

2081 2370 2285 2444 πολλὴν
2311 2371 2560 2443 δύναμιν,
2607 2371 2702 2425 καὶ
2741 2371 2903 2441 γίγας
2930 2372 2991 2425 οὐ
3025 2372 3331 2444 σωθήσεται
3366 2376 3429 2428 ὲν
3474 2374 3662 2447 πλήθει

2085 2463 2267 2535 ίσχύος
2318 2463 2518 2518 αὐτοῦ·
2571 2463 2771 2535 ψευδὴς
2810 2464 2978 2528 ἵππος
3031 2465 3112 2528 είς
3163 2466 3466 2537 σωτηρίαν,
3505 2468 3564 2520 ὲν
3608 2467 3661 2521 δὲ

2084 2554 2277 2626 πλήθει
2302 2554 2583 2626 δυνάμεως
2604 2554 2768 2608 αὐτοῦ
2797 2555 2858 2608 οὐ
2887 2555 3208 2627 σωθήσεται.
3247 2557 3380 2611 Ἰδοὺ
3403 2561 3455 2614 οἱ
3478 2558 3661 2628 ὀφθαλ-

2085 2650 2175 2720 μοὶ
2202 2649 2407 2722 Κυρίου
2440 2649 2533 2703 ἐπὶ
2559 2651 2685 2714 τοὺς
2724 2649 3091 2720 φοϐουμένους
3134 2651 3321 2715 αὐτὸν,
3355 2653 3486 2717 τοὺς
3516 2653 3659 2707 ἐλπί-

2082 2740 2272 2807 ζοντας
2301 2743 2393 2796 ἐπὶ
2417 2743 2478 2796 τὸ
2510 2742 2657 2805 ἔλεος
2681 2740 2870 2805 αὐτοῦ,
2903 2741 3170 2814 ῥύσασθαι
3205 2746 3271 2798 ἐκ
3301 2744 3536 2799 Θανάτου
3566 2745 3658 2808 τὰς

410 2843 633 2905 sperant
662 2834 716 2889 in
752 2831 1124 2888 misericordia
1151 2831 1269 2899 eius
1302 2848 1315 2885 :
1358 2840 1416 2885 ut
1470 2830 1662 2886 liberet
1713 2847 1745 2886 a
1806 2840 1983 2886 morte

2087 2834 2257 2907 ψυχὰς
2281 2835 2480 2890 αὐτῶν.
2514 2854 2534 2888 ι
2566 2835 2724 2889 Οὕτω
2759 2836 2893 2907 δῆτα
2923 2835 3187 2907 αἰσχύνης
3215 2835 3472 2907 ἔμπλεως
3508 2838 3537 2890 ὁ
3568 2836 3655 2891 τύ-

409 2929 625 2982 animas
653 2941 841 2982 eorum
868 2926 938 2983 ".
972 2944 992 2979 ι
1025 2925 1115 2980 Sic
1144 2924 1309 2995 igitur
1340 2932 1598 2994 tyrannus
1623 2938 1744 2978 cum
1767 2938 1982 2979 summo

2087 2945 2274 2999 ραννος
2304 2928 2397 2980 ἐπὶ
2423 2926 2493 2982 τὰ
2523 2927 2645 2981 καθ’
2673 2928 2864 2982 ἑαυτὸν
2900 2926 3068 2980 ἐλθὼν
3106 2928 3267 2999 μέρη,
3300 2927 3521 3000 πρῶτον
3564 2928 3656 2998 μὲν

408 3021 678 3078 dedecore
722 3031 885 3090 atque
938 3020 1236 3092 ignominia
1299 3019 1367 3073 ad
1419 3028 1603 3088 partes
1649 3017 1860 3089 imperii
1894 3017 1979 3074 sui

2087 3022 2316 3092 ἐμμανεῖ
2335 3018 2513 3091 θυμῷ,
2548 3018 2776 3084 πολλοὺς
2803 3021 2968 3091 ἱερεῖς
2989 3019 3083 3072 καὶ¹
3109 3020 3401 3091 προφήτας
3422 3020 3531 3074 τῶν
3561 3022 3654 3075 πά-

409 3127 687 3179 reversus,
717 3112 952 3183 primum
985 3110 1202 3181 quidem
1246 3108 1431 3164 furore
1471 3109 1739 3179 percitus,
1784 3108 1981 3163 nmltos

2087 3110 2174 3165 λαι
2208 3109 2634 3181 θαυμαζομένων
2670 3110 2817 3181 αὐτῷ
2857 3110 3014 3174 θεῶν,
3048 3103 3124 3163 ὧν
3159 3109 3223 3182 δὴ
3247 3113 3362 3175 τοῖς
3396 3117 3655 3185 χρησμοῖς

406 3206 718 3261 sacerdotes
745 3219 810 3260 ac
841 3194 1142 3274 propbetas'
1167 3203 1392 3259 deorum
1420 3215 1665 3263 suorum,
1691 3214 1830 3268 quos
1857 3208 1983 3255 ante

2087 3201 2495 3275 ἀναρριπισθεὶς
2517 3202 2609 3254 τὸν
2637 3202 2873 3273 πόλεμον
2897 3202 3088 3273 ἤρατο,
3120 3201 3197 3266 ὡς
3226 3202 3292 3255 ἂν
3330 3203 3537 3275 γόητας
3572 3206 3655 3259 καὶ

408 3302 754 3365 suspexerat,
788 3305 844 3351 et
895 3309 1128 3364 quorum
1167 3293 1406 3349 oraculis
1452 3291 1727 3347 excitatus
1781 3290 1979 3345 bcllnnt

2087 3292 2402 3357 ἀπατεῶνας
2427 3293 2521 3347 καὶ
2547 3294 2639 3347 ἐπὶ
2669 3294 2802 3347 πᾶσι
2830 3293 3091 3365 προδότας
3117 3294 3216 3364 τῆς
3248 3293 3417 3348 αὐτοῦ
3444 3296 3653 3368 γενομέ-

407 3398 748 3458 susceperat,
783 3395 1042 3457 tanquam
1083 3385 1512 3455 praestigiatores
1533 3398 1597 3439 ac
1618 3381 1936 3453 deceptores
1959 3423 1975 3447 ,

2087 3401 2204 3449 νους
2236 3385 2529 3457 σωτηρίας,
2560 3385 2793 3456 ἀναιρεῖ,
2835 3381 2957 3438 εἶτα
2985 3384 3049 3456 δὴ
3080 3384 3203 3448 δοὺς
3238 3384 3398 3452 δόξαν
3438 3387 3516 3459 τῷ
3554 3388 3652 3441 τῶν

410 3489 573 3547 atque
608 3477 830 3546 insuper
878 3475 1072 3530 salutis
1122 3489 1235 3529 suae
1291 3475 1596 3544 proditores
1644 3476 1763 3530 neci
1808 3474 1978 3528 dedit.

2087 3474 2419 3547 Χριστιανῶν
2456 3474 2595 3546 Θεῷ,
2631 3474 2794 3547 νόμον
2831 3492 2891 3528 τε
2921 3474 3010 3528 τὸν
3044 3476 3183 3547 ὑπὲρ
3210 3476 3531 3549 ἐλευθερίας
3560 3477 3651 3530 αὖ·

409 3568 659 3624 Postbazc
690 3582 812 3621 cum
856 3566 1293 3621 Christianorum
1331 3567 1441 3621 Deo
1472 3565 1700 3636 gloriam
1733 3565 1980 3621 laudem-

2087 3568 2187 3621 τῶν
2230 3566 2537 3621 τελεώτατα
2579 3568 2674 3622 καὶ
2719 3567 3066 3639 πληρὲστατα
3089 3566 3504 3639 διαταξάμενος,
3532 3568 3650 3622 δυσ-

408 3674 516 3730 que
544 3658 845 3722 tribuisset,
879 3670 934 3713 et
966 3657 1425 3713 absolutissimam
1462 3668 1625 3727 atque
1647 3658 1977 3713 uberrimam

2087 3659 2385 3730 θανατήσας
2432 3656 2649 3717 αὐτίκα.
2692 3657 2961 3728 μηδεμιᾶς
2996 3657 3146 3729 αὐτῷ
3178 3658 3371 3730 χρόνου
3414 3658 3648 3729 δοθείσης

408 3754 582 3824 legem
616 3766 713 3822 pro
745 3752 1060 3806 earumdem
1090 3751 1527 3806 Christianorum
1555 3751 1804 3807 libertate
1833 3751 1981 3806 tulis-

2087 3750 2437 3824 προθεσμίας,
2477 3750 2702 3821 τελευτᾷ
2728 3749 2820 3802 τὸν
2854 3749 2991 3821 βίον.
3034 3750 3093 3804 '0
3136 3751 3193 3804 δὲ
3241 3750 3649 3822 καταπεμφθεὶς

408 3857 515 3911 set,
547 3861 672 3900 mox
708 3844 1027 3916 gravissima
1082 3844 1402 3914 aegritudine
1446 3855 1733 3913 correptus
1757 3882 1775 3910 ,
1833 3842 1979 3899 nulla

2087 3844 2170 3901 ὐπ’
2190 3842 2354 3898 αὐτού
2380 3843 2564 3914 νόμος,
2586 3842 2825 3906 τοιοῦτος
2842 3838 2909 3915 ἢν
2934 3860 2947 3873 ·
3032 3878 3039 3883 -

408 3938 510 4009 ipsi
543 3936 801 3992 dilatione
833 3951 1098 3992 concessa
1128 3974 1147 4002 ,
1208 3946 1514 3993 extremum
1561 3937 1701 3992 diem
1757 3935 1976 3992 clausit.

409 4032 521 4088 Lex
548 4046 713 4103 porro
741 4031 809 4087 ab
847 4031 939 4086 illo
964 4031 1162 4086 emissa
1192 4031 1271 4086 sic
1304 4030 1467 4085 habet
1493 4046 1509 4085 :

410 4126 722 4197 Exemplum
761 4126 1145 4197 constitutionis
1177 4143 1209 4179 α
1254 4133 1481 4197 tyranno
1519 4138 1613 4197 p_ro
1654 4119 1977 4175 Christianis

477 4190 643 4263 datur,
696 4208 745 4251 et
805 4211 872 4251 ea:
909 4194 1099 4251 Latino
1141 4190 1379 4251 sermone
1425 4195 1480 4248 in
1530 4190 1774 4246 Gnaeum
1801 4200 1978 4243 trans-

479 4255 641 4326 ιωωξ
2145 4255 2233 4324 εἷς
2256 4258 2371 4326 τὴν
2408 4255 2663 4312 Ἑλλάδα
2684 4256 3194 4325 μεταληφθείσης.

479 4376 499 4411 ι
532 4357 833 4429 Imperator
874 4356 1059 4414 Caesar
1104 4357 1272 4412 Caius
1319 4354 1571 4411 Valerius
1618 4352 1968 4416 Maximinus,

2151 4366 2171 4400 ι
2192 4345 2550 4417 Αὐτοκράτωρ
2578 4346 2788 4416 Καῖσαρ
2838 4345 2998 4409 Γαῖος
3014 4344 3309 4415 Οὐαλέριος
3328 4344 3646 4417 Μαξιμῖνος,

405 4445 569 4519 364
582 4445 956 4514 Germanicus,
974 4447 1330 4511 Sarmaticus,
1349 4450 1498 4514 Pius,
1516 4449 1688 4516 Felix,
1707 4449 1971 4518 Invictus,

2087 4437 2433 4511 Γιρμανικύς,
2462 4437 2826 4510 Σαρματικὺς,
2855 4435 3118 4507 Εὐσεϐὴς,
3151 4436 3423 4510 Εὐτυχὴς,
3444 4436 3646 4509 Ἀνίκη-

406 4541 703 4610 Augustus.
737 4538 1164 4596 Provincialium
1199 4550 1509 4596 nostrorum
1546 4541 1769 4596 utilitati
1796 4542 1973 4596 omni-

2087 4547 2190 4595 τος,
2221 4529 2506 4593 Σεϐαστός.
2552 4529 2710 4584 Κατά
2765 4529 2945 4582 πάντα
2963 4528 3165 4601 τρόπον
3200 4530 3353 4601 ἡμᾶς
3391 4528 3647 4603 διηνεκῶς

407 4628 511 4684 bus
540 4631 716 4687 modis
744 4647 846 4685 nos
893 4642 1153 4706 perpetuo
1188 4634 1502 4702 consulere,
1535 4650 1708 4705 eaque
1740 4634 1876 4705 ipsis
1902 4635 1974 4689 li-

2087 4619 2186 4677 τῶν
2228 4619 2583 4692 ἑπαρχιωτῶν
2624 4618 2732 4674 τῶν
2769 4620 3053 4693 ἡμετέρων
3090 4617 3185 4672 τοῦ
3225 4619 3501 4692 χρησίμου
3527 4636 3649 4693 προ-

472 4755 517 4789 ⁸⁷
550 4756 692 4812 Psal.
718 4772 896 4825 xxxii,
935 4756 1120 4810 lii-i9.

2089 4115 2478 4186 Ἀντίτραφον
2508 4115 2826 4186 ἑρμηνείας
2851 4111 2963 4186 τῆς
3002 4112 3109 4186 tot?
3159 4110 3469 4186 τυράννου
3497 4111 3649 4186 -ὐπέρ

2146 4183 2516 4256 Χριστιανῶν
2538 4183 2869 4256 διατάξεως
2887 4225 2903 4248 ,
2934 4183 3003 4236 ἐκ
3033 4183 3366 4253 Ῥωμαϊκῆς
3392 4184 3649 4255 γλώττης

474 4894 587 4969 (66)
625 4897 697 4951 Τὰ
728 4897 926 4956 πάντα
955 4900 1231 4968 κινήσας.
1281 4898 1465 4956 Nostri
1516 4901 1733 4958 codices
1784 4917 1974 4959 omnes
2073 4899 2240 4969 teiligi
2294 4907 2441 4967 puto.
2481 4896 2650 4969 Porro
2676 4896 2751 4969 de
2784 4897 2886 4950 hac
2929 4894 3208 4969 Maximini
3239 4912 3420 4965 pugna
3460 4897 3644 4969 adver-

400 4966 606 5041 ltabent
632 4970 894 5040 κυκήσας,
927 4965 1087 5036 Quod
1112 4965 1399 5041 conﬁrmat
1427 4972 1590 5026 etiam
1616 4970 1975 5041 Nicepltorus.
2073 4987 2165 5028 sus
2193 4965 2473 5041 Licinium
2506 4965 2869 5041 Ainhlllyricu
2892 4968 3151 5041 solus-ex
3173 4967 3473 5041 _h_is_io_ricis
3504 4967 3646 5041 Zosi-

403 5035 797 5111 Quaremescio
839 5035 981 5111 unde
1021 5041 1288 5111 vulgatam
1339 5040 1677 5111 Scriptorum
1734 5035 1978 5100 lianserit
2074 5055 2194 5096 mus
2232 5039 2471 5111 loquitur
2503 5039 2557 5091 in
2586 5035 2787 5111 libi",
2820 5037 2907 5088 ubi
2945 5035 3137 5111 scribit
3172 5035 3442 5111 Licinium
3476 5040 3643 5111 primo

404 5106 539 5160 Rob.
558 5107 901 5183 _Step_ltanus.
943 5110 1076 5164 Nam
1100 5106 1155 5165 et
1183 5110 1382 5183 Regius
1410 5106 1613 5177 codex,
1644 5128 1804 5180 quem
1855 5115 1976 5168 ubi-
2071 5111 2290 5183 quidem
2306 5106 2522 5183 cladem
2539 5108 2784 5183 aliquam
2806 5106 3083 5183 accepisse
3109 5123 3122 5158 :
3149 5107 3244 5159 sed
3263 5121 3388 5183 mox
3422 5110 3644 5183 repetito

402 5174 869 5252 que_Sieplianus
911 5183 1217 5250 expressit,
1258 5174 1463 5236 diserte
1502 5174 1765 5252 scriptum
1806 5185 1975 5239 liabet
2072 5174 2300 5252 praelio,
2334 5174 2681 5252 Maximinum
2732 5177 2786 5252 in_
2840 5174 3021 5244 fugam
3057 5189 3275 5252 versum
3317 5178 3384 5252 ad
3413 5174 3643 5231 Orientis

400 5248 669 5332 namque.
841 5318 853 5332 _
1121 5319 1134 5332 .
1204 5246 1207 5247 ⁷
1285 5321 1341 5332 ⁸-
1423 5323 1436 5332 _
1526 5320 1554 5332 η
1616 5246 1634 5252 ⁷
1672 5323 1700 5332 _
1798 5322 1811 5332 Ι
2070 5246 2254 5332 partes
2278 5249 2650 5332 serecepisse,
2675 5256 2731 5301 et
2758 5247 2825 5327 de
2839 5246 3150 5332 reparando
3179 5249 3642 5332 exercitn'cogitla:

470 5314 586 5440 367)
617 5318 899 5387 Λικιννίῳ
931 5317 1042 5388 τῆς
1071 5319 1244 5389 νίκης
1272 5321 1341 5387 ἐξ
1364 5320 1556 5377 αὐτοῦ
1596 5323 1701 5378 τοῦ
1731 5322 1974 5379 πάντων

506 5409 540 5440 c
593 5386 693 5440 καὶ
750 5391 938 5440 [λόγου
997 5389 1146 5440 Θεοῦ
1223 5407 1397 5440 amart.
1450 5391 1560 5440 lloc
1618 5393 1735 5440 [non
1798 5395 1968 5440 nostri

2087 5321 2235 5374 visse.
2277 5317 2431 5386 Quod
2459 5314 2676 5386 quidem
2707 5314 2938 5369 miriﬁce
2977 5315 3230 5367 convenit
3276 5330 3402 5369 cuni
3430 5314 3637 5370 EnSehii

2087 5389 2245 5440 toslri
2273 5388 2605 5440 narratione.
2635 5386 2725 5440 aui
2752 5385 2945 5439 scribit
2968 5383 3321 5437 Maximinum
3347 5385 3468 5439 fuso
3493 5399 3637 5439 exer-

398 5383 693 5463 érdg'agzl
743 5383 938 5463 μᾴγὸι)
990 5383 1146 5463 ’Θεοῦ
1195 5383 1397 5460 ἶπρὺτ.
1450 5391 1560 5447 lloc
1617 5393 1735 5448 loco
1797 5395 1969 5449 nostri

2087 5389 2245 5463 rostri
2273 5383 2605 5463 narratione,
2635 5386 2725 5453 qui
2752 5385 2945 5463 scribit
2968 5383 3321 5463 Maximinum
3347 5385 3468 5439 fuso
3493 5399 3640 5439 exer-

402 5451 560 5531 g'odd.
598 5451 762 5523 Man;
797 5458 941 5531 Med.
963 5470 1018 5514 et
1048 5451 1408 5531 lfuk.aliqn0t
1446 5477 1608 5516 voces
1639 5467 1969 5519 interserunt
2067 5460 2180 5515 citu
2222 5459 2439 5531 suo,_ad
2469 5451 2828 5531 suasparte‘s,
2860 5454 2911 5531 id
2942 5461 3026 5531 est
3065 5454 3117 5506 in
3155 5451 3441 5531 Orientem
3471 5471 3528 5508 se
3558 5469 3637 5507 re-

402 5522 904 5607 ἱεηῑιυιιοᾼιιιοάιιιιι
955 5547 971 5585 :
1009 5529 1090 5603 τῷ
1131 5522 1631 5607 ’τότεςκριικιῖούντι.Δ
1668 5550 1970 5607 πρυτανευο

2087 5531 2299 5601 :episse.
2330 5522 2525 5597 Pugna
2556 5522 2719 5607 igitur
2752 5522 3211 5607 illa_i_t1Europa_ei
3235 5523 3486 5607 partibus
3539 5538 3632 5607 pnf

402 5593 604 5666 θεεσης.
640 5596 767 5663 Qua:
798 5613 955 5653 \oces
982 5591 1106 5654 cuiu
1162 5599 1323 5654 tertia
1355 5591 1571 5657 'abhinc
1601 5591 1738 5658 linea
1771 5606 1963 5658 iterum
2068 5591 2227 5662 gn'ata
2262 5609 2367 5664 est,
2402 5591 2546 5652 a'nno
2576 5591 2788 5650 'Christi
2844 5593 2971 5656 515,
3025 5591 3388 5666 (ᾆριιειδιιιίιιρ
3433 5608 3502 5666 in
3543 5591 3552 5592 “
3583 5604 3631 5645 et

2069 5668 2278 5724 Licinio
2306 5662 2366 5723 iii
2421 5676 2655 5727 coss..ut
2692 5674 2837 5720 recte
2864 5672 3014 5719 notat
3045 5662 3308 5731 Sigonius
3346 5663 3402 5718 in
3431 5663 3520 5719 lib.
3550 5677 3628 5728 in,

402 5664 670 5734 legantur,
702 5682 886 5733 parum
923 5670 1010 5723 hic
1040 5671 1363 5725 necessariae
1392 5682 1538 5725 sunt.

2070 5741 2145 5795 De
2174 5737 2500 5795 Occlileiimli
2526 5736 2763 5804 imperio.

474 5734 586 5805 (68)
631 5736 992 5792 ’Onlittxdr.
1025 5739 1314 5796 Pedestres
1344 5740 1621 5798 Maximini
1661 5744 1848 5814 c0pias
1883 5744 1969 5799 in-
