3860 6508
407 409 516 465 835

1116 404 1384 467 EUSEBII
1421 406 1899 466 CESARIENSIS
1938 406 2087 463 OPP.
2130 404 2311 464 PARS
2348 405 2389 462 l.
2429 430 2499 447 -ἀ
2544 404 2937 467 lllSTORiCA.

3578 412 3678 468 856

409 522 576 578 alicui
605 522 747 579 dono
776 523 940 587 data;
972 534 1168 589 cuncta
1203 524 1270 577 ad
1298 525 1588 596 pristinum
1617 525 1704 589 ius
1727 539 1790 579 ac
1822 524 1990 580 domi.

2098 522 2316 594 γένηται
2342 524 2376 594 ἡ
2398 522 2643 595 ἡμετέρα
2663 524 2865 597 δωρεά,
2884 526 2981 580 καλ⁸
3006 525 3166 580 τοῦτο
3187 525 3553 599 νομοθετῆσαι
3585 548 3679 585 κα-

412 615 564 670 nium
600 614 1038 671 Christianorum
1062 625 1408 685 revocentur,
1438 625 1497 671 ut
1522 617 1625 673 hac
1655 617 1820 674 etiam
1852 619 1905 672 in
1930 632 1991 673 re

411 709 671 777 pietatem
723 723 787 763 ac
816 707 1215 778 providentiam
1256 717 1500 764 nostram
1540 709 1727 766 cuncti
1778 710 1993 779 possint

414 809 732 864 agnoscere.
777 813 796 846 ι
831 793 956 850 Haec
1011 805 1138 850 sunt
1186 798 1400 868 tyranni
1455 800 1645 865 verba,
1701 815 1822 869 quae
1868 809 1993 871 post

414 885 593 939 edicta
630 884 719 938 illa
750 884 1021 940 adversus
1050 886 1394 943 Christianos
1420 888 1471 943 in
1499 891 1656 945 aereis
1694 892 1895 945 tabulis
1923 892 1991 947 ab

415 974 535 1044 ipso
570 976 866 1045 proposita,
902 977 1139 1033 nondum
1177 995 1319 1035 anno
1368 981 1587 1051 penitus
1620 993 1814 1038 exacto
1860 985 1991 1040 sub-

413 1079 600 1121 secuta
639 1077 788 1121 sunt.
817 1068 886 1122 Et
915 1069 1007 1137 qui
1037 1073 1197 1138 paulo
1219 1082 1378 1128 antea
1410 1089 1508 1128 nos
1539 1074 1798 1144 profanos
1827 1087 1994 1146 atque

413 1155 609 1224 impios
640 1167 694 1210 et
732 1156 784 1209 in
818 1159 1114 1227 perniciem
1144 1162 1365 1231 generis
1406 1162 1631 1219 humani
1669 1175 1826 1223 natos
1873 1182 1995 1223 esse

413 1258 723 1314 censuerat,
754 1248 889 1304 adeo
921 1258 1110 1305 utnon
1151 1253 1312 1308 modo
1361 1257 1549 1321 urbes,
1580 1257 1675 1312 sed
1733 1274 1802 1314 ne
1833 1274 1995 1330 agros

413 1338 631 1408 quidem
678 1351 734 1394 et
778 1339 1100 1396 solitudines
1149 1342 1395 1399 incolere
1446 1345 1784 1413 sinerentur;
1820 1351 1888 1404 ab
1927 1365 1994 1406 eo

414 1429 830 1488 constitutiones
858 1444 913 1489 et
965 1433 1112 1503 leges
1162 1450 1260 1505 pro
1290 1436 1621 1494 Christianis
1661 1441 1988 1498 edebantur.

414 1520 480 1574 Et
500 1522 592 1591 qui
626 1538 797 1592 nuper
831 1534 959 1579 ante
990 1525 1161 1596 ipsius
1193 1528 1412 1598 tyranni
1459 1530 1647 1585 oculos
1670 1528 1902 1586 ﬂammis
1931 1548 1994 1587 ac

414 1612 583 1676 ferro,
606 1624 662 1668 et
684 1615 980 1671 bestiarum
1041 1634 1104 1673 ac
1151 1620 1433 1674 volucrum
1480 1620 1681 1676 laniatu
1744 1622 1995 1680 absume-

414 1706 636 1770 bantur.
670 1720 974 1779 cunctaque
1002 1725 1287 1782 pmnarutn
1315 1722 1371 1767 et
1402 1714 1593 1800 mortis
1621 1730 1819 1785 genera
1850 1716 1995 1773 velut

2087 612 2458 685 τηξιώσαμεν,
2487 611 2552 667 ἵν’
2585 615 2640 669 εί
2656 632 2805 680 τινες
2830 617 3001 670 οἰκίαι
3029 618 3124 670 καὶ
3150 618 3328 691 χωρία
3346 619 3445 672 τοῦ
3474 619 3679 675 δικαίου

2088 708 2196 761 τῶν
2226 709 2567 780 Χριστιανῶν
2612 710 2720 782 πρὸ
2764 709 2954 764 τούτου
2988 710 3289 782 ἐτύγχανον
3311 711 3467 777 ὄντα,
3496 714 3561 766 ἐκ
3588 710 3683 786 τῆς

2090 797 2393 863 κελεύσεως
2424 798 2533 853 τῶν
2561 800 2765 869 γονέων
2800 800 2910 854 τῶν
2946 801 3233 873 ἡμετέρων
3266 804 3347 867 εἰς
3382 803 3446 856 τὸ
3479 803 3681 859 δίκαιον

2095 890 2359 961 μετέπεσε
2384 891 2478 945 τοῦ
2509 893 2728 963 φίσκου,
2756 893 2787 965 ἢ
2811 893 2917 946 ὑπό
2949 911 3093 958 τινος
3114 895 3431 968 κατελήφθη
3458 896 3680 961 πόλεως,

2092 981 2203 1035 εἴτε
2242 982 2535 1056 διάπρασις
2566 984 2773 1039 τούτων
2803 985 3129 1057 γεγένηται,
3165 985 3275 1040 εἴτε
3321 989 3405 1051 είς
3445 987 3679 1059 χάρισμρ·

2091 1068 2296 1127 δέδοταί
2327 1075 2439 1147 (75)
2462 1094 2589 1144 τινι,
2612 1077 2785 1130 ταῦτα
2813 1078 2992 1130 πάντα
3020 1080 3101 1141 εἰς
3132 1078 3194 1132 τὸ
3217 1079 3450 1151 ἀρχαῖον
3481 1079 3685 1134 δίκαιον

2092 1168 2199 1222 τῶν
2233 1169 2575 1240 Χριστιανῶν
2619 1170 2990 1242 ἀνακληθῆναι
3024 1170 3391 1243 ἐκελεύσαμεν
3412 1213 3428 1237 ,
3467 1172 3555 1226 ἴνα
3596 1174 3686 1228 καὶ

2093 1259 2151 1313 ὲν
2187 1257 2363 1329 τούτῳ
2397 1258 2501 1328 τῆς
2545 1260 2821 1330 ἡμετέρας
2855 1258 3136 1324 εὐσεϐείας
3169 1262 3264 1315 καὶ
3298 1260 3402 1331 τῆς
3432 1263 3685 1334 προνοίας

2093 1349 2343 1421 αἴσθησιν
2376 1350 2575 1415 πάντες
2606 1350 2864 1406 λάϐωσιν.
2904 1371 2923 1403 ι
2957 1346 3124 1406 Αὗται
3155 1352 3250 1406 τοῦ
3282 1355 3555 1425 τυράννου
3580 1373 3685 1425 φω-

2093 1447 2204 1511 ναὶ,
2228 1444 2337 1498 οὐδ’
2363 1444 2483 1498 ὅλον
2516 1445 2762 1498 ἐνιαυτὸν
2791 1443 2898 1499 τῶν
2929 1444 3071 1498 κατὰ
3098 1446 3449 1520 Χριστιανῶν
3478 1450 3538 1502 ὲν
3564 1450 3685 1521 στή-

2092 1538 2210 1602 λαις
2240 1537 2670 1608 άνατεθειμένων
2705 1537 2853 1608 αὐτῷ
2881 1538 3267 1607 διαταγμάτων
3308 1539 3683 1613 ύστερίσασαι.

2093 1628 2204 1681 Καὶ
2234 1628 2363 1698 παρ’
2394 1620 2439 1693 ᾧ
2474 1643 2538 1696 γε
2581 1625 2765 1698 μικρῷ
2810 1627 3044 1699 πρόσθεν
3076 1626 3358 1692 δυσσεϐεῖς
3398 1628 3686 1701 ἐδοκοῦμεν

2093 1720 2189 1773 καὶ
2216 1716 2366 1772 ἄθεοι
2396 1720 2491 1772 καὶ
2518 1720 2721 1785 παντὸς
2754 1719 2965 1791 ὄλεθροι
2992 1721 3085 1775 τοῦ
3114 1721 3252 1791 βίου,
3280 1720 3360 1784 ὡς
3384 1720 3473 1792 μὴ
3507 1722 3589 1775 ὅτι
3624 1738 3685 1791 γε

415 1797 565 1867 impii
598 1808 652 1853 et
678 1800 958 1870 religionis
1012 1804 1192 1859 omnis
1218 1797 1887 1874 expertes—miserabilem
1936 1809 1990 1863 in

2098 1810 2271 1874 πόλιν,
2296 1809 2410 1864 ἀλλ’
2433 1811 2553 1865 οὐδὲ
2584 1809 2768 1884 χώραν
2792 1812 2900 1867 οὐδ’
2929 1813 3165 1888 ἐρημίαν
3196 1815 3366 1866 οἰκεῖν
3398 1814 3687 1886 ἐπιτρέπει

415 1895 633 1944 modum
658 1891 1021 1972 sustinebant,
1060 1895 1223 1949 iidem
1255 1910 1400 1949 nunc
1436 1904 1492 1949 et
1542 1896 1863 1966 religionem
1894 1913 1992 1953 co—

2099 1905 2245 1974 σθαι,
2269 1905 2419 1977 παρά
2445 1904 2617 1975 τούτῳ
2640 1905 2913 1970 διατάξεις
2941 1886 3081 1980 ύπὲρ
3103 1907 3452 1979 Χριστιανῶν
3483 1909 3578 1961 καὶ
3602 1926 3683 1962 νο·

436 1976 547 2029 lere
575 1957 857 2041 dicunfur,
891 1984 945 2031 et
977 1973 1286 2037 instaurare
1327 1981 1609 2040 Dominica
1655 2001 1754 2042 sua
1805 1985 2001 2043 sinun-

437 2072 527 2117 tur
553 2083 566 2119 :
602 2067 735 2134 quin
757 2075 812 2120 et
838 2065 964 2136 jura
989 2071 1235 2138 quaedam
1262 2073 1396 2143 ipsis
1425 2085 1730 2147 competere
1752 2077 1894 2133 idem
1920 2087 2003 2149 ty-

436 2168 649 2210 rannus
697 2163 931 2212 testatur
981 2160 1303 2233 fateturque.
1354 2165 1481 2223 Haec
1532 2169 1698 2240 igitur
1742 2187 1866 2228 cum
1912 2172 2004 2229 ille

436 2244 726 2303 confessus
760 2246 978 2316 fuisset,
1014 2254 1171 2321 quasi
1201 2257 1433 2325 quodam
1456 2268 1680 2330 accepto
1700 2262 1998 2327 beneﬁcio;

436 2336 507 2391 ob
557 2352 675 2391 eam
725 2338 900 2409 ipsam
953 2357 1176 2398 causam
1227 2349 1443 2405 mitiore
1493 2367 1654 2421 quatn
1694 2356 2004 2410 merebatur

436 2441 597 2496 poena
636 2428 883 2495 affectus,
924 2436 1203 2503 repentina
1238 2453 1268 2491 a
1305 2440 1411 2495 Deo
1439 2458 1736 2511 percussus
1764 2446 1917 2517 plaga
1945 2447 2003 2502 in

436 2520 680 2575 secundo
725 2524 910 2593 praelia
957 2536 1185 2582 mortem
1219 2534 1465 2600 oppetiit.
1508 2532 1678 2590 Porro
1719 2552 1828 2591 non
1876 2539 2002 2595 talis

434 2609 616 2666 exitus
645 2612 769 2667 vita:
794 2616 841 2670 ei
880 2619 1125 2688 contigit,
1158 2623 1337 2690 qualis
1369 2624 1601 2683 ducibus
1631 2636 1795 2698 atque
1828 2631 1995 2700 impe—

434 2703 707 2759 ratoribus
742 2708 1059 2778 contingere
1099 2712 1258 2776 solet,
1318 2717 1412 2785 qui
1454 2733 1553 2787 pro
1590 2720 1763 2789 gloria
1804 2728 1859 2776 et
1902 2737 2001 2791 pro

435 2794 582 2850 notis
607 2810 671 2852 ac
700 2796 1063 2856 familiaribus
1102 2802 1316 2860 fortiter
1350 2806 1674 2865 dimicantes
1707 2811 1999 2881 gloriosam

435 2895 665 2942 mortem
714 2894 987 2948 constanti
1035 2896 1214 2951 animo
1266 2899 1568 2955 subierunt.
1614 2901 1814 2959 Verum
1872 2920 1998 2960 cum

435 2979 710 3035 exercitus
734 2980 910 3051 ipsius
939 2985 1182 3054 aciejam
1212 2988 1479 3044 instructa
1511 2998 1680 3047 staret
1706 2993 1761 3047 in
1783 3009 1996 3065 campo,

2114 1983 2363 2056 μοθεσίαι
2398 1987 2796 2052 συνετάττοντο,
2827 1988 2922 2042 καὶ
2949 1990 2999 2041 οἱ
3031 1989 3136 2058 πρὸ
3166 1989 3402 2062 βραχέος
3432 1995 3565 2065 πυρὶ
3590 1992 3678 2048 καὶ

2110 2074 2332 2147 σιδήρῳ,
2383 2074 2584 2148 θηρίων
2621 2094 2680 2130 τε
2710 2077 2805 2132 καὶ
2841 2078 3043 2133 οἰωνῶν
3080 2079 3212 2152 βορᾷ
3246 2082 3354 2153 πρὸ
3388 2083 3678 2155 ὀφθαλμῶν

2107 2164 2272 2219 αὑτοῦ
2308 2166 2400 2220 τοῦ
2443 2168 2706 2236 τυράννου
2750 2171 3200 2244 διαφθειρόμενοι,
3248 2175 3347 2228 καὶ
3393 2179 3504 2231 πᾶν
3543 2173 3677 2243 εἶδος

2108 2255 2381 2320 κολάσεως
2416 2250 2511 2310 καὶ
2548 2260 2835 2329 τιμωρίας,
2868 2262 3185 2333 ἀπαλλαγῆς
3212 2282 3271 2318 τε
3308 2264 3431 2335 βίου
3468 2268 3677 2340 οίκτρό·

2105 2362 2264 2410 τατα,
2287 2346 2361 2410 ὡς
2390 2346 2456 2401 ἂν
2477 2347 2623 2402 ἄθεοι
2652 2349 2746 2402 καὶ
2777 2351 3075 2416 δυσσεϐεῖς,
3110 2355 3502 2426 ὑπομένοντες,
3536 2355 3674 2413 οὗτοι

2106 2440 2199 2494 νῦν
2243 2438 2379 2513 πρὸς
2424 2440 2588 2497 αὐτοῦ
2627 2446 2719 2510 καὶ
2763 2447 3084 2518 θρησκεύειν
3121 2450 3512 2520 ὁμολογοῦνται
3550 2453 3677 2525 θρη-

2107 2533 2314 2600 σκείαν,
2346 2534 2439 2587 καὶ
2469 2536 2850 2600 ἐπισκευάζειν
2880 2539 3132 2610 Κυριακὰ
3152 2542 3565 2613 ὲπιτρέπονται,
3586 2544 3675 2598 καὶ

2104 2622 2325 2678 δικαίων
2344 2626 2503 2679 τινῶν
2525 2628 2709 2692 αὐτοῖς
2736 2632 2994 2700 μετεῖναι,
3018 2624 3179 2703 αὐτὸς
3202 2636 3231 2688 ὁ
3252 2633 3516 2705 τύραννος
3540 2654 3673 2708 μαρ-

2101 2720 2258 2786 τυρεῖ
2295 2719 2389 2772 καὶ
2420 2710 2842 2797 ὁμολογεῖ.1Καὶ
2865 2723 2927 2794 δὴ
2953 2724 3177 2779 τοιαῦτα
3204 2725 3674 2800 ἐξομολογησάμε-

2104 2823 2213 2874 νος,
2236 2808 2424 2882 ῶσπερ
2451 2809 2597 2876 τινὸς
2624 2813 2802 2884 τυχὼν
2824 2816 3160 2886 εὐεργεσίας.
3183 2818 3393 2873 τούτων
3415 2820 3480 2891 δὴ
3500 2822 3675 2874 αὐτῶν

2103 2900 2286 2964 ἕνεκα,
2331 2896 2493 2973 ἦττον
2529 2904 2563 2977 ἢ
2609 2906 2800 2959 παθεῖν
2840 2908 3001 2961 αὑτὸν
3042 2910 3208 2980 ἐχρῆν
3248 2910 3428 2981 δήπου
3469 2913 3673 2977 παθὼν,

2104 2991 2277 3064 ἀθρόᾳ
2309 2993 2444 3047 Θεοῦ
2474 2996 2704 3068 πληγεὶς
2745 2998 2988 3069 μάστιγι,
3025 3002 3082 3053 ὲν
3114 3002 3345 3074 δευτέρα
3376 3004 3473 3057 τοῦ
3518 3005 3672 3057 πολέ-

433 3064 551 3136 ipse
585 3069 730 3123 domi
767 3072 965 3129 sedens
1003 3090 1066 3130 ac
1107 3092 1228 3133 sese
1264 3082 1571 3146 occultans,
1604 3082 1788 3139 subito
1813 3064 1995 3155 utpote

2107 3101 2207 3155 μου
2243 3086 2484 3160 συμϐολῇ
2520 3064 3166 3163 καταστρέφειίΓίνεται
3202 3094 3247 3146 δ’
3271 3064 3436 3167 ἀύτῷ
3473 3096 3542 3151 τά
3577 3098 3673 3166 τῆς

430 3157 630 3228 impius
654 3160 854 3233 Deique
885 3164 1058 3221 hostis
1081 3168 1281 3224 inflicta
1310 3173 1529 3229 coalitus
1555 3173 1713 3245 plaga
1743 3185 1856 3231 toto
1880 3192 1995 3233 cor-

2104 3157 2486 3249 καταστροφῆς
2514 3181 2613 3252 οὐχ
2648 3157 2746 3235 οἶα.
2776 3157 3096 3256 στρατηγοῖς
3134 3157 3514 3259 πολεμάρχαις
3542 3157 3670 3260 (76),

431 3266 563 3321 pore
604 3269 919 3323 percussus,
969 3259 1177 3316 debitas
1225 3279 1416 3332 poenas
1458 3267 1736 3335 persolvit.
1786 3267 1995 3340 Quippe

2105 3267 2244 3339 ὑπὲρ
2284 3270 2485 3342 ἀρετῆς
2522 3273 2616 3325 καὶ
2656 3274 2945 3346 γνωρίμων
2980 3276 3235 3342 πολλάκις
3269 3279 3672 3352 ἀνδριζομένοις

429 3345 767 3430 gravissimis
795 3349 1074 3405 doloribus
1108 3357 1500 3427 tormentisque
1517 3358 1841 3429 exagitatus,
1868 3377 1996 3430 pro-

429 3424 536 3488 nus
560 3435 708 3489 humi
732 3438 1113 3507 volutabatur;
1149 3444 1327 3499 inedia
1358 3448 1784 3516 contabescens;
1810 3452 1994 3506 carni.-

427 3525 532 3581 bus
566 3529 779 3583 occulto
806 3528 1041 3600 quodam
1080 3543 1133 3587 et
1165 3534 1422 3593 divinitus
1448 3538 1694 3595 immisso
1720 3538 1845 3610 igne
1873 3543 1989 3597 col-

424 3613 865 3685 liquescentibus.
931 3624 1083 3680 Adeo
1151 3638 1210 3681 nt
1260 3645 1381 3683 cum
1444 3632 1549 3688 illa)
1607 3632 1720 3702 jam
1784 3638 2001 3706 penitus

426 3703 812 3775 diﬂluxissent,
844 3714 1087 3782 pristinae
1128 3721 1345 3787 quidem
1369 3722 1555 3780 furnue
1582 3703 1797 3796 species
1819 3732 2000 3787 Omnis

424 3800 477 3854 in
513 3800 607 3856 illo
631 3803 980 3878 aboleretur;
1030 3811 1303 3868 aridorum
1337 3825 1515 3870 autem
1566 3822 1770 3876 ossium
1820 3828 1997 3895 quod-

423 3892 549 3946 dam
580 3897 733 3963 quasi
768 3899 1115 3957 simulacrum
1137 3903 1296 3976 longo
1329 3910 1587 3978 temporis
1623 3923 1797 3969 tractu
1820 3892 2000 3973 exsic—

423 3994 604 4040 catum
635 3988 899 4045 duntaxat
929 4008 1254 4053 remaneret.
1289 4001 1477 4070 Itaque
1507 4018 1697 4061 omnes
1739 4010 1832 4075 qui
1871 4011 2000 4066 ade-

425 4085 567 4141 rant,
589 4091 786 4148 corpus
814 4081 954 4137 illius
987 4085 1120 4141 nihil
1154 4086 1298 4142 aliud
1324 4103 1443 4145 esse
1466 4091 1803 4161 judicabant,
1835 4112 1997 4166 quam

421 4168 725 4236 sepulcrum
766 4175 978 4239 animae,
1012 4179 1067 4233 in
1099 4190 1312 4235 mortuo
1344 4184 1455 4250 jam
1492 4198 1558 4239 ac
1580 4184 1853 4242 tabefacto
1880 4203 2001 4243 cor-

423 4277 554 4331 pore
577 4264 822 4322 defossaz.
851 4268 1014 4341 366
1041 4271 1286 4343 Cumque
1327 4277 1510 4329 acrius
1540 4278 1717 4331 adhuc
1747 4289 1803 4331 et
1832 4282 1999 4334 vehe-

422 4354 658 4408 mentius
689 4356 756 4411 ab
801 4358 1009 4414 intimis
1043 4376 1214 4430 usque
1247 4363 1493 4419 medullis
1523 4380 1646 4420 eum
1699 4366 1998 4423 inflamma-

424 4444 497 4499 tio
527 4453 775 4515 torreret,
837 4451 978 4506 oculi
1024 4454 1240 4519 quidem
1298 4456 1395 4526 ipsi
1437 4458 1773 4524 exsilierunt,
1824 4472 1880 4516 et
1929 4478 1996 4519 ex

421 4538 654 4607 propriis
709 4541 930 4598 sedibus
986 4544 1181 4611 avulsi,
1231 4561 1434 4603 caecum
1484 4564 1608 4604 eum
1635 4551 1990 4620 reliquerunt.

2102 3359 2160 3411 ὲν
2194 3360 2437 3433 πολέμῳ,
2460 3362 2557 3435 τὴν
2576 3364 2772 3437 εὐκλεῆ
2796 3367 3046 3439 τελευτὴν
3076 3370 3359 3441 εὐθαρσῶς
3387 3373 3671 3443 ὑπομεῖναι

2103 3451 2321 3525 συνέϐη,
2342 3452 2477 3509 ἀλλὰ
2505 3454 2613 3527 γὰρ
2640 3457 2735 3511 ἅτε
2756 3475 2838 3523 τις
2861 3458 3125 3533 δυσσεϐὴς
3149 3462 3243 3515 καὶ
3267 3463 3559 3535 θεομάχος,
3577 3467 3672 3536 τῆς

2097 3544 2452 3616 παρατάξεως
2476 3545 2550 3599 ἐτ’
2581 3548 2731 3618 αὐτῷ
2765 3549 2869 3620 πρὸ
2904 3550 2996 3603 τοῦ
3050 3553 3231 3607 πεδίου
3255 3554 3367 3625 (77)
3405 3556 3673 3610 συνεστώ-

2102 3664 2222 3718 σης,
2238 3646 2376 3701 οἴκοι
2406 3648 2580 3719 μένων
2604 3647 2766 3713 αὐτὸς
2787 3649 2879 3703 καὶ
2903 3648 3374 3721 κρυπταζόμενος,
3407 3649 3505 3722 τὴν
3529 3661 3666 3725 προσ

2099 3740 2335 3812 ήκουσαν
2381 3741 2649 3812 τιμωρίαν
2683 3741 2894 3813 ὑπέχει,
2941 3741 3113 3813 ἀθρόα.
3135 3740 3271 3797 Θεοῦ
3304 3743 3538 3814 πληγεὶς
3570 3737 3686 3799 καθ⁴

2099 3831 2223 3884 ὅλου
2252 3830 2345 3884 τοῦ
2396 3830 2647 3903 σώματος
2678 3832 2933 3902 μάστιγι,
2963 3831 3040 3897 ὡς
3078 3834 3338 3906 ἀλγηδόσι
3370 3836 3573 3900 δειναῖς
3600 3836 3686 3890 καὶ

2102 3922 2484 3995 περιωδυνίαις
2530 3922 2917 3995 ἐλαυνόμενον,
2966 3926 3147 3999 πρηνῆ
3186 3931 3522 3983 καταπεσεῖν
3549 3929 3685 4000 λιμῷ

2100 4013 2475 4087 φθειρόμενον,
2494 4032 2593 4080 τας
2613 4034 2673 4070 τε
2698 4017 2905 4088 σάρκας
2928 4018 3056 4083 ὅλας
3085 4020 3305 4092 ἀοράτῳ
3333 4022 3428 4075 καὶ
3450 4022 3685 4093 θεηλάτῳ

2099 4104 2233 4175 πυρὶ
2261 4104 2560 4174 τηκόμενον
2582 4105 3003 4178 διαρρευσάσας,
3038 4107 3115 4171 ὡς
3153 4108 3215 4161 τὸ
3258 4111 3358 4180 μὲν
3401 4111 3510 4164 πᾶν
3551 4105 3683 4173 εἶδος

2098 4195 2197 4267 τῆς
2225 4195 2458 4259 παλαιᾶς
2480 4197 2694 4268 μορφῆς
2719 4198 3106 4270 ἀφανισθῆναι,
3138 4198 3321 4272 ξηρῶν
3343 4202 3390 4255 δ’
3416 4200 3564 4273 αὐτῷ
3589 4202 3683 4272 μό-

2097 4303 2186 4340 νον
2209 4286 2410 4340 ὀστέων
2443 4280 2553 4340 οἷόν
2583 4305 2637 4341 τι
2677 4289 2875 4362 μακρῷ
2908 4282 3087 4362 χρόνῳ
3129 4294 3683 4364 κατεσκελετευμένον

2098 4374 2314 4430 εἴδωλον
2338 4377 2761 4449 ὑπολειφθῆναι⁸
2796 4381 2871 4445 ὡς
2900 4383 3021 4455 μηδ’
3048 4381 3175 4438 ἄλλο
3195 4400 3248 4437 τι
3282 4384 3526 4455 νομίζειν
3560 4385 3682 4448 τοὺς

2100 4466 2394 4538 παρόντας,
2418 4467 2451 4538 ἢ
2474 4468 2641 4536 τάφον
2661 4469 2811 4541 αὐτῷ
2836 4470 2937 4540 τῆς
2966 4466 3142 4543 ψυχῆς
3174 4477 3463 4542 γεγονέναι
3492 4477 3551 4530 τὸ
3581 4475 3681 4528 σῶ-

2102 4573 2198 4627 μα,
2227 4557 2284 4609 ὲν
2307 4557 2408 4628 ἤδη
2461 4556 2640 4629 νεκρῷ
2670 4560 2762 4612 καὶ
2803 4560 3078 4624 παντελῶς
3116 4563 3524 4636 άπορῤεύσαντι
3559 4583 3685 4620 κατ⁴

419 4625 668 4686 Posthac
701 4633 1052 4690 nihilominus
1093 4638 1269 4692 adhuc
1298 4641 1549 4708 spirans;
1616 4642 1781 4696 multa
1832 4660 1995 4715 spon-

2098 4621 2510 4726 ορωρυγμένης.
2543 4621 2905 4730 έφοδρότερον
2940 4657 2985 4712 δ’
3014 4621 3091 4712 ἔτι
3124 4621 3324 4730 μᾶλλον
3351 4663 3451 4734 τῆς
3482 4662 3682 4734 θέρμης

420 4715 555 4773 dens
578 4718 829 4789 Domino,
875 4734 1103 4779 mortem
1150 4726 1465 4783 advocabat.
1525 4728 1872 4803 Tandemque
1923 4738 1994 4793 ob

419 4815 778 4871 contumelias
848 4816 1046 4886 quibus
1111 4816 1384 4875 Christum
1438 4820 1745 4892 affecisset,
1797 4830 1994 4886 merito

491 4996 605 5077 (7__5_i
630 4997 1014 5077 Eigzdpw'ya
1035 5002 1288 5060 δέδοται.
1318 5006 1451 5060 Data
1480 5008 1549 5062 ab
1571 5008 1994 5077 imperatoribus

421 5068 976 5151 iptelligo._§uléb;_rnt
1005 5079 1148 5129 enim
1199 5079 1556 5151 imperatores
1575 5120 1590 5143 ,
1618 5068 1819 5151 pradia
1855 5068 1993 5151 qua:

423 5138 556 5215 fisco
586 5138 853 5215 applicata
886 5144 1101 5199 fuerant
1146 5138 1456 5215 petentibus
1483 5138 1707 5204 donare.
1746 5138 1993 5208 Videnti-

421 5209 592 5287 tultltu
626 5209 685 5287 it_i
728 5215 919 5287 codice
949 5215 1023 5269 De
1053 5209 1412 5287 petitionibus.
1858 5284 1861 5287 _

492 5278 1063 5358 (76)_H04€p_dpzdtq:
1098 5286 1189 5351 Sic
1238 5288 1315 5358 in
1346 5287 1509 5343 codd.
1556 5288 1722 5358 Regio
1764 5284 1901 5345 Fuit.
1934 5298 1987 5346 et

420 5347 699 5431 Masarino
728 5347 946 5423 legitur;
970 5347 1135 5431 recte,
1155 5349 1222 5410 ini
1255 5357 1429 5410 fallor.
1459 5359 1551 5413 Est
1592 5347 1735 5431 enim
1775 5363 1987 5431 epithe-

421 5428 531 5513 tuLm
584 5424 742 5513 voci:
785 5425 1139 5513 praecedentis
1199 5431 1541 5513 στρατῃγρίς.
1600 5430 1766 5513 _\_’ulg.
1811 5424 1987 5513 ’πολει-

421 5488 671 5561 μάρχ-οις.
701 5488 868 5575 ιξηίηυ
898 5507 1020 5562 post
1049 5511 1117 5549 ex
1142 5488 1301 5578 codd.
1332 5488 1474 5553 Med.
1502 5488 1563 5553 et
1599 5488 1743 5581 Nam:
1763 5503 1983 5583 scribe:

420 5558 1127 5683 ἒτέᾗλὲπῖῧιξνδριζομένοις.
1165 5565 1323 5623 Prtur
1351 5584 1452 5624 \ox
1478 5571 1631 5625 deest
1659 5586 1712 5624 tn
1750 5571 1986 5639 vulgatis

418 5642 765 5685 coitionibus.

491 5698 619 5782 (77).
640 5703 754 5757 Ἔτ’
781 5703 941 5769 αὐτῷ
962 5704 1076 5774 πρὸ
1108 5706 1217 5761 τοῦ
1247 5707 1476 5782 πεδίου.
1511 5709 1810 5782 improprie
1839 5708 1996 5782 locu:-

421 5772 1063 5849 lus_videt_ttr,_p_rtt_eo,
1122 5779 1262 5849 quod
1318 5779 1423 5849 alii
1477 5772 1721 5835 dicerent
1767 5780 1992 5849 ὲπὶητοῦ

420 5837 622 5895 πεδίου.
654 5841 743 5897 Sic
770 5837 898 5899 alibi
930 5846 1065 5898 dixit
1101 5845 1205 5915 πρὸ
1252 5847 1343 5902 τοῦ
1373 5838 1745 5922 δικαστηρίου,
1787 5860 1853 5923 et
1882 5846 1992 5924 πρὸ

2100 4745 2262 4798 αὐτὸν
2295 4747 2360 4797 ὲκ
2391 4743 2586 4814 βάθους
2634 4746 2842 4818 μυελῶν
2867 4747 3341 4822 καταφλεγούσης,
3371 4754 3679 4825 προπηδῶσι

2104 4835 2204 4907 μὲν
2230 4836 2379 4908 αύτῷ
2405 4837 2472 4891 τά
2500 4838 2725 4909 ὄμματα
2752 4840 2883 4913 (78),
2919 4843 3014 4895 καὶ
3034 4844 3135 4914 τῆς
3160 4843 3298 4910 ιδίας
3321 4845 3531 4919 λήξεως
3554 4846 3680 4900 ἀτυ-

2097 5015 2193 5103 τοῦ
2243 5015 2521 5103 μίγματος.
2585 5019 2694 5076 Sed
2763 5030 2819 5076 et
2872 5019 2935 5075 τὸ
2992 5023 3115 5089 ἔτι,
3173 5024 3390 5080 videtur
3452 5029 3675 5100 positum

2100 5100 2152 5156 pl
2168 5100 2738 5233 ῗἹξξῗηῘΙροπηδῶσιν
2752 5161 2913 5227 αὑτῷ
2934 5163 3007 5217 τὰ
3031 5163 3279 5233 ὄμματα.
3325 5164 3476 5221 Idem
3524 5177 3675 5222 testa-

2100 5236 2190 5281 tur
2228 5227 2679 5306 Chryso_s_totnus_
2712 5232 2764 5284 in
2801 5227 3179 5306 orationelde
3235 5246 3430 5306 sancto
3482 5237 3671 5306 Babyia

2097 5307 2287 5375 contra
2312 5297 2540 5375 gentiles
2567 5317 2588 5375 εἰ
2608 5300 2721 5375 τῶν
2757 5301 2856 5372 μὲν
2885 5303 2997 5375 γάρ
3020 5297 3188 5375 πάλαι
3224 5297 3670 5375 βασιλευσάντῶν,

2087 5367 2137 5419 οἳ
2166 5367 2235 5419 τὸ.
2265 5364 2488 5448 τοιαῦτα
2513 5364 2881 5448 τολμήσαντες
2898 5364 2931 5448 ζ-
2951 5364 3088 5448 μετὰ
3115 5364 3319 5448 πολλὰς
3345 5379 3441 5431 καὶ
3474 5364 3671 5448 ἀφορήᾶ

2086 5453 2213 5499 τους
2245 5440 2549 5510 συμφοράς,
2585 5440 2824 5515 αἰσχρῶς
2852 5440 3227 5509 καῖἐλεεινῶς
3262 5440 3356 5501 τὸν
3402 5440 3669 5518 pinv-xei-

2087 5502 2315 5581 ἔλυσαν·
2461 5510 2553 5563 τοῦ
2593 5512 2694 5581 μὲν
2738 5512 2835 5574 τὰς
2884 5507 3051 5581 κόρας
3090 5515 3170 5569 ἔτι
3202 5517 3409 5581 ζῶντος
3441 5519 3669 5581 αύτομάιι

2088 5525 2315 5561 ελυσαν·
2354 5527 2429 5572 ως
2461 5528 2553 5563 του
2593 5525 2694 5582 μεν
2738 5525 3051 5595 τας-κόρας
3090 5525 3170 5569 ἑτι
3202 5525 3409 5582 ζῶντος
3441 5525 3572 5573 αύτο
3613 5525 3665 5571 aa

2088 5593 2197 5639 τως
2226 5577 2532 5652 ἐκπηδῆσαι
2560 5581 2670 5636 τῶν
2704 5581 3027 5652 ρφθμλμων,
3058 5586 3365 5656 Μαξιμῖνος
3390 5584 3544 5652 οὗτος
3572 5537 3665 5662 ἕν’

2098 5645 2188 5699 τὸν
2234 5647 2291 5701 δὲ
2331 5651 2569 5714 μανέντα
2592 5668 2605 5682 ⁸
2659 5652 2750 5705 τὸν
2795 5652 2850 5704 δὲ
2889 5653 3023 5714 ἄλλῃ
3067 5655 3290 5714 τοιαύτη
3332 5659 3665 5714 γοπσάμενον

2098 5663 2188 5699 τον
2234 5663 2291 5701 οε
2331 5663 2569 5719 μανέντα
2592 5668 2605 5682 ο
2659 5663 2750 5705 τὸν
2795 5663 2850 5704 δε
2889 5663 3023 5726 ἄλλῃ
3067 5663 3291 5730 τοιαύτῃ
3332 5663 3669 5732 χρησάμενον

2101 5719 2375 5790 συμφορᾷ.
2409 5737 2428 5770 ι
2468 5720 2547 5775 Ex
2578 5721 2816 5791 antiquis
2862 5726 3008 5778 enim
3046 5726 3472 5793 imperatortbus
3500 5733 3533 5784 ii
3578 5730 3663 5800 qui

2099 5787 2295 5839 similia
2349 5790 2467 5839 ausi
2524 5791 2635 5839 Sim
2681 5802 3014 5839 nernetrare-
3068 5807 3190 5839 nngl
3232 5799 3434 5839 nulline
3474 5814 3664 5839 pannus

2099 5799 2295 5840 stnntta
2349 5799 2467 5844 ausi
2524 5799 2635 5845 sint
2680 5802 3017 5861 perpetrare,
3068 5807 3190 5866 post
3232 5799 3435 5853 multas
3474 5799 3664 5870 easque

2100 5856 2471 5917 intolerabiles
2496 5860 2836 5919 calamitates
2858 5904 2876 5931 ,
2907 5864 3053 5923 foedo
3094 5882 3162 5923 ac
3201 5868 3500 5927 miserabili
3522 5871 3663 5928 exitu
