3860 6512
218 430 307 485 837
1185 428 1537 485 ΗΙΞΤΟΒΙΙΕ
1575 429 1784 487 ECCLE

1889 431 2136 488 tSTlCAS'.
2178 433 2310 490 LIB.
2352 432 2442 492 IX.

3354 434 3460 492 838

217 547 452 610 πεσόντα,
493 547 673 620 πηρὸν
701 549 860 603 αὑτὸν
887 549 1129 621 ἀφίησιν.
1167 552 1229 604 Ὀ
1255 552 1301 605 δ’
1336 551 1428 604 ἐπὶ
1456 548 1664 615 τούτοις
1700 551 1780 606 ἔτι

1889 555 2001 610 haec
2065 572 2124 610 se
2201 558 2405 626 perpeti
2488 556 2808 623 confessus,
2871 556 3110 610 animam
3167 554 3456 611 exhalavit.

219 640 469 709 ἐμπνέων,
493 641 1027 714 ἀνθομολογούμενος
1052 643 1135 715 τῷ
1162 643 1373 716 Κυρίῳ,
1424 643 1651 698 θάνατον
1700 645 1791 699 ὲπ-

217 729 463 792 εκαλεῖτο,
496 734 592 785 καὶ
615 733 677 786 τὸ
720 732 1075 800 πανύστατον,
1109 735 1332 798 ἐνδίκως
1355 732 1528 788 ταῦτα
1554 734 1653 806 τῆς
1676 736 1817 791 κατά
1846 738 1942 794 τοῦ
1972 738 2205 813 Χριστοῦ
2231 741 2516 812 παροινίας
2553 739 2713 813 χάριν
2766 737 3103 811 ὁμολογήσας
3127 736 3338 803 παθεῖν,
3362 741 3459 809 τὴν

217 821 378 892 ψυχὴν
404 822 656 892 ἀφιησιν.

725 916 1119 969 ΚΕΦᾹΛΔῙΟΝ
1154 917 1258 972 IA'.

217 1002 345 1070 Περὶ
372 1001 482 1071 τῆς
522 1003 791 1072 ὑστάτης
824 1006 1124 1073 ἀπωλείας
1155 1006 1275 1060 τῶν
1300 1006 1411 1074 τῆς
1445 1007 1789 1073 θεοσεϐείας

587 1074 817 1143 ἐχθρῶν
839 1077 977 1146 (Μο.
1011 1076 1164 1130 Η.Ε.
1206 1092 1301 1139 vn,
1326 1078 1437 1147 39).

280 1165 431 1219 Οὕτω
456 1166 596 1236 δῆτα
622 1167 931 1238 Μαξιμίνου
961 1169 1205 1223 ἐκποδὼν
1237 1170 1554 1242 γενομένου,
1584 1171 1661 1235 ὠς
1691 1172 1789 1243 μό-

219 1275 297 1322 νος
321 1258 398 1312 ἔτι
424 1257 628 1312 λείπων
656 1258 765 1312 τῶν
797 1259 897 1329 τῆς
926 1260 1235 1326 θεοσεϐείας
1265 1262 1498 1335 ἐχθρῶν,
1535 1263 1790 1317 ἁπάντων

218 1351 471 1421 χείριστος
506 1352 824 1425 ἀναπέφηνε
849 1393 864 1415 ,
912 1353 980 1407 τὰ
1038 1354 1137 1425 μὲν
1181 1355 1282 1425 τῆς
1324 1355 1431 1408 τῶν
1483 1356 1790 1427 ἐκκλησιῶν

220 1440 554 1507 ἀνανεώσεως
586 1444 654 1498 ὲκ
695 1444 959 1515 θεμελίων
988 1447 1168 1517 χάριτι
1198 1446 1333 1500 Θεοῦ
1366 1447 1461 1501 τοῦ
1489 1447 1791 1519 παντοκρά-

218 1547 361 1601 τορος
404 1531 679 1604 ἠγείρετο,
724 1535 753 1587 ὅ
799 1550 858 1587 τε
887 1534 1124 1606 Χριστοῦ
1160 1535 1315 1605 λόγος
1361 1538 1445 1601 είς
1498 1537 1654 1602 δόξαν
1695 1537 1788 1593 τοῦ

221 1620 313 1673 τῶν
338 1620 472 1675 ὅλων
494 1622 632 1676 Θεοῦ
662 1623 1251 1697 διαλάμπων,.μείζονα
1287 1627 1386 1696 τὴν
1429 1628 1666 1701 πρόσθεν
1693 1630 1793 1684 ἀπ-

224 1711 484 1782 ελάμϐανε
515 1716 852 1787 παρρησίαν,
880 1714 950 1767 τὰ
986 1716 1043 1770 δὲ
1083 1718 1180 1789 τῆς
1209 1718 1523 1784 δυσσεϐείας
1551 1720 1659 1774 τῶν
1690 1721 1790 1791 τῆς

222 1802 512 1868 θεοσεϐείας
560 1805 769 1880 ἐχθρῶν
823 1808 1085 1880 αἰσχύνης
1134 1809 1228 1863 καὶ
1276 1810 1504 1882 ἀτιμίας
1553 1813 1790 1884 ἐσχάτης

222 1896 598 1966 ἐνεπίμπλατο.
651 1899 875 1971 Πρῶτός
918 1919 979 1954 τε
1019 1902 1129 1974 γὰρ
1161 1902 1324 1967 αὐτὸς
1369 1905 1575 1967 ἐκεῖνος
1611 1905 1789 1971 Μαξι-

225 1990 380 2056 μῖνος,
404 1988 663 2043 ἁπάντων
687 1990 1090 2062 πολεμιώτατος
1114 1992 1223 2065 (79)
1261 1993 1367 2046 ὑπὸ
1388 1994 1496 2048 τῶν
1526 1984 1789 2068 κρατούν-

2513 915 2739 973 CAPUT
2761 914 2852 970 XI.

1999 1030 2075 1086 De
2100 1033 2283 1085 ultimo
2303 1031 2460 1086 exitio
2487 1030 2714 1083 hostium
2732 1028 3050 1083 Christiana
3069 1027 3354 1098 religionis.

1960 1170 2020 1221 ln
2052 1168 2196 1223 hunc
2218 1166 2385 1236 igitur
2411 1167 2624 1221 modmn
2652 1164 2865 1218 sublato
2894 1179 2926 1219 e
2979 1164 3117 1219 vivis
3145 1162 3456 1225 Maximino.

1890 1261 1981 1328 qui
2016 1259 2163 1314 solus
2187 1273 2251 1312 ex
2288 1257 2562 1328 religionis
2590 1255 2834 1312 hostibus
2873 1256 3050 1310 adhuc
3097 1254 3319 1309 relictus
3348 1269 3461 1308 om-

1891 1365 1987 1404 nes
2011 1349 2353 1418 improbitate
2375 1349 2672 1417 superavit,
2702 1347 3056 1402 ecclesiarum
3088 1346 3303 1414 quidem
3327 1345 3461 1400 aedi-

1891 1442 2010 1496 licia
2044 1441 2427 1509 oumipotentis
2455 1439 2546 1493 Dei
2578 1439 2842 1493 beneﬁcio
2874 1438 2941 1492 ab
2980 1438 3113 1507 ipsis
3135 1436 3460 1492 fundamen-

1893 1533 1960 1587 tis
1996 1542 2249 1585 renovata
2280 1532 2721 1595 exstruebantur,
2764 1530 3073 1599 Christique
3101 1529 3349 1584 doctrina
3390 1527 3459 1581 ad

1890 1623 2114 1695 gloriam
2173 1622 2367 1677 summi
2400 1622 2642 1676 omnium
2695 1622 2787 1676 Dei
2839 1621 3209 1691 resplendeus,
3254 1618 3460 1688 majore

1889 1730 2050 1783 quam
2077 1724 2233 1768 antea
2267 1713 2516 1768 libertate
2542 1711 2647 1765 frui
2682 1711 2870 1780 crepit.
2907 1711 3057 1779 lmpii
3090 1726 3220 1766 vero
3252 1720 3306 1766 et
3332 1709 3462 1765 reli-

1888 1807 2064 1876 gionis
2119 1807 2326 1872 hostes,
2384 1819 2597 1859 summo
2644 1804 2909 1859 dedecore
2956 1810 3118 1873 atque
3163 1803 3455 1873 ignominia

1889 1900 2282 1954 aﬂiciehautur.
2312 1898 2552 1953 Primum
2581 1898 2722 1952 enim
2751 1897 3078 1952 Maximinus
3128 1897 3261 1965 ipse,
3286 1898 3459 1952 hostis

1889 1992 2136 2061 publicus
2172 1992 2241 2046 ab
2270 1989 2688 2060 imperatoribus
2741 1989 3102 2051 renuntiatus,
3136 1989 3328 2043 edictis
3359 2004 3460 2058 pu-

221 2098 315 2133 των
347 2081 770 2153 ἀναγορευθεὶς,
812 2084 1236 2148 δυσσεϐέστατος
1265 2086 1361 2140 καὶ⁹
1390 2085 1784 2159 δυσωνυμώτα-

1891 2086 2028 2140 blice
2058 2084 2347 2155 propositis
2370 2083 2722 2152 impiissimus
2750 2096 2815 2136 ae
2843 2081 3144 2136 detestandi
3202 2081 3459 2146 nominis,

222 2189 300 2236 τος
336 2174 426 2227 καὶ
473 2173 897 2245 θεομισέστατος
927 2175 1189 2246 τύραννος
1220 2176 1309 2230 διά
1338 2179 1790 2250 προγραμμάτων

221 2259 475 2331 δημοσίων
523 2263 957 2335 ἀνεστηλίτευτο,
1000 2265 1209 2336 γραφαί
1252 2282 1311 2318 τε
1353 2268 1476 2321 ὅσαι
1514 2272 1595 2333 είς
1627 2268 1790 2340 τιμὴν

222 2352 368 2405 αὐτοῦ
411 2352 509 2406 καὶ
549 2353 660 2406 τῶν
692 2353 855 2407 αύτοῦ
887 2356 1090 2408 παίδων
1123 2348 1265 2411 κατά
1299 2360 1479 2411 πᾶσαν
1512 2360 1791 2417 ἀνέκειντο

223 2445 379 2507 πόλιν,
413 2447 467 2500 αἱ
503 2446 603 2516 μὲν
634 2445 696 2511 ἐξ
724 2446 888 2517 ὕψους
918 2450 999 2511 είς
1046 2448 1241 2519 ἔδαφος
1284 2450 1641 2522 ῥιπτούμεναι
1674 2471 1792 2508 συν·

223 2538 498 2609 ετρίϐοντο,
537 2538 596 2592 αἱ
625 2538 678 2593 δὲ
710 2538 806 2602 τὰς
847 2539 1138 2612 προσόψεις
1163 2542 1496 2613 ἠχρειοῧντο,
1533 2546 1790 2618 σκοτεινῷ

190 2627 452 2701 ,χρώματι
503 2629 1078 2702 καταμελανούμεναι,
1113 2634 1443 2705 ἀνδριάντων
1484 2652 1545 2689 τε
1591 2638 1790 2707 ὁμοίως

219 2720 387 2772 ὁπόσςι
416 2721 500 2782 είς
528 2720 630 2791 τὴν
665 2719 828 2774 αὐτοῦ
858 2722 1020 2794 τιμὴν
1046 2723 1467 2795 διανεστήκεσαν
1486 2765 1500 2789 ,
1528 2725 1789 2791 ὡσαύτως

130 2820 135 2824 ’
222 2812 556 2884 ῥιπτούμενοι
606 2813 1016 2885 συνετρίϐοντο,
1073 2816 1248 2885 γέλως
1302 2820 1399 2873 καὶ
1442 2819 1635 2874 παιδιὰ
1678 2822 1788 2883 τοῖς
1828 2826 1839 2836 '

222 2904 503 2976 ἐνυϐρίζειν
524 2907 620 2959 καὶ
641 2908 991 2979 ὲμπαροινεῖν
1016 2907 1285 2964 ἐθέλουσιν
1306 2911 1456 2965 ὲκκεί
1463 2929 1632 2983 μενοι.
1656 2908 1789 2967 Εἶτα

220 2993 266 3047 δὲ
292 2998 379 3049 καὶ
409 2996 519 3049 τῶν
550 2996 728 3050 ἄλλων
772 2996 869 3067 τῆς
907 2996 1215 3062 θεοσεϐείας
1260 2999 1469 3071 ἐχθρῶν
1510 3002 1681 3054 πᾶσαι
1729 3002 1786 3054 αἱ

220 3090 360 3157 τιμαὶ
399 3087 796 3159 περιῃροῦντο,
829 3089 1132 3141 ἐκτείνοντο
1175 3090 1232 3144 δὲ
1272 3092 1367 3145 καὶ
1404 3091 1604 3156 πάντες
1641 3093 1690 3145 oi
1719 3091 1787 3145 τὰ

220 3178 507 3251 Μαξιμίνου
536 3179 882 3251 φρονοῦντες,
912 3180 1025 3233 ὅσοι
1057 3182 1290 3251 μάλιστα
1309 3184 1417 3237 τῶν
1449 3186 1509 3238 ὲν
1543 3186 1787 3257 ἀρχικοῖς

221 3270 508 3344 ἀξιώμασιν
552 3273 646 3325 ὑπ’
680 3271 845 3325 αὐτοῦ
898 3274 1289 3345 τετιμημένοι,
1334 3278 1401 3346 τῇ
1447 3276 1585 3347 πρὸς
1626 3277 1786 3331 αὑτὸν

220 3359 462 3433 κολακείᾳ
487 3360 738 3432 σοϐαρῶς
762 3360 1181 3434 ἐνεπαρῴνησαν
1201 3363 1279 3435 τῷ
1302 3364 1423 3418 καθ’
1446 3367 1593 3437 ἡμᾶς
1620 3366 1783 3438 λόγῳ·

1891 2174 2110 2244 Deoque
2133 2174 2340 2228 invisus
2373 2183 2634 2243 tyrannus
2656 2171 2956 2240 appellatus
2984 2180 3082 2226 est.
3118 2169 3222 2224 Sed
3245 2178 3300 2224 et
3330 2171 3464 2223 ima-

1892 2268 2043 2335 gines
2063 2281 2181 2334 quae
2212 2265 2311 2335 ipsi
2341 2264 2635 2331 liberisque
2661 2264 2782 2332 ejus
2824 2262 3053 2317 honoris
3075 2276 3240 2315 causa
3276 2260 3464 2328 posita:

1891 2371 1986 2425 per
2018 2354 2260 2426 singulas
2286 2368 2453 2425 prope
2489 2354 2651 2408 urbes
2679 2353 3013 2416 visebantur,
3046 2353 3165 2406 aliae
3193 2367 3225 2406 e
3244 2349 3460 2407 sublimi

1891 2449 2111 2516 deiectae
2140 2447 2538 2516 contractaeque
2575 2455 2702 2501 sunt
2730 2463 2745 2512 ;
2775 2447 2894 2501 aliae
2941 2447 3158 2501 inutiles
3213 2446 3460 2510 redditae,

1889 2543 2175 2596 obliterato
2214 2542 2421 2596 scilicet
2478 2541 2652 2611 nigris
2694 2541 2970 2596 coloribus
3033 2540 3202 2592 vultu.
3257 2538 3465 2593 Statua!

1890 2649 2105 2703 quoque
2130 2643 2395 2702 quotquot
2424 2633 2647 2688 honoris
2669 2633 2790 2702 ejus
2815 2648 2979 2688 causa
2997 2640 3192 2687 erectae
3221 2628 3460 2694 fuerant,

1889 2726 2111 2795 dejecta:
2143 2725 2395 2780 similiter
2422 2736 2584 2795 atque
2620 2726 2892 2790 contritae,
2941 2725 3160 2779 cunctis
3211 2723 3303 2793 qui
3346 2723 3461 2777 illit-

1889 2818 2019 2869 dere
2044 2828 2210 2885 atque
2255 2816 2518 2870 insultare
2568 2816 2892 2878 voluissent,
2946 2815 3012 2869 ad
3066 2814 3355 2868 ludibrium
3404 2822 3463 2868 et

1889 2907 2267 2960 contumeliam
2300 2907 2560 2975 exposita:
2592 2906 2763 2961 fuere.
2816 2905 3063 2960 Posthaec
3086 2906 3268 2961 eaeteri
3293 2906 3461 2959 etiam

1890 2995 2164 3066 religionis
2194 2995 2376 3050 hostes
2427 2997 2637 3050 cunctis
2668 2995 2974 3049 honoribus
3028 2994 3247 3063 spoliati
3313 3005 3458 3049 sunt.

1887 3088 2091 3144 Omnes
2125 3089 2360 3158 denique
2410 3088 2502 3157 qui
2553 3103 2581 3141 a
2614 3087 2891 3143 Maximini
2955 3089 3156 3158 pariter
3215 3088 3464 3157 partibus

1891 3182 2149 3241 Stabant;
2187 3181 2274 3248 qui
2306 3194 2416 3251 prae
2447 3178 2673 3249 reliqqu
2714 3182 3118 3249 provinciarum
3157 3180 3463 3236 rectoribus

1889 3275 1959 3327 ab
1990 3287 2055 3326 eo
2086 3272 2218 3325 culti
2247 3281 2299 3326 et
2334 3272 2533 3333 ornati,
2566 3280 2622 3324 ιιι
2646 3272 2696 3326 ei
2721 3282 3156 3337 assentarentur,
3200 3273 3464 3327 adversus

1891 3364 2203 3431 religionem
2239 3374 2481 3417 nostram
2517 3363 2813 3418 insolenter
2843 3363 3163 3419 debacchati
3217 3363 3460 3429 fuerant,

219 3443 313 3513 οἷος
334 3446 400 3522 ἦν
436 3452 465 3503 ὀ
510 3452 664 3523 παρά
695 3451 902 3516 πάντας
931 3452 1079 3523 αύτῷ
1106 3453 1432 3525 τιμιώτατος
1462 3457 1557 3512 κα)⁸
1584 3456 1784 3511 αἰδεσι-

1889 3454 2064 3523 eapite
2091 3453 2415 3523 plectuntur.
2441 3452 2517 3506 Ex
2537 3468 2770 3522 quorum
2795 3469 3024 3515 numero
3046 3454 3459 3519 fuitPicentius,

221 3539 470 3608 μὼτατος,
513 3541 745 3613 ἑταίρων
784 3558 841 3594 τε
888 3542 1253 3614 γνησιώτατος
1277 3583 1293 3606 ,
1327 3544 1617 3610 Πευκέτιος
1652 3547 1783 3618 (80),

218 3629 493 3696 δισύπατος
522 3633 619 3686 καὶ
664 3633 993 3704 τρισύπατος
1015 3676 1029 3700 ,
1075 3636 1167 3689 κα)⁸
1201 3636 1308 3690 τῶν
1336 3635 1565 3692 καθόλου
1606 3638 1780 3708 λόγων

218 3723 437 3796 ἔπαρχος
469 3725 581 3797 (81)
613 3724 752 3798 πρὸς
814 3726 979 3780 αὑτοῦ
1038 3728 1442 3800 καθεσταμένος
1461 3770 1476 3794 ,
1509 3730 1778 3784 Κουλκια-

216 3913 431 3982 periere.
482 3911 727 3967 Alterius
765 3913 908 3967 enim
957 3915 1132 3969 adhuc
1183 3912 1416 3968 viventis
1450 3916 1665 3984 pupillae
1712 3932 1780 3971 ex

217 3984 371 4037 oculis
395 3984 723 4037 exsiliernnt
760 3998 774 4035 :
818 3984 1093 4038 Maximini
1120 3987 1369 4040 videlicet
1397 3986 1572 4049 ;alter
1598 3987 1780 4040 furore

219 4054 483 4122 percitus;
520 4054 665 4124 alius
693 4053 795 4108 alio
824 4071 1115 4124 oppressus
1175 4058 1514 4110 incommodo
1548 4067 1774 4110 mortem

217 4125 444 4192 oppetiit.
509 4143 530 4176 ι
593 4122 765 4177 Porro
808 4122 1107 4195 imperator
1158 4128 1250 4195 qui
1315 4126 1496 4179 furore
1549 4127 1784 4194 percitus

217 4196 357 4259 obiit,
389 4195 758 4247 Diocletianus
802 4206 905 4248 est.
957 4194 1011 4249 Id
1054 4194 1198 4248 ettiut
1252 4197 1321 4251 de
1370 4196 1462 4249 illo
1515 4205 1785 4250 testantur

217 4265 467 4318 Eusebius
500 4275 557 4318 et
587 4263 996 4318 Constantinus.
1037 4264 1116 4318 De
1151 4266 1424 4320 Maximini
1461 4278 1639 4319 autem
1674 4282 1785 4320 cae-

216 4335 365 4388 citate
388 4335 559 4404 habes
571 4336 714 4400 apud
737 4335 1093 4402 Epiphanium
1115 4335 1166 4388 in
1191 4338 1329 4390 libro
1357 4335 1429 4389 De
1445 4338 1781 4404 ponderibus.

275 4405 381 4473 (79)
420 4402 741 4474 'Aadwcn:
758 4404 1214 4474 πολεμιώτατος.
1289 4402 1659 4474 Scribendunt
1706 4408 1786 4459 vi-

216 4472 670 4543 ιιειιιτπολέμιος.
705 4472 827 4527 Vult
872 4472 1017 4527 enim
1067 4472 1244 4531 dit-ere
1292 4477 1574 4541 Eusebius,
1614 4473 1786 4529 Maxi-

216 4545 404 4598 minum
456 4545 671 4598 hostem
725 4547 997 4613 public-um
1044 4560 1165 4600 esse
1207 4548 1567 4600 declaratum.
1625 4548 1777 4611 Quod

215 4615 519 4667 solemniter
552 4616 717 4668 (iebat
742 4626 963 4669 senatus
997 4619 1271 4679 consulto,
1298 4626 1356 4670 ut
1390 4618 1585 4670 docent
1633 4618 1775 4669 scri-

216 4696 383 4756 ptores
402 4683 660 4756 Historiae
686 4687 940 4756 Augustae
964 4687 1142 4741 multis
1169 4688 1220 4740 in
1251 4687 1403 4749 locis,
1421 4696 1477 4739 et
1505 4687 1776 4755 prmcipue

216 4754 293 4807 ubi
323 4756 387 4809 de
415 4754 739 4808 Maximum.

276 4825 382 4894 (80)
410 4823 755 4896 Πευκέτιος.
812 4823 1113 4878 Picentium
1162 4827 1298 4881 verti
1345 4842 1362 4882 :
1405 4841 1511 4896 quo
1558 4825 1777 4880 nomine

213 4897 417 4961 quidam
446 4898 552 4965 luit
582 4895 945 4949 calumniator
972 4895 1274 4949 Constantii
1310 4895 1643 4965 temporibus
1664 4936 1681 4960 ,
1717 4906 1776 4949 ut

212 4967 390 5018 scribit
420 4964 674 5018 Zosimus
698 4967 750 5018 in
775 4966 880 5017 line
909 4966 1000 5019 lib.
1031 4981 1087 5019 ιι.
1131 4967 1291 5021 Certe
1316 4964 1495 5021 Latini
1522 4966 1776 5021 Picentes

212 5046 411 5102 vocant,
441 5051 580 5102 quos
606 5031 780 5088 Gra-ci
812 5035 1153 5099 Πευκετίους.

274 5105 381 5176 (81)
420 5105 548 5160 Τῶν
587 5105 847 5159 καθόλου
892 5107 1088 5176 λόγων
1124 5107 1407 5177 ἔπαρχος.
1452 5106 1775 5162 Praefectum

212 5177 458 5250 praetorio
489 5177 804 5250 intelligere
821 5177 1034 5230 videtur
1061 5194 1074 5250 ς
1112 5178 1348 5250 ἔπαρχος
1374 5180 1661 5250 enimnon
1690 5179 1777 5250 di-

212 5250 342 5297 citur
360 5247 461 5299 nisi
482 5247 552 5298 de
569 5244 836 5316 praefectis
861 5247 1133 5313 prmtoriu,
1156 5268 1181 5298 a
1191 5244 1245 5301 ιιί
1256 5244 1410 5301 ἰιι-ιιι.
1437 5247 1589 5302 Adde
1611 5248 1775 5316 quod,

210 5328 320 5368 cum
336 5315 838 5370 Eusebiusaﬂirmet
854 5317 1150 5370 l'icentium
1173 5317 1401 5372 sunnuis
1417 5318 1711 5371 honoribus
1724 5328 1780 5372 et

211 5386 474 5452 geminato
490 5387 783 5439 consulatu
810 5395 1056 5440 ornatum
1079 5389 1248 5442 fuisse
1272 5404 1301 5440 a
1320 5385 1637 5452 Maximino,
1691 5388 1776 5440 in.

209 5466 378 5526 cptum
409 5466 560 5526 esset
581 5457 780 5521 dicere,
799 5472 920 5510 eum
937 5471 1340 5526 procuratorem
1364 5470 1587 5511 summa:
1612 5457 1687 5512 rei
1713 5457 1780 5513 ab

212 5523 295 5577 illo
310 5525 508 5579 factum
529 5525 724 5592 fuisse,
749 5540 868 5594 qua:
904 5523 1063 5584 eitilis
1088 5527 1378 5580 admodum
1398 5527 1635 5596 dignitas
1655 5528 1777 5582 fuit.

213 5596 307 5647 Sed
338 5606 534 5664 contra
563 5598 707 5649 hanc
740 5600 1065 5657 sententiam
1094 5596 1229 5650 facit
1259 5600 1458 5660 primo,
1494 5598 1636 5664 quod
1670 5597 1780 5651 τῶν

212 5663 427 5718 καθόλου
442 5665 620 5734 λόγων
640 5666 901 5720 vocabulo
916 5681 1129 5735 semper
1166 5667 1430 5721 Eusebius
1464 5663 1780 5722 rationalem

214 5747 299 5788 acu
326 5748 733 5804 procuratorem
759 5751 984 5791 summa:
1004 5737 1083 5790 rei
1112 5737 1382 5804 designat,
1405 5745 1463 5789 ut
1493 5751 1655 5806 supra
1685 5746 1785 5792 no-

219 5809 435 5875 tavimus
452 5822 566 5860 non
592 5807 781 5862 semel.
806 5807 1007 5861 Deinde
1057 5806 1341 5873 przel'ectus
1370 5816 1519 5875 prmi.
1542 5808 1785 5861 Maximi-

217 5876 263 5927 ni
291 5876 386 5929 fuit
416 5874 675 5937 Sabinus.
701 5885 935 5948 utsupra
959 5878 1190 5933 vidimus
1220 5892 1363 5931 anno
1384 5879 1581 5933 Christi
1606 5879 1664 5932 5i
1681 5879 1707 5933 l
1729 5890 1784 5933 et

1892 3548 1949 3603 in
1974 3561 2188 3603 summo
2214 3546 2418 3602 honore
2449 3560 2514 3600 ac
2539 3547 2892 3601 veneratione
2913 3550 2982 3603 ab
3013 3549 3199 3603 eodem
3224 3549 3460 3613 habitus,

1887 3650 1938 3693 et
1969 3638 2231 3694 sodalium
2260 3637 2502 3691 omnium
2546 3638 2704 3708 longe
2730 3638 3091 3694 charissimus
3122 3656 3138 3693 :
3173 3655 3332 3709 quem
3372 3639 3463 3695 ille

1889 3732 2085 3787 iterum
2114 3746 2180 3786 ac
2208 3731 2369 3785 tertio
2402 3729 2677 3785 consulem
2708 3741 2771 3786 et
2800 3730 3114 3801 prterea-tum
3161 3748 3226 3788 ac
3275 3747 3464 3803 procu-

1884 3913 2010 3969 512.
2043 3910 2151 3985 Nec
2181 3924 2310 3963 vero
2333 3910 2570 3980 dignitas
2601 3910 2689 3966 illa
2727 3915 3092 3981 procuratoris
3110 3931 3337 3971 summa:
3357 3920 3459 3985 rei,

1887 3985 2028 4039 inter
2050 3982 2184 4035 viles
2216 3997 2277 4035 ac
2308 3994 2606 4049 postremas
2630 3985 2962 4038 numeranda
2988 3996 3090 4039 est.
3112 3985 3247 4041 Nam
3275 3997 3329 4041 et
3350 3982 3460 4043 Ma;

1885 4056 2126 4117 criauus,
2156 4054 2203 4103 is
2232 4053 2320 4125 qui
2351 4049 2728 4125 sttbAGallieHo
2752 4054 3035 4125 imperium
3065 4057 3312 4125 arripuit,
3335 4074 3457 4114 eum

1886 4123 2357 4195 honoremgessu;
2387 4131 2439 4175 et
2464 4123 2725 4195 Eusebius
2749 4124 2863 4195 ipse
2889 4128 2939 4179 in
2966 4127 3057 4180 lib.
3087 4123 3195 4191 rm,
3220 4143 3343 4195 cap.
3368 4130 3456 4192 lO,

1881 4194 2055 4267 ἀρχὴν
2103 4192 2164 4277 ού
2210 4193 2309 4264 τὴν
2337 4192 2603 4277 τυχοζῦσαν
2634 4194 2889 4277 appellat,
2923 4198 3008 4277 "ill
3052 4192 3458 4277 depltiloromo

1883 4264 2404 4334 martyre‘loquttur.
2441 4264 2590 4329 Quod
2622 4275 2801 4316 autem
2828 4268 2913 4334 ait
2946 4265 3234 4329 Eusebius,
3264 4267 3458 4323 Picen-

1884 4331 2094 4388 tium'a
2143 4331 2438 4387 Maximino
2494 4334 2575 4386 bis
2612 4347 2675 4385 ac
2716 4333 2874 4386 tertio
2918 4336 3195 4389 consulem
3250 4336 3454 4393 factum

1883 4407 2068 4467 luisse,
2107 4419 2211 4478 non
2240 4403 2505 4478 modicam
2528 4404 2687 4478 habet
2715 4402 3107 4478 (liliicultatem.
3139 4405 3257 4460 Jam
3290 4422 3454 4478 sapia

1879 4474 2314 4537 observavimus,
2351 4472 2699 4526 Maximinum
2730 4474 2954 4542 Augusti
2991 4491 3187 4529 nomen
3228 4478 3330 4531 sibi
3356 4472 3454 4533 ’³3-

1882 4544 2177 4614 sumpsisse
2229 4553 2348 4609 post
2395 4543 2599 4596 obitum
2641 4542 2865 4610 Galerii,
2896 4560 3039 4600 anno
3079 4546 3282 4602 Christi
3324 4548 3452 4603 511.

1879 4614 2048 4682 Igitur
2097 4624 2223 4666 ante
2267 4616 2367 4667 hoc
2404 4623 2614 4683 tempus
2662 4630 2785 4667 cum
2833 4616 3016 4670 Caesar
3048 4624 3256 4669 tantum
3285 4632 3452 4683 esset,

1880 4684 2181 4739 Picentium
2225 4682 2502 4738 consulem
2550 4682 2730 4755 facere
2771 4701 2874 4739 non
2923 4688 3114 4755 p0tuit.
3152 4684 3263 4739 Soli
3308 4682 3454 4743 enim

1879 4757 2107 4823 Augusti
2133 4754 2804 4827 creatuloruinconsultum
2834 4756 2924 4825 jus
2958 4757 3249 4827 habebant.
3270 4755 3456 4827 Itaque

1881 4820 2003 4895 post
2018 4834 2252 4878 mortem
2271 4820 2819 4895 GaleriiMaxitniuus
2835 4820 3067 4895 seipsutu
3082 4820 3452 4884 ctPiceutiunt

1882 4893 2068 4948 eodem
2115 4911 2255 4949 anno
2305 4894 2581 4965 consulem
2636 4893 2949 4948 declaravit.
3002 4893 3273 4965 Sequente
3324 4901 3452 4953 item

1884 4979 2027 5019 anno
2052 4964 2373 5017 Maximinus
2397 4979 2433 5017 ιι
2460 4974 2510 5016 et
2536 4964 2808 5019 Picentius
2825 4981 2860 5019 ιι
2888 4964 3143 5021 consules
3161 4966 3376 5021 fuerunt
3401 4973 3453 5022 in

1784 5061 1786 5063 >
1882 5035 2122 5091 Oriente.
2140 5050 2262 5089 cum
2283 5036 2333 5087 in
2353 5033 2645 5088 Occidente
2665 5037 3053 5089 Constantinus
3078 5052 3116 5090 ιι
3140 5045 3194 5089 et
3217 5036 3457 5093 Licinius

1884 5107 2135 5160 consules
2157 5115 2340 5159 essent
2373 5121 2387 5156 :
2424 5106 2475 5157 in
2508 5103 2654 5157 italia
2689 5119 2815 5157 vero
2843 5116 2898 5157 et
2930 5104 3116 5161 Africa
3151 5108 3456 5162 Maxentius

1886 5185 2139 5247 quartum
2163 5175 2330 5230 solus.
2357 5173 2553 5247 Secuto
2584 5175 3026 5247 tleittceps‘anuo,
3051 5177 3141 5247 qui
3178 5175 3277 5231 fuit
3295 5177 3456 5233 Citri-

1885 5247 1954 5300 sti
1981 5246 2108 5310 515,
2134 5248 2274 5299 idem
2313 5244 2636 5298 Maximinus
2662 5260 2723 5297 ιιι
2745 5257 2799 5298 et
2826 5244 3100 5302 Picentius
3123 5264 3179 5303 ιιι
3205 5249 3457 5304 consules

1887 5316 1940 5369 iu
1976 5314 2199 5371 Oriente
2229 5315 2468 5379 luerunt,
2501 5324 2559 5367 ut
2590 5329 2671 5385 ex
2714 5318 2815 5369 hoc
2859 5317 3050 5385 insigni
3086 5320 3301 5373 Eusebii
3334 5317 3455 5373 loco

1923 5388 2169 5455 erspicue
2231 5385 2514 5454 colligitur.
2589 5381 2775 5454 Neque
2832 5381 2992 5442 enim—
3032 5390 3291 5445 credibile
3347 5403 3452 5456 εει,

1887 5404 2239 5510 glaximinum
2271 5456 2424 5509 alteri
2462 5454 2678 5510 quidem
2713 5458 2965 5510 tribuisse
3000 5462 3215 5510 tertium
3257 5474 3452 5510 consu-

1916 5454 2239 5510 laxitninum
2271 5456 2424 5509 alteri
2462 5454 2678 5523 quidem
2713 5458 2965 5512 tribuisse
3000 5462 3215 5512 tertium
3257 5454 3457 5514 consu-l

1888 5528 2076 5587 latnm,
2109 5529 2293 5595 ipsum
2323 5540 2451 5578 vero
2483 5541 2547 5576 ne
2580 5527 2745 5579 semel
2773 5528 2989 5595 quidem
3017 5529 3290 5584 consulem
3320 5528 3458 5586 fuis-

1888 5613 1966 5652 se.
1996 5598 2156 5651 Certe
2180 5597 2232 5649 in
2258 5594 2514 5649 Chronico
2536 5594 2901 5650 Alexandrino
2929 5597 3175 5654 Galerius
3206 5598 3458 5654 Maximi-

1890 5683 1988 5721 nus
2029 5668 2213 5721 consul
2268 5668 2491 5734 pouitur
2528 5680 2649 5718 eum
2703 5666 3028 5723 Maximiano
3081 5672 3454 5736 vutcmtsule,

1889 5739 1981 5805 qui
2013 5748 2096 5791 est
2128 5751 2299 5806 annus
2328 5736 2528 5789 Christi
2556 5736 2682 5789 5H.
2732 5738 3049 5806 Quanquam
3083 5742 3135 5805 in
3168 5742 3258 5795 illo
3284 5739 3456 5795 Chro-

1892 5808 2017 5881 nico
2038 5808 2235 5881 dicitur
2267 5805 2525 5881 Galerius
2545 5806 2829 5881 Maximus.
2861 5805 2967 5863 Nos
3003 5812 3165 5881 igitur
3197 5821 3307 5865 tres
3340 5810 3457 5863 Ma-

1893 5878 2078 5932 xituiui
2106 5877 2420 5932 consulatus
2449 5878 2607 5942 primi
2637 5884 2877 5934 omnium
2905 5877 3338 5938 observavimus»
3370 5882 3449 5937 lt‘J
