3860 6492
417 411 525 469 839

1131 393 1399 459 EUSEBII
1432 385 1917 456 CESARIENSIS
1953 395 2103 454 OPP.
2140 392 2322 453 PARS
2357 397 2398 453 1.
2433 426 2504 437 --
2541 387 2932 452 IllSTORlCA.

3561 398 3657 453 813i

422 537 662 584 ratorem
690 538 916 581 summa
941 522 1015 578 rei
1040 529 1340 576 creaverat.
1390 518 1456 572 Et
1482 517 1772 572 Culcianus
1816 517 1991 571 omni-

2098 517 2180 582 νὸς
2211 517 2320 588 (82)
2353 533 2413 570 τε
2465 516 2726 580 ὡσαύτως
2754 517 2840 570 διὰ
2883 517 3065 588 πάσης
3103 519 3342 590 ἀρχικῆς
3387 517 3659 590 προελθὼν

419 621 524 677 bus
551 620 806 676 similiter
833 611 1239 685 magistratibus
1267 619 1323 664 et
1356 609 1756 681 provinciarum
1810 609 1986 662 admi-

423 711 833 768 nistrationibus
882 705 1220 775 perfunctus,
1282 702 1375 771 qui
1421 711 1477 756 et
1532 703 1646 771 ipse
1691 699 1990 756 innumeris

422 805 848 860 Christianorum
877 797 1116 851 czedibus
1143 795 1284 860 apud
1320 793 1612 864 Egyptum
1637 792 1990 846 inclaruerat.

422 896 526 952 Alii
555 893 714 966 367
743 899 1002 960 praeterea
1040 901 1144 940 non
1192 885 1372 955 pauci,
1431 900 1460 937 a
1507 883 1706 954 quibus
1772 882 1993 951 potissi-

423 1002 569 1041 mum
599 982 913 1038 confirmata
943 981 999 1034 et
1024 987 1184 1031 aucta
1233 989 1356 1033 esse
1384 975 1660 1032 Maximini
1715 975 1990 1046 tyrannica

423 1075 714 1132 crudelitas
745 1073 1050 1126 videbatur.
1099 1069 1273 1125 Porro
1306 1071 1470 1122 etiam
1512 1067 1880 1123 Theotecuutn
1926 1067 1994 1122 ad

421 1169 744 1240 supplicium
780 1166 1008 1220 vocabat
1051 1163 1232 1218 divina
1291 1162 1526 1230 iustitia,
1581 1162 1994 1230 haudquaquam

421 1261 590 1316 oblita
616 1273 806 1314 eorum
843 1271 961 1325 quae
1003 1255 1092 1309 ille
1122 1252 1385 1308 adversus
1437 1253 1778 1307 Christianos
1805 1263 1996 1321 perpe-

420 1359 684 1406 traverat.
713 1346 922 1402 Etenim
952 1345 1021 1398 ob
1057 1343 1413 1399 simulacrum
1457 1342 1584 1396 illud
1638 1341 1778 1412 quod
1808 1339 1995 1395 Antio-

422 1442 560 1495 chize
594 1445 1039 1498 consecraverat,
1066 1434 1416 1504 prosperiore
1442 1431 1661 1487 fortuna
1703 1431 1778 1484 uti
1825 1431 1995 1495 visus,

421 1533 585 1587 etiam
611 1544 812 1602 presses
839 1528 1131 1598 provinciae
1177 1541 1206 1579 a
1240 1525 1532 1580 Maximino
1572 1523 1746 1578 factus
1797 1521 1992 1576 fuerat.

427 1622 532 1677 Sed
559 1637 682 1676 cum
715 1619 958 1675 Licinius
999 1615 1341 1672 Antiochiam
1389 1613 1648 1676 venisset,
1678 1622 1731 1665 et
1792 1610 2000 1680 praasti-

424 1712 664 1783 giatores
697 1708 1063 1778 pervestigare
1119 1719 1182 1760 ac
1212 1701 1616 1773 deprehendere
1652 1699 1995 1764 instituisset,

425 1814 568 1866 inter
609 1816 834 1863 caeteros
877 1806 1038 1860 etiam
1085 1799 1208 1856 novi
1249 1797 1397 1852 illius
1436 1792 1716 1849 simulacri
1757 1792 1991 1862 prophe-

2089 611 2360 675 ἐξουσίας,
2377 612 2406 663 ὁ
2435 611 2529 663 καὶ
2563 610 2724 674 αὐτὸς
2749 611 2961 682 μυρίοις
2973 614 3083 674 τοῖς
3103 612 3222 665 κατ’
3240 611 3516 679 Αἴγυπτον
3531 613 3656 682 X9:-

2091 701 2321 755 στιανῶν
2377 701 2886 772 ὲλλαμπρυνόμενος
2943 702 3199 773 αἴμασιν,
3255 700 3408 756 ἄλλοι
3462 716 3522 753 τε
3573 703 3661 754 ιπι

2087 791 2299 856 τούτοις
2330 793 2430 845 οὐκ
2457 791 2646 860 ὀλίγοι,
2688 791 2756 845 δι’
2780 786 2855 846 ὧν
2888 793 3119 864 μάλιστα
3146 793 3214 846 τά
3238 792 3340 863 τῆς
3361 789 3660 860 Μαξιμίνου

2089 883 2400 956 τυραννίδος
2437 884 2790 954 ἐκραταιοῦτο
2836 901 2896 938 τε
2944 885 3036 938 καὶ
3083 883 3297 957 ηὔξετο.
3357 883 3570 936 Ἐκάλει
3609 883 3662 936 δὲ

2089 975 2199 1048 ἄρα
2243 975 2338 1030 καὶ
2367 975 2654 1030 Θεότεκνον
2695 977 2806 1047 (85)
2853 979 2886 1048 ή
2937 976 3082 1046 δίκη,
3121 976 3376 1047 οὐδαμῶς
3417 975 3486 1028 τὰ
3531 976 3664 1029 κατὰ

2090 1069 2430 1142 Χριστιανῶν
2479 1067 2628 1138 αὐτῷ
2676 1068 3038 1139 πεπραγμένα
3093 1067 3231 1139 λήθῃ
3280 1066 3661 1136 παραδιδοῦσα.

2105 1161 2228 1214 Ἐπὶ
2274 1159 2372 1231 μὲν
2412 1159 2521 1230 γὰρ
2570 1158 2649 1230 τῷ
2691 1160 2810 1212 κατ’
2861 1158 3184 1228 Ἀντιόχειαν
3229 1158 3499 1230 ἱδρυθέντι
3545 1158 3664 1229 παρ’

2091 1251 2258 1308 αὐτοῦ
2307 1252 2480 1322 ξοάνῳ
2526 1249 2684 1318 δόξας
2730 1251 3040 1323 εὐημερεῖν,
3085 1253 3187 1322 ἤδη
3230 1253 3327 1304 καὶ
3377 1251 3666 1322 ἡγεμονίας

2093 1345 2294 1416 ἠξίωτο
2348 1345 2498 1415 παρά
2544 1344 2869 1414 Μαξιμίνου.
2922 1343 3192 1407 Λικίννιος
3239 1345 3283 1398 δ’
3321 1343 3522 1406 ἐπιϐὰς
3574 1347 3666 1414 τῆς

2107 1435 2422 1506 Ἀντιοχέων
2455 1435 2692 1499 πόλεως,
2727 1437 2915 1507 φωράν
2950 1455 3010 1490 τε
3043 1437 3252 1508 γοήτων
3282 1438 3664 1508 ποιησάμενος,

2092 1526 2220 1589 τοὺς
2244 1525 2338 1579 τοῦ
2381 1524 2679 1594 νεοπαγοῦς
2723 1524 2908 1590 ξοάνου
2934 1527 3215 1597 προφήτας
3248 1526 3344 1580 καί⁵
3377 1527 3543 1597 ἱερεῖς
3576 1525 3666 1596 βα-

2097 1617 2278 1681 σάνοις
2315 1618 2570 1690 ᾐκίζετο,
2609 1616 2718 1670 τίνι
2755 1617 2899 1687 λόγῳ
2942 1616 3037 1687 τὴν
3080 1617 3294 1687 ἀπάτην
3332 1616 3666 1688 καθυπεκρί·

2095 1727 2248 1765 νοντο
2301 1709 2719 1780 πυνθανόμενος.
2780 1698 2870 1772 ⁴Ως
2919 1707 2964 1761 δ’
3004 1706 3442 1779 ἐπικρύπτεσθαι
3494 1709 3667 1773 αὐτοῖς

2097 1802 2233 1874 πρὸς
2279 1801 2388 1856 τῶν
2443 1801 2688 1872 βασάνων
2740 1799 3216 1870 συνελαυνομένοις
3269 1798 3534 1852 ἀδύνατον
3585 1796 3666 1870 ἦν,

423 1913 509 1958 tas
549 1909 602 1956 et
641 1897 954 1954 sacerdotes
999 1891 1284 1948 tormentis
1332 1886 1586 1957 subjecit,
1627 1898 1735 1953 qua
1783 1883 1994 1937 ratione

2098 1871 2318 1967 ἐδήλουν
2339 1896 2396 1949 δὲ
2422 1871 2483 1949 τὸ
2513 1897 2618 1946 πᾶν
2644 1894 2938 1965 μυστήριον
2964 1893 3178 1960 ἀπάτην
3198 1891 3492 1961 τυγχάνειν
3517 1891 3670 1964 τέχνῃ

427 1993 675 2048 fraudem
715 1990 1141 2044 concinnassent
1182 1983 1543 2049 interrogans.
1584 1975 1687 2042 Qui
1732 1989 1854 2028 cum
1901 1989 1994 2029 ve-

434 2076 653 2130 ritatem
707 2073 939 2143 amplius
969 2072 1146 2127 celare
1177 2085 1282 2126 non
1330 2080 1551 2140 possent
1608 2071 1656 2124 vi
1712 2079 2004 2124 tormento-

433 2183 554 2221 rum
585 2166 787 2231 adacti,
814 2166 1088 2233 totiusque
1111 2162 1357 2234 mysterii
1389 2177 1604 2216 scenam
1636 2177 1664 2215 a
1691 2161 2004 2216 Tbeotecno

431 2263 550 2307 arte
579 2253 811 2323 quadam
861 2251 1216 2321 compositam
1263 2249 1429 2306 fuisse
1480 2250 1818 2316 faterentur;
1858 2250 2002 2306 Lici-

432 2347 557 2402 nius
613 2347 804 2402 merito
842 2345 1105 2415 supplicio
1161 2354 1386 2400 cunctos
1451 2343 1711 2409 alliciens,
1771 2344 2001 2414 primtun

431 2439 650 2507 quidem
688 2436 1058 2490 Theotccnum
1087 2435 1284 2504 ipsum,
1313 2435 1506 2490 deinde
1544 2433 1778 2504 reliquos
1797 2433 2004 2491 fraudis

431 2543 496 2582 ac
519 2529 914 2598 praestigiarum
943 2526 1191 2580 conscios
1221 2540 1286 2579 ac
1333 2527 1642 2595 participes,
1687 2535 1804 2596 post
1832 2525 2001 2594 pluri-

433 2633 553 2674 mos
589 2619 864 2674 cruciatus
889 2615 1124 2670 interfici
1144 2615 1328 2684 jussit.
1360 2617 1576 2687 Adjecti
1618 2629 1745 2672 sunt
1774 2619 1860 2672 his
1885 2632 2003 2672 om-

431 2714 596 2768 nibus
625 2713 788 2767 etiam
819 2711 1101 2765 Maximini
1131 2711 1286 2765 liberi
1313 2726 1328 2776 ;
1359 2727 1495 2780 quos
1521 2711 1607 2765 ille
1640 2711 1752 2780 jam
1791 2713 2001 2780 imperii

430 2815 714 2861 consortes
759 2813 812 2859 et
850 2806 1127 2859 titulorum
1174 2815 1334 2872 atque
1377 2804 1668 2874 imaginum
1717 2804 2018 2874 participes

430 2895 656 2952 fecerat.
684 2897 921 2966 Denique
947 2896 1234 2966 propinqui
1261 2910 1447 2951 omnes
1477 2895 1715 2966 tyranni,
1741 2896 1830 2964 qui
1858 2895 2000 2951 fastu

428 2997 485 3044 et
513 2987 806 3045 insolentia
845 2989 973 3043 elati
1032 2997 1259 3043 cunctos
1293 2987 1555 3041 mortales
1608 2987 1850 3058 potentia
1904 3002 2002 3043 sua

427 3088 841 3147 Oppresseraut,
876 3080 1064 3134 eadem
1089 3093 1212 3132 cum
1245 3078 1348 3131 illis
1373 3092 1510 3148 quos
1535 3092 1697 3147 supra
1739 3093 2002 3134 memora-

429 3173 604 3224 vimus
631 3186 846 3226 summa
877 3187 1001 3225 cum
1031 3170 1327 3241 ignominia
1353 3172 1593 3240 perpessi
1625 3180 1769 3226 sunt.
1794 3171 2002 3240 Quippe
2021 3209 2063 3266 ϐ

428 3263 519 3332 qui
550 3262 891 3334 disciplinam
930 3278 1032 3316 non
1071 3264 1443 3331 accepissent;
1481 3277 1655 3332 neque
1680 3263 2002 3318 admonitio-

428 3372 552 3410 nem
604 3356 750 3409 illam
804 3355 1200 3410 intellexissent
1252 3370 1316 3409 ac
1350 3356 1721 3424 percepissent
1777 3369 1900 3422 qua:
1948 3354 2000 3406 in

426 3448 602 3503 sacris
632 3447 858 3503 Litteris
894 3447 973 3500 sic
1007 3447 1151 3501 edita
1181 3457 1268 3502 est
1305 3464 1320 3502 :
1360 3462 1380 3497 ι
1424 3445 1600 3500 Nolite
1622 3444 1897 3501 confidere
1947 3443 2002 3498 in

429 3541 787 3609 principibus,
825 3540 877 3593 iu
914 3539 1038 3594 liliis
1066 3541 1343 3594 hominum
1368 3540 1419 3593 in
1442 3539 1638 3609 quibus
1668 3552 1774 3592 non
1805 3548 1888 3592 est
1913 3551 2003 3592 sa-

429 3634 535 3688 lus.
574 3634 756 3688 Exibit
801 3633 1032 3702 Spiritus
1082 3632 1201 3701 ejus
1227 3644 1284 3687 et
1336 3641 1643 3687 revertetur
1688 3631 1740 3684 in
1802 3641 2004 3683 terram

428 3747 584 3785 suam
618 3750 631 3786 :
666 3731 720 3784 in
770 3730 860 3784 illa
915 3731 1002 3784 die
1071 3730 1324 3799 peribunt
1393 3741 1584 3784 Omnes
1645 3725 2005 3797 cogitationes

429 3837 617 3876 eorum
643 3819 710 3876 ³³.
743 3840 764 3874 ι
794 3819 884 3875 Sic
909 3820 1070 3890 igitur
1088 3821 1235 3874 omni
1261 3820 1524 3874 malorum
1549 3819 1785 3875 colluvie
1806 3801 2006 3886 expur-

429 3925 579 3982 gata,
620 3912 750 3966 Solis
787 3911 1144 3967 Constantino
1167 3926 1232 3966 ac
1281 3911 1492 3965 Licinio
1536 3910 1830 3978 imperium
1861 3907 2008 3976 quod

431 4006 566 4076 ipsis
590 4005 950 4074 competebat,
978 4003 1191 4057 firmum
1222 4004 1460 4070 nullique
1475 4001 1765 4057 obnoxium
1791 3998 2008 4054 invidiae

429 4097 716 4153 remansit.
743 4096 844 4163 Qui
880 4112 1003 4150 cum
1034 4095 1424 4150 beneficiorum
1479 4107 1599 4163 qua:
1630 4108 1662 4148 a
1694 4091 1804 4146 Deo
1853 4105 2008 4145 acce-

428 4202 621 4263 perant
649 4191 750 4247 sibi
788 4189 990 4245 conscii
1039 4196 1244 4252 essent,
1293 4198 1422 4240 ante
1452 4186 1631 4240 omnia
1669 4185 1947 4253 impietate
1975 4197 2007 4236 e

429 4284 612 4338 medio
659 4285 892 4349 sublata,
951 4285 1191 4339 studium
1253 4281 1492 4339 virtutis.
1539 4278 1707 4333 divini
1765 4274 2007 4329 numinis

430 4383 668 4424 amorem
687 4380 740 4424 et
761 4370 1037 4440 pietatem,
1057 4376 1380 4439 gratumque
1395 4380 1522 4438 erga
1547 4359 1715 4420 Deum
1738 4365 2003 4432 animum,

431 4460 554 4514 latis
569 4476 667 4530 pro
679 4460 1118 4515 Christianorum
1135 4459 1392 4530 religione
1407 4456 1615 4529 legibus
1627 4454 1998 4513 declararunt.

597 4546 748 4602 Finis
795 4549 916 4602 libri
957 4550 1080 4603 noui
1111 4548 1366 4604 Historiis
1395 4544 1781 4602 ecclesiasticaz.

489 4696 537 4730 ⁸⁸
569 4697 708 4754 Psal.
743 4715 930 4765 exuit,
959 4697 1086 4754 2-4.

2097 1991 2163 2060 τῇ
2196 1988 2486 2041 Θεοτέκνου
2523 1985 3013 2057 μεμηχανημένην,
3061 1987 3170 2047 τοῖς
3209 1985 3348 2036 πᾶσι
3391 1984 3492 2054 τὴν
3523 1983 3670 2049 ἀξίαι

2099 2077 2307 2142 ἐπιθεὶς
2339 2077 2512 2150 δίκην,
2555 2076 2769 2148 πρῶτον
2798 2076 2959 2129 αὐτὸν
2990 2075 3300 2137 Θεότεκνον,
3338 2069 3460 2126 εἶτα
3498 2073 3554 2126 δὲ
3586 2075 3669 2127 καὶ

2097 2173 2221 2235 τοὺς
2251 2171 2350 2240 τῆς
2381 2168 2634 2240 γοητείας
2678 2169 2999 2231 κοινωνοὺς,
3058 2167 3194 2238 μετά
3245 2165 3507 2228 πλείστας
3548 2166 3670 2228 ὅσας

2096 2261 2281 2326 αἰκίας
2315 2260 2528 2331 Θανάτῳ
2558 2259 2911 2331 παραδίδωσι.
2950 2258 3170 2322 Τούτοις
3208 2258 3381 2312 ἅπασι
3430 2256 3672 2330 προσετί-

2099 2354 2253 2408 θεντο
2278 2354 2371 2406 καὶ
2397 2354 2446 2405 οἱ
2471 2351 2780 2423 Μαξιμίνου
2819 2351 3006 2414 παῖδες
3046 2350 3138 2414 οὓς
3175 2351 3276 2422 ἤδη
3314 2352 3410 2404 καὶ
3449 2351 3548 2422 τῆς
3582 2350 3671 2420 βαέ

2099 2447 2310 2518 σιλικῆς
2341 2445 2534 2516 τιμῆς,
2577 2448 2677 2517 τῆς
2713 2462 2772 2498 τε
2802 2447 2860 2497 ὲν
2885 2444 3065 2509 πίναξι
3091 2446 3185 2498 καὶ
3215 2447 3460 2516 γραφαῖς
3486 2444 3669 2497 ἀναθέ-

2099 2557 2235 2604 σεως
2273 2538 2534 2609 πεποίητο
2573 2536 2860 2601 κοινωνούς
2881 2553 2895 2566 ·
2944 2539 3035 2590 καὶ
3071 2539 3120 2589 οἱ
3167 2539 3455 2606 συγγενεῖς
3490 2536 3547 2589 δὲ
3581 2536 3667 2590 τοῦ

2095 2632 2356 2700 τυράννου
2379 2629 2440 2683 τδ
2466 2629 2597 2702 πρὶν
2637 2627 2948 2698 αὐχοῦντες,
2987 2626 3080 2680 καὶ
3114 2627 3323 2691 πάντας
3356 2626 3670 2699 ἀνθρώπους

2097 2718 2580 2774 καταδυναστεύειν
2613 2717 2934 2792 ἐπηρμένοι,
2985 2716 3049 2770 τὰ
3079 2716 3219 2769 αὐτά
3261 2717 3375 2779 τοῖς
3412 2714 3669 2787 προδεδη-

2095 2809 2359 2880 λωμένοις
2401 2809 2538 2881 μετά
2578 2809 2678 2879 τῆς
2713 2809 2945 2880 ἐσχάτης
2976 2808 3197 2879 ἀτιμίας
3238 2808 3480 2878 ἔπασχον
3501 2849 3516 2874 ,
3551 2810 3671 2862 ἐπεὶ

2100 2901 2176 2973 μὴ
2201 2901 2449 2968 ἐδέξαντο
2476 2900 2720 2954 παιδείαν
2748 2899 2879 2969 (8.4),
2917 2899 3052 2970 μηδὲ⁹
3091 2898 3336 2967 ἔγνωσαν
3369 2900 3508 2972 μηδὲ
3550 2915 3670 2952 συνέ

2095 2993 2235 3065 ἧκαν
2266 2993 2363 3064 τὴν
2397 2991 2712 3063 φάσκουσαν
2739 2993 2798 3044 ὲν
2826 2992 2990 3062 ἱεροῖς
3018 2990 3196 3058 λόγοις
3231 2991 3632 3063 παρακέλευσιν
3652 3009 3665 3024 ο

2103 3086 2233 3158 (Μὴ
2266 3085 2551 3138 πεποίθετε
2583 3085 2669 3138 ἐπ’
2698 3084 2992 3156 ἄρχοντας,
3026 3085 3118 3136 ἐπὶ
3162 3086 3310 3148 υἱοὺς
3348 3084 3667 3157 ἀνθρώπων,

2096 3171 2177 3241 οἷς
2200 3177 2300 3230 οὐκ
2328 3167 2442 3230 ἐστὶ
2472 3177 2713 3246 σωτηρία
2736 3194 2750 3208 ο
2781 3175 3116 3241 ἐξελεύσεται
3146 3178 3206 3230 τὸ
3248 3177 3469 3248 πνεῦμα
3512 3178 3669 3230 αὐτοῦ

2099 3269 2192 3321 καί⁸
2233 3268 2562 3340 ἀποστρέψει
2612 3271 2690 3332 είς
2728 3267 2824 3339 τὴν
2873 3270 2978 3340 γῆν
3019 3270 3182 3324 αὐτοῦ
3209 3286 3222 3298 ο
3279 3272 3336 3323 ὲν
3378 3272 3562 3342 ἐκείνῃ
3605 3274 3668 3343 τῇ

2098 3361 2284 3435 ἡμέρᾳ
2315 3361 2636 3414 ἀπολοῦνται
2681 3361 2879 3426 πάντες
2928 3363 2977 3415 oi
3029 3363 3368 3433 διαλογισμοὶ
3420 3365 3617 3418 αὐτῶν.
3647 3384 3664 3414 ο

2099 3449 2257 3503 υύτω
2299 3450 2436 3521 δῆτα
2481 3451 2589 3505 τῶν
2631 3450 2906 3506 δυσσεϐῶν
2956 3451 3439 3520 ὲκκαθαρθέντων,
3499 3451 3670 3521 μόνοις

2099 3543 2430 3612 ἐφυλάττετο
2453 3545 2521 3598 τὰ
2544 3547 2642 3616 τῆς
2666 3543 3046 3616 προσηκούσης
3081 3544 3360 3614 βασιλείας
3390 3544 3583 3614 βέϐαιά
3613 3547 3667 3596 τε

2099 3635 2192 3688 καὶ
2219 3636 2551 3707 ἀνεπίφθονα
2575 3677 2590 3701 ,
2631 3637 3023 3708 Κωνσταντίνῳ
3061 3639 3156 3690 καὶ
3181 3638 3443 3708 Λικιννίῳ
3463 3655 3476 3666 ·
3520 3638 3567 3690 οἳ
3615 3638 3670 3690 τὸ

2100 3728 2334 3802 πρόσθεν
2380 3730 2630 3784 ἁπάντων
2677 3731 3078 3802 ἐκκαθάραντες
3121 3728 3215 3783 τοῦ
3266 3729 3384 3800 βίου
3423 3731 3522 3802 τὴν
3559 3730 3671 3782 Ossa

2099 3819 2342 3893 εχθρίαν,
2372 3821 2481 3874 τῶν
2526 3823 2591 3874 ὲκ
2622 3822 2757 3876 Θεοῦ
2803 3821 3290 3894 πρυτανευθέντων
3323 3823 3547 3891 ἀγαθῶν
3573 3824 3667 3876 αὐε-

2099 3914 2212 3974 τοίς
2257 3911 2574 3984 ᾐσθημένοι,
2623 3913 2684 3964 τὸ
2723 3913 3008 3983 φιλάρετον
3054 3912 3148 3964 καὶ
3191 3912 3478 3981 θεοφιλὲς,
3515 3913 3573 3966 τό
3611 3929 3668 3964 τε

2100 4005 2236 4076 πρὸς
2258 4005 2320 4057 τὸ
2342 4004 2495 4058 Θεῖον
2527 4006 2746 4068 εὐσεϐὲς
2780 4005 2874 4059 καὶ
2917 4004 3236 4077 εὐχάριστον
3273 4005 3366 4060 διὰ
3409 4006 3508 4077 τῆς
3537 4005 3670 4078 ὑπὲρ

2099 4097 2438 4168 Χριστιανῶν
2463 4095 2792 4164 ἐνεδείξαντο
2816 4097 3158 4170 νομοθεσίας.

2165 4523 2343 4590 Τέλος
2388 4523 2495 4578 τοῦ
2551 4521 2599 4578 θ’
2654 4518 3026 4659 Macatthch
3073 4514 3617 4586 Ἐκκλησιαστικῆς

420 4855 617 4936 quibus
668 4855 845 4936 colligi
883 4865 1087 4926 potest,
1137 4855 1482 4936 blaximinum
1507 4855 1742 4936 circiter.
1767 4853 1986 4936 biennio
2016 4847 2060 4912 Ι)
2091 4864 2192 4906 ntts
2214 4851 2764 4936 tarnengt‘tintianum
2785 4847 2968 4901 vertit.
2995 4846 3145 4936 Apud
3162 4829 3528 4936 Nicephorum
3549 4843 3672 4924 Λευέ

418 4927 718 4994 Augustum
770 4925 958 4991 fuisse,
1012 4943 1134 4980 cum
1164 4925 1272 4994 jam
1315 4939 1474 4980 antea
1500 4941 1568 4980 vn
1618 4925 1776 4978 annis
1805 4925 1988 4979 Caesar

420 4993 644 5061 fuisset;
690 5005 745 5050 et
770 5000 835 5052 ad
865 5013 1064 5051 annum
1093 4993 1292 5052 Christi
1317 4997 1421 5052 3l5
1460 4995 1788 5063 pervenisse.
1833 4994 1990 5060 Quod

417 5065 584 5118 etiam
611 5081 677 5120 ex
703 5068 944 5134 epistolis
963 5069 1201 5136 ejusdem
1228 5067 1736 5120 demonstravimus.
1763 5065 1996 5118 Proinde

419 5135 607 5202 miror,
661 5137 801 5192 unde
844 5139 896 5192 in
946 5135 1160 5191 Eusebii
1199 5136 1494 5191 Chronicou
1541 5137 1823 5202 irrepserit
1861 5136 1995 5187 adeo

419 5207 601 5273 gravis
628 5221 812 5273 error,
848 5217 905 5259 ut
925 5224 1071 5262 mors
1091 5207 1372 5261 Maximini
1395 5217 1522 5260 ante
1556 5208 1753 5260 caedem
1783 5203 1996 5257 Maxen-

420 5277 490 5347 tii
513 5276 798 5347 referatur.
851 5277 1002 5343 Quod
1037 5281 1256 5346 quidettt
1302 5277 1614 5347 Hicmnyuti
1651 5274 1807 5347 culpa
1843 5290 1993 5347 coma

420 5345 650 5417 missum
695 5346 928 5412 videtur,
975 5343 1172 5417 quippe
1235 5350 1330 5417 qui
1387 5343 1692 5402 Eusebiano
1725 5343 1990 5398 Chronica

420 5415 589 5467 multa
619 5413 684 5468 de
707 5432 804 5468 suo
841 5413 1069 5470 addidit.

491 5483 601 5556 (82)
633 5487 1026 5552 Κουλκιανός.
1058 5486 1260 5540 Fuerat
1310 5487 1396 5540 hic
1423 5499 1620 5556 praeses
1676 5482 1991 5556 Thebaidis.

419 5563 479 5625 ut
504 5553 746 5609 testatur
779 5556 1112 5625 Epiphanius
1137 5557 1190 5609 in
1227 5553 1542 5615 haeresi'68,
1568 5571 1688 5625 qua;
1715 5563 1799 5609 est
1833 5553 1996 5606 Mele-

423 5623 710 5696 liannrutn,
735 5622 835 5696 his'
863 5622 1094 5696 verbis:
1135 5626 1465 5696 Κουλκιανὸς
1511 5625 1610 5696 μὲν
1657 5622 1724 5696 ἦν
1759 5625 1996 5696 ἐπερχος

418 5693 517 5762 τῆς
567 5693 875 5766 Θηϐαΐδοςον
917 5694 1320 5766 Ἀλεξανδρείας
1379 5693 1774 5766 δὲίἹεροκλῆς.
1808 5693 1999 5766 Sgrtbe

423 5761 540 5818 meo
572 5761 812 5834 periculo
843 5761 1268 5827 Κουλκιανὸςέκ
1301 5767 1402 5822 hoc
1431 5761 1648 5823 Eusebii
1679 5761 1816 5822 luco.
1849 5761 2002 5818 [ωη-

2095 4924 2283 4988 κιανός
2305 4924 2584 4983 scribitur,
2609 4931 2899 4988 utrumque
2924 4919 3197 4988 tttettdose.
3219 4915 3511 4988 Culcianus
3531 4915 3668 4966 enim

2097 4984 2383 5048 dicebatur
2422 4994 2510 5046 hic
2555 5005 2774 5058 praeses,
2812 4984 2880 5040 ἰιι
2929 5000 3123 5054 praeter
3153 4985 3449 5040 Eusebium
3479 4984 3670 5038 docent

2092 5065 2228 5118 Acta
2255 5063 2526 5130 passionis
2556 5060 2758 5131 Philete
2782 5058 3096 5131 martyris;
3415 5124 3455 5131 _
3561 5119 3606 5131 η

2164 5122 2301 5201 (83)
2336 5133 2684 5187 Θεότεκνον.
2711 5130 2818 5201 __De
2874 5122 2974 5201 htjc
3039 5126 3356 5201 Theotecnp
3384 5122 3672 5201 _Eusebius

2089 5189 2252 5271 supra
2279 5189 2332 5258 in
2363 5207 2466 5257 hoc
2498 5205 2656 5254 libro.
2707 5199 2860 5252 Hunc
2901 5195 3266 5271 ‘l‘lteotecnum
3298 5194 3521 5271 Galerio
3563 5189 3669 5244 Ma-

2089 5266 2332 5348 x_it'niano
2389 5273 2727 5348 persuasisse
2792 5279 2850 5322 ut
2908 5269 3341 5348 persecutionem
3389 5266 3670 5348 “ads'e'rstts

2090 5332 2435 5399 Christianos
2463 5343 2790 5406 institueret,
2821 5332 3010 5394 scribit
3039 5338 3340 5406 Cedrenns.
3389 5332 3672 5406 Sed_falli-‘

2094 5425 2205 5478 tur,
2233 5415 2360 5467 dum
2385 5413 2659 5482 Galerium
2686 5401 3069 5482 Maximianum
3111 5421 3207 5475 pro
3237 5403 3460 5459 Galerio
3505 5401 3671 5482 plui-

2093 5484 2242 5553 mino
2267 5484 2508 5550 accepit,
2547 5481 2641 5553 qui
2684 5479 2944 5535 solemnis
2977 5487 3060 5531 est
3098 5489 3255 5530 error
3308 5479 3668 5528 recentiorum

2094 5551 2438 5692 omini”;
2478 5619 2761 5684 ἐδέξαντο
2787 5616 3078 5692 παιδείαις.
3129 5603 3363 5692 Locutio
3393 5620 3669 5692 est-sacra:

2097 5678 2424 5762 Sc‘rip'turaz.‘
2447 5693 2541 5746 Sic
2569 5678 2622 5745 in
2662 5692 2866 5762 psalmo
2893 5703 2980 5762 u__:
3021 5685 3410 5762 Appreltcndite
3445 5678 3666 5762 disciplié

2099 5752 2245 5830 nam,
2267 5773 2322 5818 et
2351 5752 2730 5818 innumeris'in
2756 5761 2890 5815 locis
2921 5752 3131 5813 Veteris
3153 5752 3524 5810 lustrurueuti.
