3860 6540
169 433 252 490 845

1142 437 1495 498 HISTORIA:
1530 438 2093 515 Εοειεειεετιω
2126 441 2255 499 LIB.
2302 440 2370 499 Χ.

3274 456 3382 514 846

169 527 245 600 μὲν
269 526 325 599 δὴ
355 526 473 582 καθ’
496 527 556 583 όν
585 529 880 605 δεδήλωται
903 533 1126 607 τρόπον,
1159 538 1268 590 πᾶν
1296 536 1362 590 τὸ
1389 538 1501 594 τῶν
1527 536 1677 610 θεομι

1805 538 1873 594 ad
1910 538 2046 595 ﬁnes
2073 548 2254 597 terrae.
2282 540 2483 596 Arcum
2531 549 2794 609 conteret,
2845 545 3152 637 confringet
3203 565 3381 615 anus,

166 623 251 678 σῶν
277 622 423 691 γένος
443 664 459 685 ,
493 624 587 678 καὶ
616 623 718 697 τῆς
748 625 1047 699 ἀνθρώπων
1077 627 1289 701 ἀθρόως
1325 628 1502 701 ὅψεως
1528 628 1697 695 οὓτως

162 713 491 785 ὲξαλήλειπτο,
539 715 616 779 ὡς
660 716 822 770 πάλιν
869 718 1021 790 ῥῆμα
1069 718 1210 773 θεῖον
1255 720 1404 785 τέλος
1447 720 1592 793 ἔχειν
1637 721 1699 775 τδ

160 806 314 876 λέγον·
348 802 537 860 «Εἶδον
579 808 751 881 ἀσεϐῆ
789 809 1234 883 ὑπερυψούμενον
1273 813 1366 865 καὶ
1399 812 1699 884 ἐπαιρόμε-

158 916 227 954 νον
253 898 321 963 ὡς
357 898 453 962 τὰς
492 899 716 972 κέδρους
748 900 841 955 τοῦ
874 901 1108 956 Λιϐάνου
1129 921 1144 934 ο
1174 903 1268 956 καὶ
1301 903 1576 976 παρῆλθον
1602 904 1696 958 καὶ

159 988 245 1043 ἰδοὺ
283 989 376 1043 οὐκ
414 984 516 1060 ἦν,
563 991 658 1045 καὶ
695 990 935 1063 ἐζήτησα
964 994 1055 1047 τὸν
1086 994 1250 1048 τόπον
1276 993 1439 1047 αὑτοῦ
1471 993 1565 1047 καί
1598 993 1696 1065 οὐχ

156 1080 351 1153 εὑρέθη·
373 1102 393 1135 ›
424 1082 608 1155 ἡμέρα
641 1075 706 1138 δὲ
727 1084 908 1139 λοιπὸν
944 1087 1044 1158 ἤδη
1087 1085 1288 1158 φαιδρὰ
1318 1087 1413 1140 καὶ
1442 1087 1691 1159 διαυγὴς,

157 1175 343 1246 μηδενὸς
369 1175 565 1246 νέφους
591 1178 758 1250 αὐτὴν
783 1179 1211 1245 ἐπισκιάζοντος.
1236 1180 1413 1250 φωτὸς
1441 1181 1691 1253 οὐρανίου

154 1268 300 1336 βολαῖς
330 1268 431 1323 ἀνά
475 1270 576 1342 τὴν
607 1271 930 1344 οἰκουμένην
963 1272 1179 1327 ἅπασαν
1211 1275 1332 1336 ταῖς
1374 1273 1691 1345 ἐκκλησίαις

151 1359 223 1414 τοῦ
247 1346 467 1432 Χριστοῦ
510 1362 856 1435 κατηύγαζεν
874 1403 890 1429 ,
922 1364 1044 1419 οὑδὲ
1074 1382 1159 1429 τις
1185 1360 1253 1436 ἦν
1280 1366 1373 1419 καὶ
1405 1368 1518 1430 τοῖς
1553 1364 1690 1433 ἔξω·

152 1450 222 1505 θεν
243 1452 324 1505 τοῦ
350 1453 472 1507 καθ’
497 1455 649 1525 ἡμᾶς
681 1454 869 1509 θιάσου
901 1454 1095 1525 φθόνος
1124 1456 1256 1529 (89),
1295 1457 1690 1513 συναπολαύειν

149 1545 253 1614 ἡμῖν
280 1543 381 1598 τῶν
411 1544 541 1598 ἴσων
575 1544 717 1616 (90),
753 1546 1033 1618 ἁποῤῥοῆς
1062 1547 1109 1601 δ’
1137 1542 1230 1601 οὖν
1255 1548 1405 1619 ὅμως
1434 1548 1529 1601 καὶ
1564 1564 1693 1619 μετ-

148 1643 299 1708 ουσίας
319 1644 425 1698 τῶν
456 1643 642 1698 θεόθεν
675 1646 807 1716 ἡμῖν
839 1644 1336 1717 πρυτανευθέντων.

1802 638 1857 685 et
1881 640 2031 685 scuta
2056 630 2339 687 comburet
2366 631 2491 700 igne
2515 632 2581 686 ευ.
2606 651 2626 685 ι
2652 632 2782 701 Quae
2811 650 2933 693 cum
2965 630 3145 694 omnia
3180 644 3381 700 nostris

1804 728 2141 798 temporibus
2162 727 2450 787 manifeste
2487 731 2753 802 completa
2795 732 2926 799 sint,
2964 733 3072 790 laeti
3117 735 3378 809 deinceps

1804 829 1860 873 et
1883 819 2262 889 gratulabundi
2286 822 2654 878 narrationem
2690 833 2932 880 nostram
2961 841 3375 898 prosequamur.

1802 911 1885 964 Ad
1923 911 2068 967 hunc
2116 912 2281 983 igitur
2324 929 2485 984 quem
2544 914 2785 971 diximus
2843 918 3062 972 modum
3120 919 3373 976 universa

1800 1005 1967 1073 stirps
1991 1004 2228 1060 hostium
2261 1006 2355 1062 Dei
2398 1007 2848 1065 funditus'excisa
2890 1021 2946 1065 et
2972 1025 3038 1067 ex
3093 1012 3373 1069 hominum

1802 1105 2094 1165 conspectu
2122 1096 2304 1153 subito
2342 1100 2551 1155 sublata
2581 1109 2699 1169 est;
2728 1102 2800 1157 ita
2830 1112 2892 1158 ut
2916 1119 3102 1160 rursus
3130 1106 3371 1161 divinum

1801 1184 1929 1240 illud
1972 1188 2337 1260 compleretur
2390 1194 2672 1250 oraculum
2701 1194 2845 1265 quod
2901 1198 2982 1254 sic
3029 1199 3147 1256 ait:
3190 1218 3210 1252 ‹
3250 1199 3371 1256 Vidi

1799 1278 2023 1348 impium
2081 1282 2546 1352 superexaltatum
2581 1294 2638 1341 et
2673 1286 2943 1344 elevatum
2988 1291 3133 1346 sicut
3175 1291 3371 1347 cedros

1796 1368 2011 1429 Libani.
2041 1370 2107 1427 Et
2145 1373 2449 1444 transivi,et
2477 1391 2604 1433 ecce
2634 1393 2741 1432 non
2766 1389 2885 1434 erat
2916 1398 2931 1435 :
2960 1389 3012 1436 et
3036 1383 3261 1452 quaesivi
3292 1382 3372 1440 lo-

1796 1476 1920 1516 cum
1947 1462 2141 1535 ejus,et
2169 1479 2275 1521 non
2311 1475 2395 1522 est
2437 1467 2687 1523 inventus
2716 1467 2786 1527 ".
2821 1488 2842 1524 ι
2873 1469 3101 1542 Jamque
3127 1473 3246 1530 dies
3279 1491 3368 1533 se-

1796 1568 1964 1609 renus
1990 1570 2060 1610 ac
2112 1554 2367 1625 liquidus,
2415 1557 2562 1613 nulla
2593 1559 2827 1630 amplius
2892 1560 3036 1618 nube
3100 1563 3365 1632 fuscatus,

1795 1643 2070 1702 Ecclesias
2089 1645 2295 1703 Christi
2324 1658 2437 1705 toto
2468 1650 2605 1706 orbe
2665 1649 2891 1707 diﬂ‘usas
2943 1654 3182 1711 cmlestis
3227 1654 3367 1712 lucis

148 1740 394 1811 splendore
424 1741 759 1797 illustrabat.
794 1739 1127 1812 Licebatque
1163 1741 1235 1799 iis
1283 1740 1451 1796 etiam
1487 1739 1579 1811 qui
1627 1755 1658 1796 a
1691 1749 1832 1797 coetu
1863 1741 2139 1813 religionis
2172 1752 2370 1800 nostrae
2427 1744 2589 1801 alieni
2647 1757 2854 1811 essent,
2908 1749 2955 1803 si
3004 1764 3110 1804 non
3175 1750 3364 1807 iisdem

147 1835 230 1888 irui
261 1837 551 1903 nobiscum,
586 1838 751 1909 37o
795 1847 851 1894 at
884 1847 1031 1895 certe
1060 1847 1267 1908 partem
1328 1836 1566 1908 aliquam
1599 1846 1655 1892 et
1692 1838 1846 1908 quasi
1871 1835 2124 1894 eﬁluxum
2166 1840 2449 1910 percipere
2472 1855 2664 1897 eorum
2720 1842 2985 1898 bonorum
3035 1858 3157 1913 quae
3206 1843 3365 1901 nobis

146 1942 169 1981 a
193 1927 284 1986 Deo
312 1929 528 1986 fuerant
551 1940 868 2001 procurata.

644 2028 1041 2082 ΚΕΦΑΛΑΙΟΝ
1068 2028 1144 2081 B'.

141 2118 254 2188 Περὶ
289 2118 395 2188 τῆς
451 2118 574 2172 τῶν
595 2118 954 2242 ξὲκκῗισιῶν
972 2116 1381 2260 ὦῖανεώσεως
1433 2116 1575 2188 (Nic.
1609 2116 1681 2175 II.

766 2204 808 2242 α.
845 2205 941 2254 vn,
1073 2229 1087 2243 .

766 2204 808 2242 ι.
845 2205 941 2254 vn,
972 2204 1087 2254 ου).

192 2282 317 2336 Πᾶσι
346 2282 441 2355 μὲν
484 2278 579 2338 οὖν
611 2281 918 2354 ἀνθρώποις
947 2281 1015 2335 τὰ
1050 2284 1115 2334 ἐκ
1142 2283 1243 2353 τῆς
1268 2279 1378 2335 τῶν
1403 2281 1685 2354 τυράννων

140 2374 566 2440 καταδυναστείας
623 2362 886 2446 ἐλεύθερα
940 2369 1040 2445 ἦν,
1092 2374 1188 2427 καὶ
1241 2372 1351 2426 τῶν
1406 2372 1686 2446 προτέρων

139 2466 506 2538 ἀπηλλαγμένοι
531 2466 740 2531 κακῶν,
768 2466 926 2531 ἄλλος
952 2465 1126 2530 ἄλλως
1156 2465 1320 2536 μόνον
1347 2463 1525 2535 ἀληθῆ
1553 2462 1687 2517 Θεὸν

137 2559 208 2611 τὸν
240 2560 336 2613 τῶν
378 2559 621 2614 εὐσεϐῶν
666 2560 983 2631 ὑπέρμαχον
1024 2557 1324 2631 ὡμολόγει,
1370 2556 1607 2629 μάλιστα
1640 2554 1683 2609 δ’

136 2651 243 2720 ἡμῖν
278 2655 383 2717 τοῖς
429 2653 523 2705 ἐπὶ
568 2652 660 2705 τὸν
702 2652 933 2724 Χριστὸν
979 2649 1075 2704 τοῦ
1125 2650 1264 2705 Θεοῦ
1310 2649 1410 2714 τὰς
1462 2648 1686 2710 ἐλπίδας

135 2742 488 2816 ἀνηρτημένοις
521 2743 748 2807 ἄλεκτος
771 2741 955 2815 παρῆν
981 2741 1285 2816 εὐφροσύνη
1310 2782 1326 2808 ,
1358 2738 1454 2796 καί
1484 2757 1566 2804 τις
1595 2738 1683 2794 ἔν-

135 2834 228 2900 θεος
252 2838 443 2891 ἅπασιν
478 2836 705 2909 ἐπήνθει
736 2835 901 2908 χαρὰ,
941 2835 1120 2890 πάντα
1148 2835 1311 2889 τόπον
1336 2833 1427 2887 τὸν
1458 2832 1564 2904 πρὸ
1594 2850 1685 2904 μι-

135 2929 240 2998 κροῦ
279 2932 392 2993 ταῖς
427 2927 540 2983 τῶν
574 2928 853 3000 τυράννων
885 2925 1223 2991 δυσσεϐείαις
1281 2924 1680 2998 ὴρειπωμένον,

134 3019 288 3095 ὥσπερ
328 3025 391 3076 ἐκ
430 3023 655 3094 μακρᾶς
687 3022 781 3075 καὶ
814 3019 1187 3093 θανατηφόρου
1235 3020 1413 3092 λύμης
1451 3017 1684 3074 ἀναϐιώ-

134 3130 298 3179 σχοντα
324 3113 643 3186 θεωμένοις,
679 3113 813 3178 νεώς
839 3131 897 3167 τε
928 3108 1084 3176 αὖθις
1114 3114 1178 3166 ἐκ
1206 3112 1423 3185 βάθρων
1448 3114 1526 3175 εἰς
1549 3108 1682 3183 ὕψος

132 3204 320 3278 ἄπειρον
338 3206 745 3279 ἐγειρομένους,
767 3206 861 3260 καὶ
882 3205 1015 3258 πολὺ
1038 3203 1322 3275 κρείττονα
1336 3203 1435 3276 τὴν
1453 3201 1681 3274 ἀγλαΐαν

130 3296 217 3350 τῶν
243 3299 396 3353 πάλαι
424 3299 764 3370 πεπολιορκη
774 3298 947 3370 μένων
973 3296 1476 3368 ἀπολαμϐάνοντας.
1519 3296 1681 3352 Ἀλλά

130 3387 205 3441 καὶ
241 3389 467 3460 βασιλεῖς
509 3392 563 3445 οἱ
612 3390 870 3445 ἀνωτάτω
920 3390 1167 3462 συνεχέσι
1205 3394 1324 3455 ταῖς
1363 3373 1503 3463 ὖπὲρ
1544 3392 1681 3463 Χρι-

2415 2026 2642 2085 CAPUT
2672 2027 2735 2084 11.

2138 2120 2213 2176 De
2233 2123 2618 2177 instauratione
2655 2123 3014 2178 ecclesiarum.

1860 2277 1928 2332 Et
1954 2276 2133 2332 cuncti
2157 2276 2377 2347 quidem
2407 2278 2665 2333 mortales
2706 2280 3007 2351 tyrannicae
3033 2280 3362 2336 dominatio-

1790 2369 1877 2425 nis
1909 2369 2226 2439 impotentia
2261 2369 2496 2434 liberati.
2531 2385 2723 2427 secure
2767 2372 3001 2443 agebant
3043 2393 3057 2428 :
3094 2374 3363 2445 malisque

1788 2462 1982 2533 quibus
2017 2471 2177 2516 antea
2206 2462 2591 2532 premebantur
2622 2463 2804 2531 soluti,
2829 2464 2995 2520 Deum
3024 2468 3117 2536 qui
3148 2466 3358 2537 piorum

1788 2564 2159 2626 prepugnator
2182 2555 2505 2620 exstitisset,
2536 2555 2708 2612 solum
2737 2572 2864 2615 vere
2893 2560 3062 2615 Deum
3095 2574 3218 2616 esse
3236 2559 3361 2631 qui-

1786 2649 1889 2705 bus
1931 2650 2159 2720 quisque
2216 2657 2433 2721 poterat
2476 2651 2658 2707 verbis
2709 2653 3133 2708 conﬁtebantur.
3192 2653 3359 2710 Nobis

1786 2757 1917 2798 vero
1941 2745 2211 2815 praecipue
2239 2745 2328 2815 qui
2353 2760 2502 2816 spem
2528 2761 2742 2803 omnem
2788 2747 2842 2801 in
2873 2745 3093 2803 Christo
3126 2748 3357 2819 positam

1783 2834 2069 2900 habemus,
2107 2835 2442 2893 incredibilis
2472 2839 2716 2907 quaedam
2741 2839 2917 2893 inerat
2942 2839 3152 2902 laetitia,
3187 2849 3246 2894 et
3268 2839 3353 2894 di-

1784 2924 1909 2980 vina
1936 2926 2186 2995 quaedam
2227 2927 2478 2983 hilaritas
2501 2928 2552 2982 in
2579 2929 2821 2983 omnium
2861 2929 3011 2982 vultu
3037 2930 3311 2984 emicabat
3337 2946 3354 2996 ;

1784 3034 1905 3073 cum
1934 3021 2052 3075 loca
2079 3031 2278 3076 cuncta
2319 3036 2440 3091 qua:
2492 3033 2844 3094 tyrannorum
2888 3022 3143 3093 impietas
3190 3025 3356 3095 paulo

1783 3120 1910 3164 ante
1936 3111 2248 3175 subruerat.
2279 3121 2535 3182 tanquam
2572 3128 2637 3169 es
2668 3114 2927 3170 diuturna
2979 3129 3045 3170 ac
3094 3116 3350 3185 pestifera

1782 3201 1903 3257 labe
1947 3202 2275 3258 reviviscere
2331 3204 2641 3260 videremus
2672 3222 2687 3259 :
2721 3204 3030 3274 templaque
3084 3220 3272 3260 rursus
3320 3222 3351 3260 a

1781 3294 1898 3348 solo
1927 3294 1980 3348 in
2004 3294 2322 3349 immensam
2352 3295 2687 3352 altitudinem
2708 3296 2867 3366 erigi,
2885 3297 3115 3367 etlonge
3143 3296 3351 3368 majore

1779 3386 1926 3440 cultu
1955 3401 2020 3441 ac
2047 3386 2336 3457 splendore
2364 3402 2527 3458 quam
2557 3387 2647 3443 illa
2696 3403 2815 3458 qua:
2850 3388 2999 3459 prius
3042 3398 3351 3460 expugnata

130 3459 325 3537 «καινῶν
348 3483 715 3557 νομοθεσίαις,
761 3483 829 3537 τὰ
868 3482 969 3554 τῆς
1004 3459 1231 3537 ἐπι-Θεοῦ
1266 3459 1677 3556 μεγαλοθωρέᾶς

1788 3479 2009 3535 fuissent
2038 3479 2323 3534 nitescere.
2346 3478 2486 3546 Quin
2528 3478 2692 3533 etiam
2745 3480 2847 3550 ipsi
2892 3495 3071 3535 rerum
3122 3480 3352 3545 domini.

126 3571 235 3641 ἡμῖν
257 3576 329 3639 εἰς
360 3575 571 3648 μακρὸν
605 3573 686 3628 ἔτι
715 3573 809 3627 καὶ
840 3570 1023 3644 μεῖζον
1056 3574 1370 3645 ἐκράτυνον,
1399 3572 1591 3643 ἐφοίτα
1619 3573 1676 3627 δὲ

125 3664 205 3717 καὶ
244 3668 317 3732 εἰς
355 3669 653 3740 πρόσωπον
692 3667 1010 3731 ἐπισκόποις
1046 3665 1309 3737 βασιλέως
1347 3665 1674 3737 γράμματα,

124 3756 203 3808 καὶ
226 3760 366 3829 τιμαὶ
393 3760 491 3815 καλ.
517 3777 627 3832 χρη
637 3758 821 3830 μάτων
861 3757 1036 3821 δόσεις
1055 3773 1069 3788 ·
1106 3750 1181 3811 ὧν
1209 3759 1309 3813 οὐκ
1334 3757 1441 3812 ἀπὸ
1472 3757 1673 3830 τρόπου

123 3849 288 3914 γένοιτ’
314 3853 376 3907 ἂν
409 3852 556 3908 κατὰ
599 3852 691 3905 τὸν
723 3852 1067 3924 προσήκοντα
1111 3851 1301 3923 καιρὸν
1345 3849 1440 3903 τοῦ
1488 3849 1671 3918 λόγου,

120 3938 281 4015 ὥσπερ
305 3946 360 3998 ἐν
394 3946 518 4017 ἱερᾷ
550 3943 753 4017 στήλῃ,
784 3942 909 4013 τῇδε
940 3943 1006 4013 τῇ
1038 3940 1235 4013 βίϐλῳ,
1265 3940 1363 4005 τὰς
1390 3939 1575 4012 φωνὰς
1606 3942 1671 3995 ἐκ

120 4030 204 4103 τῆς
235 4034 510 4108 Ῥωμαίων
539 4035 637 4089 ἐπὶ
656 4033 754 4107 τὴν
787 4035 1010 4089 Ἐλλάδα
1038 4033 1288 4104 γλῶσσαν
1315 4029 1672 4105 μεταληφθεί-

118 4139 205 4188 σας
227 4128 533 4202 ἐγχαράξαι,
569 4128 647 4192 ὡς
674 4127 740 4181 ἂν
773 4128 867 4182 καὶ
896 4130 1007 4192 τοῖς
1043 4126 1161 4200 μεθ’
1193 4128 1340 4200 ἡμᾶς
1369 4125 1542 4181 ἅπασι
1571 4125 1669 4193 φέ-

117 4229 269 4284 ροιντο
294 4220 380 4275 διὰ
409 4221 662 4292 μνήμης.

1780 3571 1986 3627 crebris
2012 3585 2113 3641 pro
2162 3569 2598 3626 Christianorum
2659 3570 2917 3642 religione
2972 3571 3179 3643 legibus
3223 3586 3345 3643 pro-

1781 3664 2034 3734 mulgatis
2064 3663 2231 3720 divini
2277 3679 2404 3736 erga
2447 3679 2545 3719 nos
2586 3664 2839 3719 beneﬁcii
2890 3665 3357 3736 magnificentiam

1780 3756 2197 3823 conﬁrmantes,
2252 3772 2548 3828 prorogare
2594 3757 2726 3813 illud
2807 3767 2969 3828 atque
3020 3758 3352 3830 ampliﬁcare

1778 3849 2121 3906 studuerunt.
2148 3848 2366 3904 Littera:
2394 3864 2612 3919 quoque
2640 3850 2709 3905 ad
2752 3851 3038 3922 episcopos
3073 3852 3224 3924 ipsos
3254 3867 3352 3908 no~

1777 3939 2022 3994 minatim
2070 3940 2383 4009 perscripta:
2436 3950 2563 3995 sunt
2600 3942 2668 3997 ab
2718 3941 3081 4013 imperatore;
3118 3943 3353 4001 honores

1776 4030 1920 4085 aucti
1951 4041 2007 4085 et
2036 4032 2278 4100 pecuniae
2306 4033 2540 4086 donatae.
2582 4032 2824 4099 Quarum
2868 4034 3089 4104 quidem
3137 4035 3351 4094 littera-

1778 4136 1896 4175 rum
1931 4122 2096 4177 verba
2122 4138 2191 4177 ex
2218 4121 2411 4178 Latina
2437 4123 2618 4192 lingua
2659 4124 2713 4179 in
2762 4122 3008 4179 Graecum
3041 4138 3346 4181 sermonem

1779 4211 2061 4278 translata,
2112 4213 2166 4268 in
2220 4213 2321 4269 hoc
2385 4214 2523 4269 libro
2582 4224 2843 4285 tanquam
2900 4215 2957 4272 in
3001 4224 3345 4273 sacrosancta

115 4308 316 4373 quadam
360 4311 546 4366 tabula
614 4318 917 4381 opportune
959 4308 1260 4366 inscribere
1293 4324 1402 4364 non
1456 4307 1688 4363 alienum
1731 4307 1860 4373 erit,
1914 4317 1972 4363 ut
2019 4308 2259 4363 omnium
2282 4307 2372 4376 qui
2402 4316 2525 4378 post
2552 4309 2668 4364 haec
2696 4309 2905 4366 venturi
2931 4318 3056 4367 sunt
3077 4318 3351 4380 perpetuae

115 4402 360 4459 memoria:
393 4404 874 4460 commendantur.

619 4494 1015 4548 ΚΕΦΑΔΑῙΟΝ
1057 4494 1132 4547 Γ’.

231 4589 361 4658 Περὶ
404 4587 547 4659 τῶν,
565 4584 718 4659 κατὰ
755 4585 951 4659 redigas
982 4587 1171 4659 τόπον
1210 4584 1527 4654 ἑγκαινίων

580 4657 719 4725 (Nic.
746 4656 816 4710 η.
845 4655 914 4712 E.
942 4672 1038 4719 vn.
1060 4657 1175 4725 40).

171 4745 287 4801 Ἐπὶ
314 4749 371 4804 δὲ
398 4748 646 4811 τούτοις,
693 4747 755 4800 τὸ
798 4750 963 4801 πᾶσιν
1002 4747 1250 4800 εὐκταῖον
1280 4748 1412 4818 ἡμῖν
1445 4744 1537 4798 καὶ
1568 4760 1665 4797 πο-

161 4839 483 4908 “Psal.xs.v,
510 4842 570 4907 9,
599 4842 687 4896 10.
763 4842 805 4874 ⁸⁸
826 4841 968 4897 Psal.
988 4857 1171 4908 xxxvr,
1195 4842 1287 4909 55,
1312 4839 1401 4895 56.

161 4934 264 5007 (8‘))
295 4937 452 4992 οὐδέ
503 4931 727 5007 τιςίῆν
772 4935 894 5003 τοῖς
944 4936 1165 5002 ἔξωθεν
1196 4936 1301 4991 τοῦ
1350 4935 1480 4992 καθ’
1509 4934 1669 5007 ἡμᾶς

1788 4941 1999 5007 ιυηιμιι
2026 4939 2239 5007 constet
2267 4944 2428 5007 quam
2451 4928 2783 5007 artiuumsit
2804 4942 2869 4982 ae
2895 4925 3115 5007 minime
3144 4927 3346 4997 procli-

105 5004 290 5077 θιάσου
317 5010 574 5077 φθόνος.
613 5004 805 5077 Mirum
836 5018 922 5062 est
963 5011 1103 5063 hanc
1138 5007 1399 5077 loquendi
1433 5004 1663 5077 formam

104 5074 159 5127 ab
182 5074 578 5148 interpretibus
617 5076 947 5148 intellectam
991 5092 1099 5132 non
1136 5074 1323 5132 fuisse.
1353 5074 1490 5148 Nam
1513 5076 1666 5131 Ruﬁ-

101 5159 188 5199 nus
211 5146 430 5216 quidem
472 5150 547 5201 ita
589 5147 796 5200 vertit:
826 5146 938 5201 Nec
975 5163 1195 5216 usquam
1223 5148 1317 5217 qui
1355 5147 1467 5201 haec
1511 5148 1667 5201 aliter

100 5217 350 5283 aspiceret,
377 5218 583 5270 lividus
616 5228 884 5285 supererat
919 5219 1122 5271 oculus.
1157 5217 1410 5271 Ruﬁnum
1444 5226 1665 5272 secutus

99 5295 167 5356 est
198 5286 501 5343 Masculus.
552 5286 1084 5356 Christopborsonus
1125 5302 1257 5342 vero
1304 5286 1467 5354 paulo
1504 5286 1664 5341 aliter

98 5352 474 5428 interpretatus
501 5368 590 5411 est
632 5357 737 5428 hoc
762 5352 921 5411 modo
952 5376 964 5411 :
998 5375 1022 5428 μ
1054 5355 1162 5411 Nec
1189 5352 1497 5428 gentilibus
1516 5357 1663 5410 hunc

99 5438 315 5481 nostrum
336 5427 619 5497 insignem
642 5427 973 5497 triumphum
997 5426 1138 5482 Deus
1169 5426 1382 5481 invidit.
1410 5445 1429 5477 ›
1456 5426 1664 5497 Exque

96 5508 298 5575 apparet
320 5496 474 5575 illam
506 5511 698 5575 recent
720 5496 905 5550 θίασον
928 5513 1028 5575 pro
1054 5497 1320 5575 triumpho
1343 5496 1660 5575 sumpsisse2

94 5574 138 5636 et
158 5564 323 5621 verba
361 5566 598 5621 Eusebii
634 5567 707 5619 ita
738 5564 1106 5622 construxisse
1135 5583 1150 5619 :
1181 5565 1373 5636 φθόνος
1394 5564 1488 5619 τοῦ
1537 5564 1661 5619 καθ’

96 5635 221 5706 ἡμᾶς
260 5637 660 5706 θιάσουθευηι
718 5637 788 5690 ita
845 5639 1020 5705 potius
1082 5635 1443 5690 construenda
1509 5637 1660 5690 sint:

93 5704 187 5771 sui;
204 5707 411 5774 ἔξωθεν
433 5705 536 5760 τοῦ
560 5704 684 5758 καθ’
713 5704 859 5777 ἡμᾶς
887 5707 1109 5777 θιάσου,
1126 5706 1178 5760 id
1204 5714 1288 5758 est
1317 5707 1590 5760 extraneis
1609 5715 1665 5759 et

90 5778 266 5834 alienis
292 5795 323 5831 a
356 5779 472 5831 title
509 5787 714 5830 nostra.
745 5778 878 5843 Quis
906 5794 1009 5831 non
1044 5776 1271 5830 miretur
1295 5785 1374 5829 tot
1395 5790 1459 5831 ac
1485 5785 1665 5831 tantos

88 5850 324 5904 errores?
355 5846 449 5902 Me
472 5844 758 5912 certejam
777 5848 955 5911 taedet,
990 5846 1278 5900 totmenda
1310 5845 1660 5916 interpretum

88 5928 282 5976 uolare.
319 5921 465 5983 Quae
503 5927 686 5971 tamen
738 5916 921 5972 lectori
975 5920 1046 5977 ob
1087 5916 1273 5978 oculos
1315 5917 1665 5985 proponenda

2387 4487 2616 4546 CAPUT
2643 4487 2727 4547 Ill.

1988 4582 2064 4638 De
2094 4583 2429 4637 ecclesiarum
2471 4581 2662 4649 ubique
2691 4578 3133 4633 dedicationibus.
3220 4600 3221 4603 η

1848 4740 1974 4797 Post
2008 4742 2122 4797 hmc
2146 4741 2383 4796 votivum
2413 4740 2573 4797 nobis
2598 4755 2663 4796 ac
2711 4735 3075 4795 desideratum
3124 4747 3344 4809 specta-

1771 5019 1858 5084 νο,
1906 4998 1975 5057 in
2008 5001 2250 5070 antiquis
2284 4998 2653 5084 scriptoribus
2694 4998 3116 5067 interpretandis
3156 5013 3344 5053 verum

1769 5075 1969 5141 ubique
1994 5086 2215 5125 sensum
2240 5075 2482 5141 assequi.

1841 5135 1955 5214 (99)
1986 5135 2445 5214 Συναπολαύεζγ
2465 5139 2609 5214 ἡμῖν
2629 5137 2753 5214 ’τῶν
2781 5137 2953 5214 tam.
2982 5135 3138 5214 Hunc
3164 5136 3343 5191 locum

1769 5207 1871 5269 nec
1901 5211 2177 5267 Masculus
2221 5226 2322 5265 nec
2370 5207 2911 5279 Clari'stophorsouus
2932 5207 3341 5279 intellexerunt.

1771 5286 1863 5338 Sic
1896 5291 2076 5335 autem
2104 5281 2476 5335 emendandus
2517 5277 2607 5349 est
2626 5296 2653 5349 _:
2697 5277 3089 5332 συναπολαύειν
3125 5279 3258 5349 ἡμῖν
3293 5279 3347 5332 εξ

1773 5353 1849 5426 μὴ
1879 5351 1988 5407 τῶν
2012 5351 2163 5427 ἰσων,
2202 5351 2487 5427 ἀπορροῆς,-
2520 5347 2565 5401 δ’
2593 5343 2686 5403 οὖν
2709 5349 2882 5421 ὅμως,
2909 5358 3120 5427 θεροει
3147 5343 3340 5427 νοσοίη
3361 5345 3399 5389 ἐ·

1769 5417 2244 5497 πρυτανευθέντων
2289 5417 2583 5497 ti‘uieiidmn
2618 5429 2706 5497 est
2741 5417 2925 5497 caput.
2956 5418 3072 5497 Non
3101 5417 3347 5486 cujusvis

1768 5486 1889 5548 erat
1940 5494 2083 5546 hunc
2113 5493 2287 5546 locum
2322 5493 2635 5543 emendare.
2666 5486 3024 5554 Quamobrem
3053 5486 3342 5557 ignoscen-

1769 5566 1895 5617 dum
1949 5572 2033 5616 est
2089 5558 2584 5627 Cbristophursono
2635 5557 2997 5622 ettMusculo,
3037 5557 3341 5627 quiremus

1772 5634 1932 5699 hujus
1982 5631 2085 5686 loci
2140 5625 2576 5699 emendationem
2631 5642 2737 5682 non
2784 5628 3057 5681 viderunt.
3090 5625 3345 5699 Ruﬁnus

1770 5696 1988 5789 quidem
2050 5701 2124 5755 ita
2174 5700 2408 5789 videtur;
2447 5696 3338 5789 ξοείεεοηρνουι.εξιηοιιὼινίιιιίις.

1772 5765 1864 5827 Sic
1903 5773 2047 5827 enim
2086 5769 2292 5826 vertit:
2324 5783 2344 5819 ι
2375 5766 2481 5821 Sed
2506 5765 2718 5823 'cuucti’
2746 5765 3004 5821 mortales
3048 5768 3343 5836 tyrannica:

1769 5858 1890 5916 qua:
1918 5841 2249 5916 praeterierat
2275 5836 2616 5895 crudelitatis
2642 5837 2890 5900 horrore.
2928 5836 3094 5892 etiam
3120 5837 3165 5916 si
3201 5852 3340 5892 non.

1770 5908 1898 5969 dum
1920 5908 2065 5980 title,
2092 5911 2232 5966 votis
2262 5920 2441 5965 tamen
2473 5923 2594 5980 quae
2630 5917 2815 5964 nostra
2845 5916 2970 5962 sunt
3006 5908 3347 5973 arripiet-ten.

3400 1252 3415 1298 i

3365 5312 3377 5335 ρ
