3860 6496
156 451 245 508 ΜΩ

1149 453 1493 511 ιιιετοιιω
1532 457 2091 515 ECCLESIASTICE
2130 458 2256 516 LIB.
2294 457 2357 513 X.

3256 456 3358 511 ϐω

165 566 610 649 ῒ-ῌωῃτιτςιὸς
629 569 816 649 ἐπὶτῇ
839 573 956 649 τῶν
1002 577 1347 643 ἐκκλησιων
1396 575 1686 649 οικοδομῇε

1801 579 1840 649 1-
1885 578 2070 638 Oratio
2122 578 2555 649 panegyricaide
2607 571 2971 649 cdiﬁcatione.
3000 568 3360 639 ecclesiarum,

181 638 450 702 Παυλίνῳ
483 643 706 708 Τυριων
731 638 1041 713 ἐπισκόπῳ
1066 638 1666 717 προσπεφωνημένόςῖ

210 724 274 783 Ὦ
312 731 456 800 φίλοι
492 730 632 787 Θεοῦ
677 736 770 790 καὶ
821 739 1003 809 ἱερεῖς,
1049 741 1096 792 οἱ
1130 740 1219 795 τὸν
1262 739 1415 808 ἅγιον
1463 739 1696 812 ποδήρηο

152 823 227 878 καὶ
258 821 347 876 τὸν
382 822 636 893 οὐράνιον
664 827 763 898 τῆς
794 827 951 901 δόξης
991 831 1273 899 στέφανον,
1312 831 1371 884 τό
1397 848 1460 885 τε
1492 834 1699 903 χρῖσμα

150 910 198 962 τὸ
232 908 427 975 ἔνθεον,
468 914 566 967 καὶ
599 914 698 986 τὴν
738 917 1015 989 ἱερατικὴν
1055 919 1149 972 τοῦ
1194 921 1350 989 ἁγίου
1384 920 1697 992 Πνεῦματος

151 1002 318 1074 στολὴν
368 1005 854 1080 περιϐεϐλημένοι,
900 1011 962 1064 σύ
1022 1028 1102 1076 τε,
1147 1006 1192 1067 ὧ
1236 1012 1356 1068 νέου
1396 1014 1551 1083 ἁγίου
1592 1014 1696 1070 νεὼ

149 1092 265 1146 Θεοῦ
297 1097 697 1170 σεμνολόγημα,
724 1103 935 1174 γεραρᾷ
974 1103 1070 1173 μὲν
1101 1105 1353 1177 φρονήσει
1385 1105 1534 1176 παρά
1559 1103 1693 1158 Θεοῦ

150 1188 481 1259 τετιμημένε,
517 1192 645 1256 νέας
680 1193 737 1247 δὲ
780 1196 874 1248 καὶ
915 1196 1267 1270 ἀκμαζούσης
1309 1198 1508 1269 ἀρετῆς
1558 1196 1694 1271 ἔργα

152 1278 390 1352 πολυτελῆ
415 1282 512 1336 καὶ
539 1284 767 1354 πράξεις
806 1286 1228 1359 ὲπιδεδειγμένε,
1262 1282 1306 1357 ᾧ
1338 1291 1429 1343 τὸν
1471 1291 1562 1343 ἐπὶ
1591 1289 1695 1360 γῆς

148 1366 274 1425 οἷκον
304 1370 464 1436 αὐτὸς
500 1374 530 1426 ὁ
568 1375 659 1427 τὸν
706 1374 996 1446 σύμπαντα
1029 1379 1232 1449 κόσμον
1264 1382 1532 1453 περιέχων
1563 1379 1694 1445 Θεὸς

142 1458 406 1529 δείμασθαι
445 1460 542 1514 καὶ
583 1462 842 1519 ἀνανεοῦν
883 1465 1103 1537 Χριστῷ
1146 1467 1224 1538 τῷ
1269 1470 1548 1539 μονογενεῖ
1600 1469 1695 1522 καὶ

146 1554 455 1623 πρωτογενεῖ
490 1553 659 1607 αὐτοῦ
690 1554 866 1625 Λόγῳ,
899 1559 965 1627 τῇ
1007 1574 1067 1611 τε
1112 1559 1242 1629 ἁγία
1270 1559 1364 1612 καὶ
1404 1559 1695 1632 θεοπρεπεί

143 1642 311 1696 τούτου
336 1642 542 1717 νύμφῃ,
581 1646 753 1716 γέρας
778 1645 1049 1721 ἐξαίρετον
1073 1648 1370 1720 δεδώρηται
1400 1650 1510 1722 (95)
1535 1668 1548 1681 ⁸
1581 1650 1688 1705 εἴτε

143 1752 217 1798 τις
236 1736 345 1789 νέον
370 1754 428 1790 σε
459 1738 751 1809 Βεσελεὴλ,
779 1737 928 1804 θείας
960 1741 1313 1812 ἀρχιτέκτονα
1342 1743 1548 1814 σκηνῆς
1571 1735 1689 1797 ἐθέὲ

141 1824 213 1878 λοι
237 1826 429 1889 καλεῖν,
459 1829 571 1880 εἴτε
594 1828 903 1898 Σολομῶνα.
941 1832 1131 1903 καινῆς
1173 1831 1267 1885 καὶ
1290 1832 1423 1886 πολὺ
1451 1834 1689 1905 κρείττο-

2082 641 2314 703 Ραηίίἇῦ
2346 646 2623 717 Tyriorum
2651 645 2886 714 episcopo
2916 641 3080 694 dicta.

1866 740 2037 797 Amici
2072 750 2128 795 et
2158 739 2471 796 sacerdotes
2506 736 2622 799 Dei,
2667 733 2760 804 qui
2801 747 2954 788 sacra
2981 730 3163 786 tunica
3197 730 3357 784 talari

1797 830 1995 892 induti.
2047 841 2102 884 et
2158 829 2362 886 cmlesti
2391 827 2579 898 gloria:
2618 840 2820 882 corona
2858 822 3119 889 decorati,
3147 821 3361 875 divina-

1796 937 1901 990 que
1932 922 2183 976 unctione
2206 918 2451 983 delibuti,
2486 927 2539 973 et
2564 915 2891 972 sacerdotali
2924 915 3094 969 sancti
3124 910 3359 981 Spiritus

1796 1023 1945 1068 veste
1974 1014 2157 1069 amicti
2194 1012 2363 1078 estis;
2389 1022 2552 1081 tuque
2581 1027 2614 1065 ο
2636 1011 2759 1065 novi
2792 1025 2855 1063 ac
2894 1009 3064 1063 sancti
3089 1004 3181 1061 Dei
3217 1016 3357 1061 tem-

1798 1104 1867 1174 pli
1912 1105 2075 1159 decus
2105 1103 2362 1158 eximium
2392 1143 2407 1169 ,
2438 1102 2529 1171 qui
2563 1102 2717 1156 senili
2765 1101 2979 1172 quidem
3022 1098 3301 1169 prudentia
3323 1113 3353 1151 a

1799 1199 1907 1252 Deo
1936 1199 2220 1253 decoratus
2247 1212 2324 1261 es,
2352 1196 2606 1267 juvenilis
2638 1205 2818 1250 autem
2871 1211 2933 1250 ac
2963 1196 3153 1250 vividae
3184 1194 3356 1249 virtu-

1800 1292 1867 1345 tis
1898 1290 2153 1360 praeclara
2188 1288 2435 1344 facinora
2465 1288 2714 1352 edidiSti;
2760 1287 2845 1341 cui
2885 1287 2999 1356 ipse
3044 1286 3356 1341 universum

1795 1384 2051 1439 mundum
2102 1384 2383 1438 continens
2448 1382 2611 1445 Deus,
2648 1382 2786 1435 hanc
2833 1380 2885 1434 iu
2927 1381 3089 1434 terris
3140 1380 3356 1436 domum

1792 1475 2010 1530 Christo
2044 1473 2203 1528 unico
2251 1488 2318 1528 ac
2377 1471 2738 1542 primogenita
2770 1486 2869 1524 suo
2905 1470 3099 1533 Verbo.
3137 1480 3361 1526 sanctae-

1791 1581 1897 1636 qne
1919 1580 1982 1620 ac
2007 1563 2203 1619 divina:
2223 1562 2344 1632 ejus
2375 1574 2586 1631 sponsae
2616 1568 2930 1614 construere
2977 1575 3042 1615 ac
3072 1574 3353 1628 renovare,

1792 1657 1989 1713 eximia
2044 1655 2277 1726 quadam
2333 1651 2690 1723 prmrogativa
2726 1650 3036 1717 concessit;
3073 1651 3234 1722 372
3263 1666 3359 1705 seu

1795 1750 1920 1819 quis
1975 1758 2028 1805 te
2076 1761 2272 1802 novum
2320 1743 2647 1799 Beseleelem
2694 1741 2860 1798 divini
2895 1742 3245 1797 architectum
3277 1752 3360 1797 ta-

1795 1840 2074 1899 bernaculi
2107 1853 2306 1895 vocare
2352 1835 2620 1900 voluerit;
2654 1849 2750 1889 seu
2807 1833 3175 1900 Salomonem,
3208 1849 3358 1889 novae

140 1933 220 1980 νος
256 1918 607 1990 Ἰερουσαλὴμ
642 1919 896 1989 βασιλέα,
932 1923 1042 1975 είτε
1074 1924 1168 1976 καὶ
1198 1922 1318 1978 νέον
1364 1923 1686 1995 Ζοροϐάϐελ,

1794 1951 1856 1989 ac
1887 1933 2057 1989 multo
2084 1928 2483 2003 praestantioris
2523 1925 2825 1982 Jerusalem
2894 1941 3113 1996 regem:
3140 1942 3233 1980 seu
3273 1927 3360 1982 de-

139 2007 226 2079 τὴν
253 2008 378 2063 πολὺ
411 2011 699 2082 κρείττονα
729 2009 885 2076 δόξαν
921 2013 1021 2083 τῆς
1051 2013 1322 2086 προτέρας
1353 2015 1430 2087 τῷ
1465 2015 1569 2087 νεῷ
1596 2015 1689 2070 τοῦ

139 2098 256 2153 Θεοῦ
281 2102 628 2174 περιτιθέντα
652 2121 665 2135 ·
699 2103 834 2158 ἀλλά
860 2106 954 2158 καὶ
981 2106 1157 2176 ὑμεῖς,
1189 2101 1234 2160 ὦ
1261 2106 1360 2177 τῆς
1383 2109 1533 2179 ἱερᾶς
1562 2109 1691 2178 ἀγέ-

139 2190 221 2263 λης
239 2194 467 2265 Χριστοῦ
499 2194 814 2267 θρέμματα,
836 2197 1006 2266 λόγων
1036 2199 1254 2268 ἀγαθῶν
1278 2200 1448 2264 ἑστία,
1482 2217 1691 2274 σωφρο-

142 2280 289 2353 σύνης
343 2286 752 2359 παιδευτήριον,
818 2291 910 2343 καὶ
979 2291 1290 2357 θεοσεϐείας
1349 2292 1543 2364 σεμνὸν
1597 2292 1691 2346 καὶ

139 2373 359 2442 θεοσεϐὲς
382 2377 752 2452 ἀκροατήριον
792 2382 902 2455 (96)
923 2399 937 2414 ’
974 2383 1138 2438 πάλαι
1181 2386 1279 2456 μὲν
1312 2389 1442 2459 ἡμῖν
1471 2386 1569 2451 τὰς
1595 2403 1692 2441 πα-

140 2472 365 2542 ραδόξους
395 2474 749 2547 θεοσημείας,
782 2476 876 2529 καὶ
907 2476 1014 2530 τῶν
1042 2475 1134 2530 τοῦ
1164 2477 1370 2549 Κυρίου
1399 2478 1690 2549 θαυμάτων

139 2561 220 2627 τὰς
252 2564 328 2627 εἰς
370 2564 698 2638 ἀνθρώπους
744 2568 1079 2639 εὐεργεσίας,
1119 2568 1206 2624 διὰ
1248 2569 1406 2623 θείων
1441 2571 1686 2640 ἀναγνω-

139 2654 334 2724 σμάτων
378 2657 517 2730 ἀκοῇ
551 2658 1036 2730 παραδεχομένοις,
1071 2659 1273 2731 ὕμνους
1312 2662 1391 2725 είς
1420 2660 1551 2715 Θεὸν
1598 2663 1689 2716 καὶ

138 2746 258 2815 ᾠδὰς
290 2749 638 2821 ἀναπέμπειν
676 2749 824 2821 ἐξῆν,
854 2750 1029 2821 λέγειν
1070 2753 1476 2824 παιδευομένοις
1500 2770 1513 2785 '
1562 2772 1582 2808 ι
1629 2754 1689 2807 '0

138 2839 269 2906 Θεὸς,
295 2843 349 2896 ἐν
394 2844 509 2906 τοῖς
559 2842 698 2896 ὠσὶν
746 2843 901 2915 ἡμῶν
952 2844 1297 2917 ἠκούσαμεν·
1353 2847 1402 2899 οἱ
1450 2845 1688 2919 πατέρες

139 2931 272 3001 ήμῶν
320 2936 654 3006 ἀνήγγειλάν
698 2937 828 3007 ἡμῖν
883 2921 1043 3009 ἔργον
1088 2937 1117 2991 ὃ
1157 2938 1398 3010 εἰργάσω
1463 2939 1521 2992 ὲν
1568 2941 1686 3001 ταῖς

1793 2030 1958 2097 nique
2007 2039 2203 2079 novum
2257 2019 2592 2086 Zozobabel;
2633 2020 2831 2090 quippe
2876 2017 2968 2087 qui
3033 2016 3234 2085 templo
3262 2016 3357 2072 Dei
3430 2062 3433 2065 .

1791 2121 1952 2190 longe
2004 2117 2271 2187 majorem
2301 2130 2463 2186 quam
2498 2125 2658 2170 antea
2693 2112 3039 2180 splendorem
3070 2111 3355 2181 adjeceris.

1790 2211 1900 2264 Vos
1934 2223 2147 2281 quoque
2195 2223 2228 2262 ο
2272 2223 2401 2278 grex
2451 2206 2652 2263 Christi
2682 2219 2859 2267 sacer,
2885 2202 3217 2273 optimorum
3243 2219 3361 2259 ser-

1792 2315 2011 2355 monum
2044 2298 2398 2362 domicilium,
2429 2296 2708 2351 modestiae
2737 2293 2945 2361 schola,
2984 2309 3149 2365 grave
3173 2309 3237 2350 ac
3264 2310 3357 2349 re-

1792 2396 2040 2465 ligiosum
2094 2391 2317 2463 pietatis
2372 2389 2736 2454 auditorium;
2769 2387 3085 2458 jamdudum
3137 2388 3356 2458 quidem

1791 2503 1890 2543 nos
1923 2485 2013 2558 qui
2045 2484 2304 2555 stupenda
2351 2483 2445 2539 Dei
2470 2480 2732 2552 prodigia,
2757 2488 2813 2535 et
2841 2479 3213 2534 admirabilem
3248 2479 3355 2533 Do-

1791 2579 1921 2633 mini
1946 2593 2073 2649 erga
2104 2577 2354 2633 homines
2399 2574 2805 2630 beneficentiam
2848 2586 2915 2626 ex
2951 2571 3149 2627 divinis
3187 2585 3358 2626 sacrm

1791 2671 2087 2740 Scriptura:
2111 2667 2437 2723 lectionibus
2464 2666 2776 2735 frequenter
2799 2662 3172 2730 audiebamus,
3201 2662 3357 2733 bym-

1790 2780 1889 2820 nos
1916 2772 1969 2819 et
2002 2760 2215 2818 cantica
2254 2760 2305 2814 in
2344 2759 2437 2815 Dei
2472 2758 2683 2812 laudem
2719 2757 3007 2812 concinere
3037 2753 3355 2820 assuefacti,

1789 2858 1873 2912 his
1898 2855 2079 2911 verbis
2126 2854 2203 2909 uti
2253 2862 2571 2924 poteramus
2604 2866 2619 2903 :
2660 2869 2679 2900 ι
2704 2848 3099 2913 Deus,auribes
3144 2847 3355 2902 nostris

1788 2947 2136 3003 audivimus:
2176 2953 2358 3015 patres
2435 2942 2604 2997 nostri
2666 2939 3127 2993 annuntiavcrunt
3196 2938 3356 2993 nobis

138 3022 343 3094 ἡμέραις
363 3026 567 3090 αὐτῶν,
608 3029 668 3079 ὲν
698 3029 929 3100 ἡμέραις
954 3030 1222 3100 ἀρχαίαις.
1260 3049 1277 3081 ι
1321 3028 1480 3082 Ἀλλά
1505 3028 1599 3082 νῦν
1621 3046 1684 3097 γε

1794 3052 1922 3107 opus
1954 3035 2097 3106 quod
2128 3043 2388 3104 operatus
2418 3045 2477 3086 es
2522 3031 2576 3084 in
2606 3030 2799 3083 diebus
2834 3044 3046 3093 eorum,
3072 3028 3131 3082 in
3161 3027 3355 3083 diebus

136 3113 287 3167 οὐκέτ’
325 3118 519 3183 ἀκοαῖς
568 3119 692 3173 οὐδὲ
724 3120 894 3189 λόγων
936 3123 1144 3191 φήμαις
1180 3121 1272 3175 τὸν
1307 3120 1563 3193 βραχίονα
1595 3120 1685 3175 τὸν

1794 3130 2024 3197 antiquis
2044 3128 2111 3182 ⁸³.
2138 3146 2157 3180 ι
2191 3126 2344 3181 Nunc
2373 3139 2503 3179 vero
2533 3137 2654 3178 cum
2694 3136 2799 3175 non
2856 3121 3042 3175 auditu
3082 3119 3216 3183 solo,
3255 3133 3355 3176 nec

136 3204 332 3277 δ’δδτῖλδνν
362 3211 462 3282 τήν
493 3228 555 3264 τε
595 3211 846 3282 οὐράνιον
877 3211 1052 3279 δεξιὰν
1104 3212 1198 3266 τοῦ
1246 3210 1556 3281 παναγάθου
1590 3210 1683 3263 καὶ

1794 3222 1972 3277 verbis
2004 3234 2068 3275 ac
2099 3211 2245 3272 fama
2266 3220 2444 3280 tenus,
2479 3214 2570 3269 Dei
2597 3212 2786 3283 optimi
2832 3210 3054 3266 maximi
3089 3212 3229 3280 regis
3259 3226 3351 3263 no-

136 3298 502 3368 παμϐασιλέως
536 3301 701 3373 ἡμῶν
746 3302 882 3357 Θεοῦ
926 3303 1465 3375 παραλαμϐάνουσιν,
1506 3300 1686 3376 ξργοις

1794 3309 1886 3365 εινί
1934 3308 2217 3363 brachium
2242 3305 2516 3361 excelsum
2542 3313 2596 3359 et
2631 3301 2907 3358 caelestem
2941 3302 3188 3357 dextram
3221 3316 3349 3371 per-

132 3382 187 3449 ε,
225 3388 295 3453 ὡς
324 3391 453 3455 ἔπος
487 3394 686 3456 εἰπεῖν,
723 3394 816 3448 καὶ
853 3395 1034 3458 αὐτοῖς
1074 3394 1372 3465 ὀφθαλμοῖς
1409 3392 1476 3445 τά
1517 3391 1686 3446 πάλαι

1794 3400 2080 3471 ripiamus;
2113 3399 2209 3455 sed
2236 3398 2413 3466 reipsa
2448 3396 2780 3465 nostrisque,
2815 3402 2874 3449 ut
2913 3395 2987 3449 ita
3012 3394 3350 3462 dicam,ocu—

137 3480 301 3554 μνήμῃ
327 3484 745 3556 παραδεδομένα
768 3486 932 3540 πιστὰ
951 3487 1044 3541 καὶ
1067 3486 1238 3557 ἀληθῆ
1260 3476 1683 3557 καθορωμένοις,

1794 3492 1874 3557 iis,
1912 3506 2102 3547 eorum
2136 3505 2258 3563 quae
2297 3488 2429 3546 olim
2461 3489 2680 3557 scriptis
2701 3487 2912 3559 prodita
2939 3494 3069 3541 sunt
3095 3486 3255 3541 (idem
3285 3499 3352 3539 ac

131 3566 360 3643 δεύτερον
425 3573 598 3646 ὕμνον
670 3576 935 3631 ἐπινίκιον
994 3577 1258 3649 πάρεστιν
1325 3574 1683 3647 ἀναμέλπειν,

1794 3584 2067 3638 veritatem
2118 3594 2428 3644 cernamus,
2482 3579 2712 3635 alterum
2756 3577 2912 3633 nobis
2965 3575 3353 3646 triumphalem

131 3661 355 3736 ἐναργῶς
378 3686 437 3721 τε
467 3670 776 3739 ἀναφωνεῖν
802 3671 896 3723 καὶ
932 3668 1109 3738 λέγειν
1128 3686 1142 3700 ⁸
1178 3688 1196 3721 ι
1232 3667 1500 3739 Καθάπερ
1520 3664 1685 3737 ἡκού-

132 3770 305 3826 σαμεν,
333 3760 507 3824 οὕτως
546 3761 643 3814 καὶ
676 3760 906 3831 εἴδομεν,
943 3761 1003 3815 ἐν
1034 3760 1178 3814 πόλει
1210 3760 1416 3831 Κυρίου
1455 3757 1562 3812 τῶν
1595 3756 1686 3810 δυ-

127 3848 344 3917 νάμεων,
372 3854 432 3907 ὲν
477 3853 632 3906 πόλει
672 3852 766 3906 τοῦ
802 3851 936 3908 Θεοῦ
963 3852 1138 3924 ἡμῶν.
1187 3871 1206 3905 ι
1243 3852 1382 3924 Ποία
1414 3851 1472 3905 δὲ
1513 3849 1686 3915 πόλει,

130 3937 157 4009 ἢ
184 3944 303 4015 τῇδε
329 3948 395 4017 τῇ
438 3947 706 4019 νεοπαγεῖ
734 3945 827 3999 καὶ
855 3944 1183 4015 θεοτεύκτῳ;
1217 3945 1338 4016 ἥτις
1368 3946 1517 3998 ἐστὶν
1567 3943 1688 3997 Ἐκ-

127 4032 308 4105 κλησία
335 4036 470 4092 Θεοῦ
500 4038 706 4103 ζῶντος
724 4078 738 4100 ,
771 4036 957 4101 στύλος
993 4036 1088 4091 καὶ
1115 4036 1395 4109 ἑδραίωμα
1421 4037 1523 4109 τῆς
1552 4036 1685 4107 ἀλη-

128 4124 284 4193 θείαςο
309 4131 437 4203 περὶ
458 4127 528 4204 ἦς
559 4132 659 4185 καὶ
682 4128 809 4184 ἄλλο
833 4148 886 4184 τι
913 4131 1052 4184 θεῖον
1069 4129 1247 4199 λόγιον
1268 4124 1370 4183 ὧδέ
1394 4147 1509 4194 πως
1526 4130 1688 4198 εὐαγ-

124 4219 411 4287 γελίζεται·
456 4242 476 4275 ι
512 4220 888 4291 Δεδοξασμένα
914 4220 1147 4293 ἐλαλήθη
1172 4221 1298 4294 περὶ
1332 4220 1448 4286 σοῦ,
1473 4222 1506 4292 ή
1534 4221 1688 4285 πόλις

124 4308 203 4364 τοῦ
236 4313 402 4367 Θεοῦ·
446 4335 467 4367 ι
511 4315 599 4384 ἐφ’
637 4313 705 4384 ἣν
744 4311 834 4365 τοῦ
881 4312 1194 4382 παναγάθου
1223 4314 1687 4385 συγκροτήσαντος

122 4402 253 4472 ἡμᾶς
286 4405 423 4460 Θεοῦ
455 4405 545 4459 διά
579 4404 681 4474 τῆς
709 4403 803 4457 τοῦ
852 4402 1189 4473 Μονογενοῦς
1234 4403 1398 4457 αὑτοῦ
1443 4404 1684 4474 χάριτος,

122 4494 212 4546 τῶν
284 4496 566 4568 ἁνακεκλη
576 4496 756 4567 μένων
815 4496 1046 4559 ἕκαστος
1103 4495 1338 4567 ὑμνείτω
1408 4496 1687 4567 μονονουχὶ

120 4582 240 4652 βοῶν
266 4591 364 4643 καὶ
385 4589 583 4658 λέγων·
625 4607 643 4639 ι
682 4587 1006 4658 Εὐφράνθην
1033 4587 1124 4641 ἐπὶ
1148 4589 1263 4651 τοῖς
1289 4587 1537 4660 είρηκόσι
1573 4605 1684 4659 μοι,

120 4677 186 4741 εἰς
226 4674 377 4734 οἷκον
422 4681 635 4751 Κυρίου
689 4678 1087 4752 πορευσόμεθα.
1142 4698 1162 4732 ι
1211 4679 1353 4733 Καί·
1409 4698 1430 4732 ι
1487 4680 1680 4753 Κύριε,

114 4769 365 4844 ἠγάπησα
405 4774 745 4845 εὐπρέπειαν
777 4759 925 4826 οἴκου
976 4789 1089 4837 σου,
1125 4773 1219 4826 καὶ
1260 4772 1423 4826 τόπον
1476 4771 1684 4843 σκηνὼ-

118 4876 270 4928 ματος
293 4864 457 4938 δόξης
489 4882 607 4920 σου.
656 4882 676 4917 ι
709 4864 846 4920 Καὶ·
864 4864 938 4936 μὴ
983 4865 1141 4937 μόνον
1179 4882 1242 4935 γε
1271 4869 1300 4921 ὁ
1328 4865 1514 4931 καθείς
1549 4866 1679 4939 (97),

1790 3677 2047 3748 hymnum
2079 3688 2277 3730 canere
2304 3683 2467 3742 atque
2498 3673 2553 3727 in
2592 3673 2707 3728 hmc
2752 3673 2913 3728 verba
2945 3672 3147 3726 diserte
3169 3668 3353 3725 excla-

1788 3785 1937 3825 mare
1962 3770 2089 3824 licet
2118 3786 2132 3823 :
2164 3788 2183 3821 ι
2213 3768 2368 3825 Sicut
2397 3766 2801 3840 audivimus,sic
2821 3775 2876 3822 et
2899 3765 3156 3831 vidimus,
3190 3763 3241 3818 in
3268 3764 3351 3817 ci-

1787 3862 1950 3917 vitate
1986 3861 2193 3916 Domini
2227 3860 2519 3927 virtutum,
2563 3861 2615 3915 in
2654 3859 2875 3915 civitate
2923 3856 3014 3911 Dei
3053 3854 3303 3912 nostri“.
3327 3873 3351 3907 ι

1786 3954 2045 4020 Quaenam
2069 3967 2199 4007 vero
2225 3954 2314 4007 illa
2342 3953 2538 4009 civitas
2570 3960 2672 4016 est,
2703 3951 2803 4006 nisi
2836 3949 2949 4004 haec
2995 3963 3185 4004 recens
3208 3957 3353 4002 stru-

1786 4038 1875 4101 cta
1921 4054 1976 4099 et
2005 4059 2037 4099 a
2084 4046 2195 4100 Deo
2244 4044 2497 4100 condita:
2528 4043 2767 4099 Ecclesia
2810 4041 3019 4097 scilicet
3053 4039 3147 4095 Dei
3218 4039 3347 4101 vivi,

1787 4136 2035 4192 columna
2063 4146 2117 4191 et
2146 4136 2548 4191 firmamentum
2586 4133 2853 4189 veritatis.
2893 4130 2968 4185 De
3000 4145 3102 4200 qua
3121 4139 3172 4184 et
3203 4129 3353 4183 aliud

1787 4227 2057 4299 quoddam
2090 4227 2182 4281 Dei
2211 4226 2493 4280 oraculum
2527 4224 2598 4277 ita
2652 4223 2966 4292 pronuntiat
3000 4237 3012 4273 :
3054 4240 3071 4272 ι
3101 4219 3348 4275 Gloriosa

1787 4318 1927 4373 dicta
1958 4327 2079 4371 sunt
2106 4317 2170 4371 de
2198 4326 2270 4379 te,
2295 4315 2487 4371 civitas
2516 4314 2608 4368 Dei
2632 4313 2697 4367 ⁸⁸.
2722 4332 2742 4365 ι
2769 4312 2825 4366 In
2857 4327 3016 4381 quam
3057 4326 3178 4365 cum
3211 4306 3359 4364 Deus

1786 4410 2023 4477 optimus
2079 4408 2348 4461 maximus
2399 4404 2573 4474 gratia
2634 4418 2697 4458 ac
2768 4402 3032 4457 beneﬁcio
3086 4399 3350 4467 unigeniti

1787 4499 1910 4554 Fiiii
1944 4499 2023 4555 sui
2058 4514 2154 4552 nos
2178 4496 2612 4567 congregaverit,
2650 4495 3017 4564 unusquisque
3041 4509 3224 4548 eorum
3259 4493 3351 4558 qui

1788 4590 2066 4645 convocati
2114 4597 2241 4643 sunt
2281 4596 2441 4643 canat
2492 4597 2656 4655 atque
2701 4585 2968 4640 exclamet
3005 4584 3088 4638 his
3117 4585 3346 4638 verbis:

1795 4701 1813 4734 α
1837 4682 2072 4737 Lanatus
2104 4694 2222 4735 sum
2267 4679 2321 4732 in
2352 4678 2436 4732 his
2475 4692 2594 4746 qua:
2626 4677 2768 4731 dicta
2820 4686 2947 4730 sunt
2980 4675 3138 4738 mihi,
3179 4674 3233 4729 in
3262 4677 3350 4730 do-

1789 4789 1932 4827 mum
1997 4771 2209 4827 Domini
2261 4769 2464 4826 ibimus
2485 4768 2551 4822 “.
2591 4788 2609 4822 ι
2668 4766 2736 4822 Et
2797 4782 3028 4821 rursus:
3065 4765 3350 4832 «Domine,

1787 4863 1951 4921 dilexi
2001 4863 2251 4917 decorem
2301 4861 2493 4915 domus
2526 4868 2650 4924 tum,
2688 4866 2743 4912 et
2770 4857 2948 4911 locum
3003 4856 3357 4911 habitationis

170 5011 216 5043 “
237 5011 381 5067 Psal.
420 5028 580 5081 mn,
610 5011 670 5066 2.
736 5010 779 5043 “
808 5009 947 5065 Psal.
976 5026 1144 5076 τινα,
1181 5012 1234 5066 9.
1300 5010 1346 5042 "
1367 5009 1505 5066 Psal.
1532 5026 1686 5065 LXXX‘

1798 5011 1850 5064 3.
1926 5007 1971 5039 “
2012 5006 2151 5062 Psal.
2177 5019 2323 5068 cxxt,
2359 5004 2407 5057 Ι.

112 5169 169 5222 ad
217 5169 703 5226 immortalitatem
761 5183 863 5221 una
906 5183 1026 5223 cum
1075 5182 1140 5222 eo
1189 5169 1554 5223 cxcitaremnr
1618 5183 1685 5222 ex

114 5251 290 5295 Itorte.
335 5261 355 5293 ι
388 5240 708 5298 Ferrandus
733 5239 996 5308 diaconus
1022 5241 1076 5292 in
1103 5240 1335 5308 epistola
1364 5238 1430 5293 ad
1458 5237 1686 5308 Fulgen-

112 5308 232 5365 tium
302 5311 382 5367 De
436 5312 701 5381 baptismo
735 5307 1018 5381 ΔΑΞιΙιὶομῦε
1072 5323 1090 5361 :
1139 5307 1171 5381 ζ(
1220 5307 1362 5363 Hora
1420 5307 1681 5381 exoptata

113 5382 308 5448 (junctis
366 5378 695 5442 advenerat,
734 5378 786 5433 in
836 5394 939 5447 qua
996 5378 1224 5447 populus
1277 5378 1678 5448 acquisitionis,

115 5446 454 5522 Redemptori
493 5465 597 5506 suo
639 5464 737 5519 per
763 5446 1089 5518 baptismum
1108 5446 1478 5522 consepultus,
1513 5450 1679 5522 vitam

115 5517 336 5599 veterem
394 5517 655 5592 poneret'
695 5527 750 5574 et
794 5534 985 5573 novam
1042 5518 1459 5574 resurrectionis
1515 5517 1674 5572 fidem

114 5603 394 5647 Innnvaltts
421 5598 757 5646 assumeret.
794 5605 813 5639 ι

174 5660 279 5731 (95)
301 5662 505 5732 Γέρας
533 5659 844 5727 ἐξαίρετον
863 5657 1200 5732 δεδώρηται.
1228 5655 1674 5732 Christophorso—

115 5728 203 5786 nus
229 5737 345 5789 haec
379 5728 551 5786 verba
609 5732 685 5783 ita
715 5731 944 5798 accepit,
979 5731 1131 5798 quasi
1162 5741 1367 5798 sensus
1408 5730 1481 5798 sit
1507 5728 1676 5798 :edem

115 5800 246 5870 illam
278 5819 307 5857 a
342 5795 935 5870 Paulino‘fabricatam
964 5795 1084 5853 esse
1108 5796 1276 5870 γέρας
1305 5795 1578 5870 ἐξαίρετον
1603 5796 1679 5868 τῷ

113 5869 319 5952 Χριστῷ
332 5874 434 5929 καὶ
459 5875 534 5945 τῇ
560 5868 877 5940 Ἐκκλησία.
900 5869 1008 5934 Ego
1020 5884 1146 5926 vero
1169 5867 1331 5924 alium
1361 5867 1681 5925 horuntver-

1784 5168 1989 5224 horum.
2012 5182 2231 5224 sensum
2262 5182 2382 5222 esse
2411 5166 2699 5231 existimo;
2744 5162 2912 5219 Deum
2957 5163 3163 5219 scilicet
3203 5161 3358 5217 hanc

1781 5240 2033 5293 eximiam
2079 5240 2489 5307 praerogativam
2516 5235 2744 5307 Paul_itto
2775 5236 3134 5307 caricessisse,
3163 5241 3224 5286 ut
3280 5248 3359 5288 ze-

1781 5311 1903 5363 dein
1955 5310 2009 5363 in
2057 5305 2219 5363 terris
2265 5307 2482 5362 Christo
2525 5315 2580 5361 et
2626 5305 2881 5361 Ecclesia:
2940 5305 3237 5359 fabricaret
3293 5319 3357 5354 ac

1781 5389 2093 5434 renovaret.
2146 5378 2406 5433 Eumdem
2449 5391 2662 5444 quoque
2710 5390 2932 5431 sensum
2993 5385 3211 5429 secutus
3272 5382 3356 5427 est

1780 5447 2070 5504 Musculns.

1853 5520 1967 5589 (96)
1996 5516 2281 5585 Θεοσεόὲς
2305 5514 2714 5589 ἀκροατήριον.
2732 5515 2855 5589 _Non
2881 5512 3217 5589 dubitoquin
3242 5510 3348 5564 Eu-

1783 5584 1968 5645 sebius
2029 5584 2316 5655 scripserit
2356 5584 2684 5657 θεοπρεπές.
2731 5584 2974 5653 Ineptum
3003 5584 3149 5638 enim
3204 5592 3348 5637 esset

1785 5663 1985 5724 dicere,
2017 5657 2323 5727 θεοσεϐείας
2346 5656 2593 5727 θεοσεϐὲς
2615 5657 2994 5727 ἀκροατήριονἶ

1859 5720 1982 5803 (97)
2011 5729 2062 5781 ’0
2124 5726 2352 5803 πιιοεῒς.Δ
2382 5726 2626 5803 Barbara
2664 5720 2763 5780 vox
2798 5720 2910 5803 pro
2956 5720 3038 5803 sic
3093 5723 3342 5803 ἕκαστος.

1788 5795 2088 5869 Ωιίοάειιιη
2122 5814 2224 5853 non
2269 5797 2743 5869 animadvertisset
2794 5795 3083 5866 Muscuius,
3123 5796 3345 5867 ἰιιονιιδο

1786 5868 1937 5929 sitne
1957 5870 2114 5925 vertit
2148 5887 2165 5921 ι
2204 5869 2292 5937 (1μὶ
2324 5868 2504 5925 sedet.
2535 5885 2554 5920 ι
