3860 6484
489 467 588 525 851

1193 470 1462 527 EUSEBll
1500 471 1980 531 CJESARIENSIS
2018 473 2171 531 OPP.
2211 474 2395 532 PARS
2429 475 2472 531 Ι.
2512 502 2583 516 -·
2619 473 3016 532 HISTORICA.

3619 434 3711 527 θεὲ

489 586 675 656 gloriae
703 586 893 641 tum".
920 606 938 638 ι
983 586 1093 642 Nec
1125 585 1301 642 solum
1325 588 1713 659 unusquisque,
1757 590 1852 645 sed
1892 589 2044 646 simul

2153 591 2288 646 ἀλλὰ
2324 592 2498 647 καὶοὶ
2535 592 2735 655 πάντες
2776 590 2991 663 ἀθρόως
3041 591 3122 646 ἑνὶ
3174 590 3448 662 πνεύματι
3492 585 3584 642 καὶ
3625 588 3705 660 μιζ

488 693 681 734 omnes
707 694 813 734 uno
839 678 1035 748 spiritu
1064 694 1277 748 unoque
1325 681 1628 735 animorum
1661 695 1929 736 consensu
1959 696 2051 736 ve-

491 771 792 827 nerabuudi
822 770 1182 827 acclamemus
1221 773 1274 826 in
1304 773 1444 828 hunc
1480 773 1695 827 modum
1727 791 1742 828 :
1778 791 1798 826 ι
1826 772 2052 845 Magnus

490 864 749 919 Dominus
773 872 827 918 et
862 861 1151 919 laudabilis
1188 864 1372 930 nimis,
1405 864 1461 918 in
1524 864 1745 920 civitate
1803 865 1897 920 Dei
1959 880 2053 919 n9-

485 954 605 1021 stri,
641 955 695 1009 in
745 965 924 1011 monte
962 963 1153 1011 sancto
1214 955 1332 1028 ejus
1348 956 1414 1011 “.
1444 974 1464 1010 ι
1512 955 1649 1010 Nam
1678 966 1732 1011 et
1761 956 1877 1025 ipse
1903 971 2027 1011 vere

486 1060 713 1116 umgnus
741 1055 842 1111 est,
878 1055 934 1101 et
983 1061 1177 1118 magna
1209 1048 1401 1104 domus
1430 1048 1586 1119 ejus:
1618 1047 1887 1113 sublimis,
1919 1063 2037 1102 am-

483 1136 570 1206 pla
609 1146 665 1192 et
701 1138 944 1207 Speciosa
979 1153 1091 1208 pra;
1119 1138 1246 1194 ﬂliis
1269 1139 1572 1195 hominum.
1608 1138 1833 1211 Magnus
1868 1139 2054 1194 Domi-

483 1245 586 1286 nus
618 1230 710 1301 qui
768 1229 899 1284 facit
948 1229 1219 1285 mirabilia
1270 1229 1454 1286 solus:
1500 1229 1727 1303 Magnus
1779 1231 1869 1303 qui
1921 1230 2054 1286 facit

484 1336 677 1393 magna
708 1330 763 1376 et
785 1336 907 1391 qua:
938 1321 1253 1392 investigari
1287 1336 1394 1379 non
1449 1335 1699 1391 possunt,
1740 1331 1793 1376 et
1818 1322 2049 1388 gloriosa

480 1430 545 1470 ac
589 1415 875 1485 stupenda,
922 1428 1153 1484 quorum
1206 1428 1318 1471 non
1364 1424 1450 1470 est
1495 1430 1776 1471 numerus.
1826 1414 2053 1486 Magnus

478 1507 640 1580 373
664 1508 756 1578 qui
790 1516 1088 1563 commutat
1118 1518 1391 1562 momenta
1419 1522 1485 1563 ac
1530 1516 1775 1581 tempora
1800 1526 1816 1576 ;
1846 1509 1937 1580 qui
1975 1522 2053 1563 re—

477 1618 573 1672 ges
598 1610 1102 1671 exauctoratatque
1124 1600 1410 1656 constituit
1438 1616 1455 1653 :
1492 1618 1511 1652 ι
1535 1597 1823 1657 Suscitans
1850 1617 1879 1655 a
1906 1614 2050 1656 terra

479 1696 715 1763 inopem,
740 1703 794 1750 et
812 1694 880 1749 de
899 1705 1137 1749 stercore
1159 1693 1372 1764 erigens
1397 1706 1687 1765 pauperem
1704 1694 1771 1749 ".
1796 1714 1816 1747 ι
1856 1693 2051 1749 Detur.

476 1785 631 1841 bavit
670 1795 924 1857 potentes
960 1799 1026 1840 ex
1062 1783 1220 1848 solio,
1248 1793 1307 1839 et
1334 1798 1365 1838 a
1398 1794 1547 1841 terra
1569 1783 1838 1839 exaltavit
1868 1784 2051 1839 humi-

477 1872 605 1928 les:
638 1873 944 1929 esurientes
969 1873 1212 1944 implevit
1239 1872 1423 1939 bonis,
1451 1881 1507 1929 et
1527 1873 1751 1929 brachia
1788 1878 2050 1945 superbo-

2150 684 2295 756 ψυχῇ
2322 684 2671 756 γεραίροντες
2700 682 3130 755 ἀνευφημῶμεν,
3165 702 3185 734 ι
3226 682 3419 752 Μέγας
3444 678 3659 750 Κύριος,
3688 700 3704 731 ι

2152 772 2514 842 ἐπιλέγοντες,
2541 793 2560 825 ι
2597 773 2692 827 καὶ
2717 773 2928 836 αἰνετὸς
2958 773 3187 845 σφόδρα,
3216 775 3274 828 ἐν
3297 772 3449 827 πόλει
3475 769 3568 824 τοῦ
3592 768 3709 823 Θεοῦ

2153 863 2393 939 ήμῶν,ἐν
2408 865 2522 939 ὄρει
2548 864 2687 936 ἁγίῳ
2707 863 2894 918 αὑτοῦ.
2909 864 3168 937 »Καὶγάρ
3187 859 3280 918 οὖν
3304 864 3478 937 μέγας
3501 862 3577 925 ὡς
3594 859 3710 933 ἀλη-

2154 956 2262 1027 θῶς
2293 956 2386 1014 καὶ
2421 957 2592 1028 μέγας
2614 958 2642 1010 6
2668 953 2815 1020 οἶκος
2845 955 3032 1021 αὐτοῦ,
3058 955 3278 1029 ὑψηλὸς,
3302 956 3398 1010 καὶ
3425 954 3709 1025 ἐπιμήκης,

2152 1050 2247 1103 καὶ
2267 1048 2463 1122 ὡραῖος
2482 1048 2665 1103 κάλλει
2683 1047 2835 1119 παρὰ
2849 1050 2975 1113 τοὺς
2997 1050 3146 1113 υἰοῦς
3159 1049 3267 1102 τῶν
3280 1048 3380 1103 ἀνθ
3387 1046 3606 1120 ρώπωνσ
3628 1045 3710 1116 μέ.

2152 1155 2257 1208 γας
2281 1140 2310 1192 6
2331 1137 2533 1211 Κύριος
2553 1139 2581 1192 6
2610 1137 2779 1193 ποιῶν
2798 1137 3076 1212 θαυμάσια
3099 1138 3279 1209 μόνος’
3312 1137 3489 1208 μέγας
3514 1137 3542 1189 6
3563 1133 3712 1188 ποιῶν

2156 1229 2367 1303 μεγάλα
2404 1231 2497 1290 καὶ
2522 1230 2924 1303 άνεξιχνίαστα,
2965 1229 3149 1294 ἕνδοξά
3181 1245 3241 1282 τε
3270 1228 3367 1282 καὶ
3398 1226 3626 1292 ἐξαίσια,
3645 1226 3710 1281 ὦν

2152 1320 2253 1374 ούκ
2302 1320 2457 1385 ἐστιν,
2502 1320 2769 1397 ἀριθμός·
2803 1320 2977 1396 μέγας
3018 1322 3047 1375 6
3091 1318 3319 1375 ἀλλοιῶν
3366 1318 3593 1389 καιροὺς
3631 1314 3711 1369 καὶ

2152 1411 2410 1482 χρόνους,
2456 1410 2725 1482 μεθιστῶν
2762 1408 3003 1480 βασιλεῖς
3042 1409 3137 1463 καί⁵
3165 1404 3467 1469 καθιστῶν,
3504 1402 3716 1473 ἐγείρων,

2153 1500 2263 1559 ἀπὸ
2279 1503 2384 1573 γῆς
2398 1499 2634 1571 πτωχὸν,
2652 1500 2745 1559 καὶ
2764 1499 2874 1559 ἀπὸ
2887 1498 3119 1571 κοπρίας
3134 1495 3354 1567 ἀνυψῶν
3370 1494 3580 1566 πένητα
3595 1493 3706 1564 (98).

2151 1592 2384 1647 Καθεῖλε
2412 1593 2676 1657 δυνάστας
2704 1591 2811 1646 ἀπὸ
2844 1590 3071 1664 θρόνων,
3101 1591 3196 1645 καὶ
3224 1588 3411 1659 ὖψωσε
3440 1586 3710 1650 ταπεινοὺς

2152 1685 2259 1738 ἀπὸ
2285 1685 2412 1756 γῆς’
2460 1684 2757 1749 πεινῶντας
2784 1682 3082 1756 ἐνέπλησεν
3117 1679 3372 1751 ἀγαθῶν,
3408 1680 3506 1734 καὶ
3538 1677 3707 1750 βραχί-

2150 1795 2279 1842 ονας
2325 1779 2690 1851 ὑπερηφάνων
2723 1777 3071 1849 συνέτριψεν*
3121 1794 3141 1828 ›
3188 1775 3249 1829 οὐ
3297 1777 3514 1838 πιστοῖς
3549 1773 3705 1844 μόνον,

2151 1869 2287 1924 ἀλλά
2330 1871 2426 1925 καὶ
2466 1870 2736 1936 ἀπίστοις,
2777 1869 2887 1923 τῶν
2939 1867 3185 1923 παλαιῶν
3242 1867 3594 1939 διηγημάτων
3627 1864 3711 1936 τὴν

484 1980 602 2021 rum
632 1967 892 2022 contrivit
910 1967 980 2020 ".
1007 1986 1027 2021 ι
1055 1968 1230 2037 Atque
1256 1968 1327 2022 ita
1345 1982 1454 2023 non
1472 1967 1649 2024 solum
1677 1968 1817 2039 apud
1844 1970 2044 2030 fideles.

2157 1962 2375 2033 μνήμην
2396 1962 2826 2032 πιστωσάμενος,
2855 1961 2883 2014 6
2912 1958 3351 2032 θαυματουργὺς,
3374 1960 3403 2012 6
3434 1958 3708 2030 μεγαλουρο

483 2070 671 2111 verum
727 2059 893 2112 etiam
937 2058 1077 2129 apud
1128 2057 1393 2125 infideles,
1445 2074 1633 2115 earum
1688 2074 1872 2113 rerum
1927 2073 2052 2129 quae

478 2147 610 2203 olim
645 2160 813 2219 gestae
841 2148 1100 2204 dicuntur
1138 2148 1298 2204 fidem
1324 2148 1690 2205 confirmavit.
1720 2149 1863 2207 Vere
1886 2150 2050 2205 mira-

479 2240 729 2297 culorum
790 2242 993 2312 opifex,
1029 2257 1350 2314 magnorum
1399 2258 1628 2317 operum
1686 2252 2048 2316 perpetrator,

476 2333 856 2391 universorum
886 2335 1166 2402 Dominus,
1193 2335 1356 2392 totius
1407 2336 1591 2392 mundi
1614 2336 1885 2405 conditor,
1934 2350 2051 2394 om-

477 2428 754 2501 nipotens,
783 2428 1046 2499 optimus,
1088 2427 1383 2497 maximus,
1406 2443 1548 2485 unus
1593 2442 1660 2484 ac
1703 2426 1850 2485 solus
1883 2428 2046 2492 Deus.

475 2522 576 2577 Cui
618 2536 817 2577 novum
866 2520 1136 2577 canticum
1184 2535 1477 2588 canamus;
1525 2520 1844 2578 obedientes
1873 2521 1922 2576 ei
1956 2522 2047 2593 qui

477 2610 611 2669 facit
636 2613 904 2669 mirabilia
947 2613 1124 2682 solus,
1149 2614 1409 2683 quoniam
1449 2614 1503 2669 in
1533 2612 1794 2670 sarculum
1825 2614 2048 2669 miseri—

474 2705 660 2760 cordia
694 2705 850 2777 ejns:
883 2705 975 2776 qui
1007 2706 1280 2777 percussit
1322 2719 1478 2776 reges
1517 2720 1769 2777 magnos,
1800 2716 1858 2761 et
1902 2705 2048 2761 occi-

473 2796 554 2851 dit
586 2810 741 2866 reges
795 2795 985 2862 fortes,
1017 2797 1273 2867 quoniam
1307 2797 1360 2853 iu
1389 2797 1647 2855 saeculum
1674 2797 2047 2854 misericordia

471 2885 593 2958 ejus
624 2906 639 2943 :
669 2889 793 2958 quia
829 2888 884 2943 in
945 2887 1253 2945 humilitate
1292 2898 1479 2945 nostra
1525 2888 1785 2946 Dominus
1838 2904 2050 2946 memor

472 2979 572 3035 fuit
602 2980 795 3046 nostri,
835 2989 891 3035 et
923 2979 1153 3036 redemit
1191 2996 1287 3038 nos
1317 2979 1386 3036 ab
1418 2980 1654 3038 inimicis
1700 2980 1990 3039 nostris”.
2022 2999 2042 3034 ι

470 3073 549 3143 Ac
574 3072 743 3129 Deum
786 3073 1006 3144 quidem
1035 3074 1281 3130 omnium
1310 3074 1530 3130 Patrem
1560 3073 1646 3130 his
1678 3073 1931 3132 laudibus
1951 3090 2046 3131 ce—

472 3162 685 3221 lebrare
729 3180 1006 3235 nunquam
1037 3180 1336 3223 cessemus.
1369 3165 1524 3221 lllum
1556 3182 1689 3224 vero
1714 3170 1806 3239 qui
1844 3184 2041 3225 secun-

469 3252 572 3311 dus
596 3265 785 3311 auctor
815 3255 1082 3314 bonorum
1128 3257 1286 3317 nobis
1316 3258 1562 3326 exstitit;
1601 3260 1696 3330 qui
1724 3275 1825 3317 nos
1849 3261 1924 3315 ad
1946 3261 2040 3316 Dei

2153 2055 2271 2125 γὸς,
2304 2057 2334 2108 6
2361 2054 2468 2108 τῶν
2497 2054 2632 2107 ὅλων
2658 2052 2947 2123 δεσπότης,
2978 2052 3007 2106 6
3039 2050 3134 2106 τοῦ
3173 2051 3491 2122 σύμπαντος
3523 2049 3705 2119 κόσμου

2151 2145 2499 2219 δημιουργὸς,
2532 2147 2562 2200 6
2595 2145 3006 2217 παντοκράτωρ,
3046 2146 3075 2199 6
3100 2142 3435 2212 πανάγαθος,
3468 2140 3497 2198 6
3524 2136 3600 2205 εἷς
3627 2140 3705 2194 καὶ

2158 2240 2317 2311 μόνος
2350 2237 2503 2303 Θεὸς,
2530 2230 2575 2306 ᾧ
2600 2237 2662 2291 τὸ
2688 2237 2873 2313 καινὸν
2909 2233 3063 2309 ᾆσμα
3129 2237 3450 2311 μέλπωμεν,
3474 2244 3706 2307 ιπροσυπ-

2154 2332 2446 2397 ακούοντες
2474 2330 2552 2407 τῷ
2581 2330 2822 2386 ποιοῦντι
2850 2330 3129 2402 θαυμάσια
3186 2330 3355 2401 μόνῳ,
3379 2322 3463 2383 ὅτι
3512 2330 3589 2394 εἰς
3627 2327 3704 2381 τδν

2152 2424 2323 2481 αἰῶνα
2350 2425 2411 2479 τὸ
2429 2423 2575 2488 ἔλεος
2599 2422 2764 2478 αὑτοῦ
2785 2440 2800 2454 ·
2835 2421 2913 2494 τῷ
2936 2420 3237 2487 πατάξαντι
3275 2421 3521 2493 βασιλεῖς
3553 2419 3701 2492 μεγά-

2150 2515 2276 2582 λους
2318 2516 2414 2576 καὶ.
2451 2515 2834 2575 ἀποκτείναντι
2878 2515 3116 2587 βασιλεῖς
3170 2514 3487 2586 κραταιοὺς,
3525 2514 3602 2568 ὅτι
3634 2514 3703 2576 εἰς

2148 2606 2242 2661 τὸν
2282 2606 2455 2666 αἰῶνα
2505 2606 2567 2667 τὸ
2612 2606 2759 2671 ἔλεος
2806 2604 2993 2673 αὐτοῦ,
3048 2606 3132 2659 ὅτι
3182 2607 3240 2662 ὲν
3285 2608 3353 2677 τῇ
3403 2602 3702 2661 ταπεινώσει

2150 2697 2307 2771 ἡμῶν
2332 2698 2575 2772 ἐμνήσθη
2603 2698 2759 2771 ἡμῶν
2784 2700 2814 2752 6
2835 2698 3059 2772 Κύριος,
3088 2699 3185 2755 καὶ
3210 2696 3553 2770 ἐλυτρὼσσιτο
3576 2696 3703 2767 ἡμᾶς

2150 2794 2217 2846 ἐκ
2247 2791 2357 2856 τῶν
2395 2791 2604 2865 ἐχθρῶν
2625 2791 2812 2863 ἡμῶν.
2853 2791 2965 2846 Καὶ
2994 2792 3087 2847 τὸν
3139 2790 3241 2862 μὲν
3291 2790 3405 2844 τῶν
3447 2790 3576 2847 ὅλων
3602 2790 3703 2843 Πα-

2149 2883 2286 2956 τέρα
2314 2882 2524 2947 τούτοις
2568 2881 3025 2954 ἀνευφημοῦντες,
3062 2883 3135 2953 μή
3176 2897 3310 2935 ποτε
3346 2880 3697 2951 διαλίποιμεν·

2150 2974 2240 3029 τὸν
2268 2974 2324 3028 δέ
2348 2974 2455 3028 τῶν
2482 2973 2703 3043 ἀγαθῶν
2730 2978 2863 3046 ἡμῖν
2884 2974 3134 3047 δεύτερον
3155 2974 3330 3029 αἴτιον
3353 2972 3486 3045 (99),
3514 2972 3597 3025 τὸν
3616 2971 3701 3043 τῆς

2152 3067 2480 3136 θεογνωσίας
2509 3067 2839 3140 εἰσηγητὴν,
2867 3067 2959 3122 τὸν
2997 3068 3095 3139 τῆς
3133 3065 3369 3139 ἀληθοῦς
3422 3063 3699 3126 θεοσεϐείας

2148 3160 2489 3225 διδάσκαλον,
2533 3161 2625 3215 τὸν
2673 3160 2782 3215 τῶν
2826 3160 3040 3216 ἀσεϐῶν
3082 3160 3340 3233 ὀλετῆρα,
3390 3159 3483 3214 τὸν
3530 3174 3701 3230 τυραν-

2146 3255 2418 3318 νοκτόνον,
2466 3254 2558 3309 τὸν
2602 3252 2695 3308 τοῦ
2740 3252 2854 3324 βίου
2903 3252 3199 3323 διορθωτὴν
3218 3290 3235 3316 ,
3270 3250 3365 3304 τὸν
3418 3249 3566 3322 ἡμῶν
3592 3247 3699 3301 uin;

472 3345 718 3403 notitiam
749 3349 1063 3404 informavit
1084 3364 1378 3420 veramque
1425 3350 1746 3422 religionem
1776 3352 2034 3418 edocuit;

2149 3349 2581 3424 ἀπεγνωσμένων
2607 3348 2839 3420 Σωτῆρα
2883 3346 3110 3418 Ἰησοῦν,
3137 3345 3243 3401 ἀνὰ
3268 3345 3447 3416 στόμα
3473 3344 3700 3416 φέροντες

469 3440 562 3510 qui
596 3440 790 3511 impios
821 3442 1094 3497 destruxit
1122 3451 1178 3498 et
1226 3453 1496 3516 tyrannos
1537 3443 1773 3513 occidit;
1812 3445 1904 3515 qu'i
1941 3460 2045 3501 sae-

470 3529 577 3586 culi
603 3546 783 3587 mores
809 3533 1051 3588 correxit
1078 3551 1095 3590 :
1123 3534 1214 3604 qui
1246 3550 1346 3591 nos
1375 3536 1607 3606 denique
1631 3551 1754 3592 cum
1778 3535 2042 3607 deplorati

469 3636 713 3678 essemus
742 3624 981 3679 servavit
1006 3622 1219 3681 :Jesum
1248 3627 1462 3682 scilicet
1491 3627 1701 3698 pariter
1720 3634 2044 3686 venerantes

470 3713 524 3768 in
555 3728 654 3770 ore
687 3730 901 3786 semper
926 3717 1247 3779 habeamus.
1269 3718 1430 3774 Solus
1454 3719 1601 3774 enim
1631 3719 1721 3773 ille
1747 3727 1803 3774 et
1827 3720 2049 3783 unicus,

471 3816 661 3880 utpote
687 3809 879 3880 Optimi
912 3809 1133 3865 maximi
1169 3809 1350 3867 Patris
1372 3811 1616 3882 optimus
1645 3812 1917 3867 maximus
1947 3811 2041 3866 Fi-

470 3901 597 3966 lius,
635 3916 760 3956 cum
810 3910 1049 3972 paterna:
1095 3901 1399 3958 clementiae
1428 3904 1748 3971 obsecutus,
1789 3915 2048 3959 naturam

468 4000 738 4060 nostram,
764 3993 856 4063 qui
887 3992 941 4048 in
964 3993 1233 4050 altissimo
1259 3993 1624 4065 corruptionis
1658 3994 1873 4065 gurgite
1890 3993 2045 4063 jace-

467 4086 681 4152 bamus,
712 4086 1077 4144 libentissime
1127 4086 1437 4155 induisset;
1476 4087 1625 4143 velut
1653 4088 2045 4159 praestantissi-

468 4193 589 4233 mus
639 4177 862 4250 quidam
918 4180 1161 4235 medicus
1205 4194 1483 4251 aegrorum
1539 4179 1699 4236 saluti
1730 4180 2037 4246 consulens,

467 4269 718 4326 morbum
758 4271 1033 4342 inspexit;
1064 4278 1213 4326 tetra
1231 4282 1399 4342 atque
1437 4272 1661 4327 horrida
1690 4271 1873 4327 ulcera
1903 4286 2039 4326 con-

464 4363 754 4430 trectavit;
779 4371 836 4418 et
856 4377 925 4417 ex
967 4361 1164 4417 alienis
1195 4362 1603 4419 calamitatibus
1628 4362 1732 4418 sibi
1769 4362 1872 4435 ipsi
1907 4379 2032 4434 pro-

465 4455 643 4525 prium
670 4455 917 4513 dolorem
968 4455 1185 4525 paravit
1208 4472 1229 4509 '.
1254 4469 1465 4525 nosque
1512 4471 1618 4511 non
1658 4455 1824 4512 modo
1861 4470 2038 4525 aegro-

466 4558 664 4616 tantes,
689 4559 745 4605 et
767 4547 1117 4620 gravissimis
1157 4562 1221 4602 ac
1253 4546 1483 4617 putridis
1511 4546 1789 4603 ulceribus
1812 4561 2043 4619 oppres-

460 4657 589 4711 sus;
614 4643 708 4698 sed
732 4644 843 4697 vita
880 4641 1099 4714 penitus
1121 4638 1413 4697 destitutos
1455 4642 1570 4710 ipse
1614 4655 1711 4711 per
1732 4654 1792 4696 se
1813 4656 1884 4696 ex
1915 4655 2041 4709 pro-

2144 3443 2494 3516 γεραίρωμεν
2513 3459 2527 3474 ·
2575 3443 2659 3496 ὅτι
2707 3439 2772 3511 δὴ
2805 3438 2964 3510 μόνος
3010 3432 3099 3493 οἷα
3144 3437 3464 3507 παναγάθου
3513 3430 3700 3506 Πατρδς

2148 3532 2456 3606 μονώτατος
2501 3533 2763 3605 ὑπάρχων
2812 3527 3128 3597 πανάγαθος
3177 3530 3338 3594 Παῖς,
3386 3525 3571 3598 γνώμῃ
3613 3522 3700 3591 τῆς

2145 3626 2419 3699 πατρικῆς
2464 3623 2905 3697 φιλανθρωπίας,
2954 3619 3064 3674 τῶν
3112 3622 3172 3675 ἐν
3222 3620 3401 3693 φθορᾷ
3427 3620 3570 3675 κάτω
3608 3628 3698 3670 που

2145 3723 2415 3792 κειμένων
2441 3717 2597 3791 ἡμῶν
2622 3713 2682 3772 εὖ
2709 3717 2854 3787 μάλα
2876 3713 3176 3788 προθύμως
3196 3713 3400 3778 ὑποδὺς
3423 3714 3516 3783 τὴν
3540 3709 3695 3780 φύσιν,

2142 3806 2234 3866 οἷά
2260 3816 2346 3877 τις
2376 3811 2576 3883 ἰατρῶν
2613 3811 2853 3883 ἄριστος,
2894 3810 2994 3879 τῆς
3022 3805 3130 3862 τῶν
3158 3805 3475 3877 καμνόντων
3502 3803 3569 3873 (1)
3595 3799 3696 3852 ’ἐνε-

2145 3921 2240 3960 κεν
2274 3905 2570 3978 σωτηρίας,
2599 3904 2703 3977 ὁρᾷ
2726 3902 2823 3975 μὲν
2845 3900 3014 3966 δεινὰ,
3040 3899 3287 3969 θιγγάνει
3310 3897 3355 3951 δ’
3385 3895 3598 3968 ἀηδέων,
3622 3892 3697 3944 ἐπ’

2144 3995 2455 4068 ἀλλοτρίῃσι
2485 4012 2544 4048 τε
2571 3993 2910 4064 ξυμφορῇσιν
2947 3989 3078 4054 ἰδίας
3104 3986 3415 4062 καρποῦται
3440 3985 3619 4051 λύπας,
3642 3979 3695 4036 οὐ

2145 4088 2436 4153 νοσοῦντας
2472 4087 2603 4144 αὐτὸ
2646 4086 2826 4158 μόνον,
2863 4084 2973 4139 οὐδ’
3002 4082 3186 4138 ἕλκεσι
3213 4082 3409 4146 δεινοῖς
3444 4078 3533 4135 καὶ
3559 4091 3699 4148 σεση-

2145 4182 2309 4237 πόσιν.
2355 4180 2455 4252 ἤδη
2494 4177 2772 4251 τραύμασι
2815 4174 3209 4246 πιεζομένους,
3242 4172 3381 4226 ἀλλά
3410 4170 3503 4225 καὶ
3542 4169 3596 4220 ἐν
3622 4181 3698 4219 νε-

2143 4277 2298 4347 κροῖς
2325 4271 2610 4343 κειμένους
2642 4270 2790 4341 ἡμᾶς
2828 4268 2889 4334 ἐξ
2921 4268 3101 4323 αὐτῶν
3141 4266 3326 4339 μυχῶν
3357 4262 3452 4317 τοῦ
3490 4258 3695 4316 θανάτου

2144 4366 2307 4430 αὐτὸς
2340 4362 2519 4435 ἐαυτῷ
2549 4360 2863 4427 διεσώσατο,
2899 4361 2980 4416 ὅτι
3016 4359 3152 4433 μηδὲ
3179 4358 3325 4413 ἄλλω
3352 4374 3430 4429 τῳ
3460 4354 3562 4409 τῶν
3590 4350 3694 4405 κατ’

2142 4456 2371 4531 οὐρανὸν
2418 4453 2669 4511 τοσοῦτον
2709 4453 2894 4526 παρῆν
2933 4451 3136 4525 ἰσχύος,
3173 4451 3251 4515 ὡς
3281 4453 3347 4522 τῇ
3392 4448 3495 4503 τῶν

2143 4567 2251 4605 των
2284 4547 2537 4611 ἀϐλαϐῶς
2573 4544 2992 4617 διακονήσασθαι
3033 4543 3298 4616 σωτηρίᾳ.
3336 4542 3509 4603 Μόνος
3540 4537 3581 4593 δ’
3614 4530 3695 4588 οὖν

2145 4640 2366 4712 καὶτῆς
2407 4639 2563 4711 ἡμῶν
2600 4637 2779 4693 αὐτῶν
2814 4635 3164 4710 βαρυπαθοῦς
3205 4636 3410 4707 φθορᾶς
3442 4630 3696 4703 ἐφαψάμε-

462 4734 629 4790 fnudo
667 4734 860 4790 roortis
918 4733 1185 4789 barathro
1231 4732 1432 4802 eripuit
1474 4747 1542 4787 ac
1594 4734 1855 4788 servavit.
1887 4732 2033 4787 Nulli

2149 4749 2250 4797 νος,
2285 4732 2446 4803 μόνος
2473 4731 2603 4794 τοὺς
2632 4727 2934 4802 ἡμετέρους
2962 4726 3199 4793 ἀνατλὰς
3233 4728 3447 4793 πόνους,
3473 4725 3616 4798 μόνος
3636 4719 3695 4773 τὰ

532 4851 577 4882 ⁸⁷
603 4851 749 4907 Psal.
790 4869 918 4918 xxv,
948 4852 1004 4910 8.
1080 4853 1126 4886 ⁵⁸
1151 4853 1295 4910 Psal.
1342 4854 1566 4921 xuii}.
1642 4855 1689 4889 "
1713 4856 1857 4911 Psal.
1887 4871 2020 4922 ειη,

2181 4856 2229 4887 ⁷⁸
2259 4854 2396 4910 Luc.
2423 4870 2463 4923 ι,
2501 4854 2590 4920 52,
2620 4852 2710 4907 55.
2783 4851 2831 4884 ‘“
2854 4849 2998 4907 Psal.
3047 4866 3248 4917 exxxv,
3275 4850 3330 4917 4,
3368 4850 3452 4914 f7,
3482 4846 3565 4902 23.
3660 4836 3666 4843 ’

532 4974 644 5048 (98)
688 4974 966 5045 Ἀνυψῶν
1002 4976 1251 5046 πένητα.
1300 4976 1392 5032 Sic
1420 4978 1585 5048 habet.
1610 4981 1833 5048 vulgata
1864 4980 2030 5035 editio

454 5045 676 5101 Psalmo
706 5061 846 5111 cxn;
878 5047 969 5101 sed
1001 5052 1170 5101 nostri
1227 5048 1383 5103 codd.
1429 5045 1592 5115 Mam,
1618 5045 1758 5107 Med.
1792 5057 1847 5107 et
1893 5049 2033 5105 Fuk.

454 5114 757 5190 praeferunt
783 5116 1016 5190 άνιστῶν
1047 5118 1276 5190 πένητα.

528 5185 642 5259 (99)
688 5185 1230 5259 Δεύτερονναττιοῖν.
1286 5189 1341 5243 in
1383 5189 1576 5243 codice
1633 5188 1889 5245 Medican
1934 5190 2039 5245 hoc

449 5259 704 5330 escliolion
735 5261 801 5330 ad
831 5258 1131 5330 marginem
1165 5260 1459 5330 ascriptum
1491 5269 1614 5314 est:
1647 5260 1849 5325 Κακῶς
1905 5260 2040 5316 κάν-

448 5326 630 5411 ταῦθα
643 5326 1328 5411 θεολογεῖς,Εύσέ6ιε,περί’
1339 5328 1432 5411 τοῦ
1460 5330 1904 5411 συνανάρχουοκαξ
1920 5349 2045 5411 συν-

456 5398 664 5473 αῖδίου,
711 5398 813 5473 καίι
846 5402 1189 5473 συμποιητοῦ
1235 5398 1343 5473 τῶν
1387 5400 1522 5473 ὅλων
1548 5398 1826 5473 Υίοῦξτοῦ
1867 5402 2037 5473 Θεοῦ⁸

454 5467 708 5592 δεύτερον
741 5470 902 5525 αὐτὸν
925 5467 1216 5527 ἀποκαλῶν
1246 5471 1416 5526 αἴτιον
1446 5470 1555 5525 τῶν
1583 5469 1823 5542 ἀγαθῶν,
1860 5472 2046 5526 συναί-

456 5556 570 5592 τιον
629 5558 727 5592 ντα
754 5543 848 5592 καὶ
878 5543 1037 5592 συνδῇ
1049 5544 1303 5592 monava
1318 5541 1399 5592 τῶ
1425 5542 1600 5592 Ila-mi.
1627 5540 1734 5592 τῶν
1762 5541 1926 5592 ὅλων.
1953 5544 2045 5592 καὶ

456 5556 570 5615 τιον
600 5540 727 5615 όντα
754 5543 848 5615 καί.
878 5543 1303 5615 συνδημιουργδν
1318 5541 1399 5615 τῷ
1425 5542 1600 5615 Πατρὶ
1627 5540 1926 5615 τῶνᾉόλων,
1953 5544 2045 5597 καὶ

459 5608 762 5682 όμοούσιον.
809 5611 865 5666 In
908 5608 1099 5668 codice
1129 5608 1349 5682 quoque
1368 5608 1661 5667 'Maznriuo
1682 5613 1924 5667 scltoliou
1958 5630 2043 5668 re-

459 5699 475 5728 ι
492 5679 702 5753 «tutiore
726 5698 887 5753 manu
913 5679 1219 5753 appositum
1243 5679 1349 5753 est,
1376 5699 1486 5753 quo
1508 5683 1769 5753 Eusebius
1793 5684 2045 5739 similiter

459 5748 898 5822 reprehenditur,
942 5748 1036 5819 qui
1082 5752 1279 5810 Filium
1332 5748 1479 5806 Patri
1510 5752 1807 5822 subjeccrit
1863 5763 1916 5807 et
1957 5771 2045 5811 sc-

451 5817 770 5899 cundutu-ei
802 5817 996 5899 locum_
1011 5822 1356 5899 a‘ttribuerit:
1381 5822 1445 5874 Τί
1463 5817 1637 5899 ταῦτ’]
1656 5822 1933 5899 ἄνθρωπε,
1950 5828 2045 5899 ἐπὶ

2140 4978 2378 5052 ὀιδάζων
2405 4982 2501 5033 καὶ
2529 4976 2821 5052 ὑποτιθεὶς,
2855 4977 2952 5052 καὶ
2982 4976 3051 5031 τά
3076 4976 3355 5052 δευτερεῖα
3393 4972 3491 5052 τοῦ
3510 4964 3694 5052 Πατρρς

2140 4993 2378 5044 οιοαςων
2405 4993 2501 5033 και
2529 4993 2821 5042 οποτιυεις,
2855 4993 2952 5034 και
2982 4993 3051 5031 τα
3076 4993 3228 5031 οευτε
3269 4993 3355 5030 εια
3393 4993 3484 5030 του
3510 4993 3692 5040 ματρυι,

2140 5051 2428 5122 ἀπονέμων
2451 5066 2465 5080 ·
2503 5048 2722 5122 ἐναντία
2757 5048 2981 5122 φρονῶν
3012 5048 3107 5102 καὶ
3142 4993 3372 5122 γρίφων
3411 5047 3518 5122 τοῖς
3550 5036 3693 5111 ὁμού-

2144 5064 2428 5132 απονεμευν
2451 5066 2465 5080 ·
2503 5064 2722 5103 εναντια
2757 5064 2972 5120 φρονων
3012 5064 3107 5102 και
3142 5064 3372 5170 γὶοαφων
3411 5064 3518 5107 τοις
3550 5064 3693 5111 upw-

2144 5138 2258 5197 σιον
2304 5138 2384 5192 τῳ
2406 5122 2583 5197 Πετρὶ
2640 5120 2731 5197 τδν
2782 5119 2938 5197 Υἰὸν”
2960 5118 3353 5197 δογματσσσιν
3402 5114 3568 5197 ἁγίοις
3594 5124 3697 5197 ,τεξ-

2142 5192 2335 5268 τράσιν
2435 5185 2510 5268 ῶν
2530 5180 2543 5193 ’
2564 5191 2858 5268 συνῆγορος
2906 5184 3015 5268 ἧς,
3032 5180 3102 5268 ἒέἰ
3139 5188 3213 5258 μὴ
3244 5180 3530 5268 προφ-ανῶς
3547 5254 3559 5268 .
3579 5180 3694 5268 tiret):

2142 5254 2324 5318 δὸνται
2352 5261 2405 5319 οἱ
2427 5261 2529 5334 τὰς
2552 5254 2781 5334 πράξεις
2801 5254 3225 5334 Δσυγγράιξαανεῖεεὶῖ
3264 5254 3465 5334 αὐτῶν.
3508 5254 3567 5334 ld_
3588 5257 3693 5334 est:

2152 5354 2173 5387 ι
2210 5334 2322 5390 Cur
2358 5330 2664 5405 huiusmodi
2690 5332 2757 5385 de
2790 5330 3008 5405 Christo
3035 5343 3319 5405 sermones
3338 5330 3395 5405 in
3423 5330 3691 5405 pernicictti

2148 5405 2344 5479 capitis
2373 5396 2447 5458 tui
2482 5403 2719 5479 Profers,
2754 5417 2787 5456 ο
2820 5401 3151 5479 ιιοιηοηρυειι
3180 5400 3272 5469 qui
3303 5396 3493 5479 gloria!
3520 5396 3693 5479 virtute

2148 5463 2543 5531 ac'substant'ia
2575 5463 2939 5544 undequaque
2989 5463 3331 5544 sitnilis'est'
3347 5468 3520 5544 Patri,
3546 5463 3667 5544 subii

2145 5527 2389 5617 ci'ens‘fa—r
2419 5527 2761 5617 supponens',
2793 5527 2864 5597 et.
2878 5544 3175 5617 secundum
3203 5555 3235 5617 _a
3277 5540 3440 5595 Patre
3461 5527 3695 5617 locumei

2147 5608 2561 5671 attribuensfl'n
2606 5629 2716 5685 quo
2746 5608 3029 5669 contraria
3074 5610 3349 5685 sentis_ac
3374 5608 3689 5685 scribiggn:

2146 5686 2415 5742 ctissimis
2430 5674 2704 5751 Patribus,
2728 5685 2820 5754 qui
2841 5681 3361 5754 consubstantialem
3385 5692 3499 5734 esse
3517 5674 3693 5754 Filium

2153 5739 2598 5829 pronuntiarunt.
2641 5739 2884 5829 quorum
2933 5751 3222 5829 sententia:
3270 5763 3323 5829 t_u
3355 5760 3555 5829 quoqtlf

2149 5816 2446 5897 scripsisti,
2476 5827 2589 5897 nisi
2610 5816 2790 5897 palam
2819 5824 3156 5878 mentiuntur
3188 5822 3296 5892 ‘qui
3340 5816 3480 5877 acta
3500 5816 3692 5871 illorum

454 5888 615 5968 auxili")
656 5888 758 5959 τῆς
782 5891 999 5968 ,σαυτοῦ
1030 5892 1300 5968 θεολογεῖς
1346 5888 1927 5968 κεξραλῆςί-τὶῂίδόξη
1956 5898 2044 5951 καί

2152 5888 2441 5968 meruerim
2461 5888 2838 5968 prodiderunt.
2854 5913 2898 5968 Δι

456 5956 683 6027 δυνάμει
712 5956 805 6014 καὶ
833 5962 991 6034 οὐσίᾳ
1028 5961 1170 6017 κατὰ
1195 5956 1373 6015 πάντα
1401 5956 1584 6033 ὅμοιόν
1606 5963 1682 6036 τῷ
1712 5956 2048 6037 Harp-1.67:0-

2225 5969 2303 6031 (ι)
2348 5961 2479 6031 Τῆς’
2515 5965 2635 6021 τῶν
2670 5965 3041 6033 καμνόντων.
3093 5961 3319 6020 lambici
3359 5968 3478 6018 sunt
3523 5962 3679 6011 verse
