3860 6504
379 362 488 421 855

1086 350 1358 410 EUSEBII
1392 350 1871 408 CIESARIENSIS
1908 350 2059 408 OPP.
2100 351 2283 437 PARS
2320 351 2361 408 1.
2401 384 2471 393 -
2507 349 2907 410 HISTORICA.

3494 337 3607 395 856

380 479 583 536 milites
605 473 895 533 durissima
921 483 1146 542 quaeque
1171 476 1490 525 constanter
1510 467 1829 523 sustinendo
1871 467 1949 525 de-

2059 468 2153 522 καὶ
2183 467 2263 539 τῷ
2306 466 2579 539 σύμπαντι
2610 465 2822 539 οὐρανῷ
2856 484 2917 521 τε
2950 467 3048 521 καὶ
3075 467 3262 540 κόσμῳ
3294 465 3615 539 προήγαγεν.

378 573 751 635 claraverant;
777 572 997 636 repente
1040 576 1329 632 apparens,
1364 570 1588 615 cunctos
1610 559 1824 631 quidem
1863 560 1957 615 ini-

310 677 323 690 ‘
379 664 553 719 micos
575 662 863 729 hostesque
884 653 1081 711 delevit
1109 661 1164 706 et
1198 652 1266 706 ad
1289 651 1516 707 nihilum
1549 652 1775 721 redegit,
1818 652 1954 707 adeo

380 734 443 810 ut
494 768 562 809 ne
600 748 861 807 nominati
913 746 1131 817 quidem
1162 759 1403 814 unquam
1444 741 1613 799 fuisse
1642 743 1952 798 videantur.

377 844 595 901 Amicos
616 855 743 898 vero
758 847 813 895 et
832 836 1128 892 familiares
1144 850 1293 899 suos,
1316 835 1458 906 apud
1477 847 1667 891 omnes
1681 849 1785 889 non
1810 850 1955 888 mor-

380 937 519 992 tales
545 933 920 997 modo,verum
958 928 1128 984 etiam
1150 927 1401 985 caelestes
1448 935 1764 997 p0testates,
1787 926 1954 983 solem

376 1040 608 1097 quoque,
625 1024 807 1079 lunam
830 1037 896 1079 ac
931 1020 1136 1091 reliqua
1154 1018 1357 1085 sidera,
1386 1018 1694 1088 coalumque
1721 1033 1786 1074 ac
1810 1034 1957 1073 mnn.

375 1122 505 1174 dum
529 1117 838 1173 universum
858 1153 876 1181 ,
903 1128 1064 1186 supra
1094 1125 1309 1169 omnem
1338 1110 1564 1181 gloriam
1586 1110 1785 1167 evexit.
1807 1111 1957 1167 Adeo

378 1216 457 1274 ut,
469 1207 611 1278 quod
638 1221 910 1276 nunquam
927 1212 1085 1260 antea
1101 1204 1425 1271 contigerat,
1440 1202 1635 1260 summi
1658 1203 1955 1273 imperato-

374 1313 465 1358 .‘es
482 1299 643 1371 375
658 1298 879 1356 honoris
895 1297 1037 1353 illius
1063 1311 1221 1367 quem
1250 1295 1344 1351 Dei
1358 1295 1621 1351 beneficio
1636 1303 1958 1364 acceperunt

375 1389 476 1446 sibi
506 1388 731 1456 conscii,
755 1388 870 1459 jam
890 1388 942 1443 in
961 1397 1296 1444 mortuorum
1329 1385 1739 1442 simulacrorum
1765 1384 1953 1440 faciem

375 1491 698 1552 conspuant,
733 1490 789 1535 et
821 1480 1087 1552 profanos
1114 1482 1416 1536 daemonum
1451 1478 1593 1535 ritus
1616 1479 1954 1546 conculcent,

374 1588 440 1628 ac
466 1580 732 1629 vetustum
756 1588 997 1629 errorem
1020 1589 1050 1628 a
1075 1571 1369 1640 majoribus
1394 1572 1651 1626 traditum
1672 1571 1953 1638 irrideant,

375 1678 539 1719 unum
562 1679 695 1720 vero
726 1680 791 1720 ac
830 1664 1007 1722 solum
1038 1666 1208 1721 Deum
1236 1680 1359 1719 cum
1383 1678 1513 1735 erga
1544 1678 1737 1718 omnes
1766 1673 1875 1716 tum
1900 1663 1951 1716 in

375 1754 580 1825 seipsos
608 1756 840 1810 maxime
864 1754 1167 1812 beneﬁcum
1216 1763 1513 1826 agnoscant
1542 1772 1556 1820 ;
1592 1764 1648 1809 et
1676 1753 1949 1809 Christum

375 1839 470 1895 Dei
499 1839 698 1895 Filium
749 1844 1129 1899 universorum
1170 1857 1351 1913 regem
1389 1858 1512 1900 esse
1542 1844 1899 1915 proliteantur
1930 1860 1947 1910 ;
1980 1827 2021 1882 Β

374 1945 500 1985 eum
538 1931 882 1988 Servatorem
918 1933 971 1988 in
998 1933 1190 1989 edictis
1215 1935 1329 1990 suis
1356 1934 1653 2004 praedicent
1683 1952 1698 2003 ;
1729 1933 1951 2005 ejusque

375 2038 463 2079 res
500 2023 760 2093 praeclare
784 2034 967 2093 gestas
999 2036 1051 2082 et
1074 2026 1335 2083 victorias
1357 2028 1421 2082 de
1454 2027 1633 2097 impiis
1653 2038 1861 2098 partas,
1896 2028 1948 2085 iu

375 2113 552 2168 media
585 2114 717 2169 urbe
746 2132 865 2184 qum
920 2116 1164 2180 omnium
1219 2126 1332 2173 toto
1385 2118 1516 2173 orhe
1551 2118 1833 2173 civitatum
1867 2135 1952 2174 re-

373 2206 498 2274 gina
544 2216 645 2273 est,
685 2208 955 2279 regalibus
994 2210 1246 2279 apicibus
1278 2210 1344 2265 ad
1373 2220 1688 2282 perpetuam
1717 2213 1951 2280 posteri-

375 2297 502 2354 tatis
534 2300 855 2354 memoriam
897 2302 1271 2370 przescribant.
1297 2301 1449 2359 Adeo
1478 2312 1537 2358 ut
1565 2302 1824 2359 Servator
1852 2319 1952 2359 no-

375 2402 485 2445 ster
504 2387 665 2447 Jesus
699 2392 973 2460 Christus,
1016 2396 1164 2450 solus
1191 2410 1258 2450 ex
1293 2396 1547 2452 omnibus
1571 2396 1662 2468 qui
1705 2398 1773 2452 ab
1803 2397 1948 2453 οιιιιιί

373 2498 488 2540 arvo
537 2501 780 2556 unquam
816 2488 1169 2556 exstiterunt,
1200 2492 1267 2546 ab
1315 2490 1447 2561 ipsis
1494 2492 1643 2548 orhis
1682 2501 1948 2547 terrarum

375 2576 601 2630 summis
632 2576 969 2647 principibus
998 2593 1104 2633 non
1133 2589 1193 2635 ut
1220 2596 1314 2636 rex
1338 2582 1578 2653 vulgaris
1611 2600 1677 2639 ex
1713 2583 1949 2638 homini-

376 2680 473 2721 nus
494 2666 669 2723 factus
694 2668 1039 2737 praedicetur,
1068 2669 1161 2725 sed
1192 2681 1450 2743 tanquam
1479 2675 1676 2729 summi
1703 2675 1947 2732 omnium

375 2752 469 2809 Dei
517 2756 780 2812 naturalis
813 2756 1008 2823 Filius,
1038 2775 1103 2814 ac
1136 2774 1235 2831 per
1264 2776 1326 2817 se
1359 2760 1504 2818 Deus
1528 2764 1785 2820 adoretur
1814 2782 1829 2820 :
1865 2778 1950 2821 at-

376 2861 479 2915 que
503 2845 558 2901 id
586 2846 713 2916 jure
760 2849 977 2906 merito.
1009 2850 1141 2918 Quis
1176 2853 1319 2908 enim
1354 2868 1418 2909 ex
1451 2855 1708 2912 omnibus
1727 2859 1817 2929 qui
1847 2875 1949 2914 un-

374 2953 534 3008 quam
585 2938 806 2994 fuerunt
836 2942 1073 3012 regibus,
1120 2943 1189 2997 ad
1223 2951 1431 2999 tantum
1488 2945 1711 3002 virtutis
1742 2963 1806 3004 ac
1854 2964 1948 3019 po-

374 3034 555 3087 tentiae
606 3032 822 3088 culmen
862 3044 1085 3092 evectus
1123 3046 1228 3105 est,
1255 3048 1316 3093 ut
1342 3040 1589 3095 omnium
1633 3043 1945 3099 mortalium

376 3139 535 3180 aures
563 3133 725 3195 atque
753 3125 963 3197 linguas
994 3130 1357 3200 appellatione
1384 3133 1467 3187 sui
1497 3134 1735 3189 nominis
1758 3136 1945 3207 imple-
1972 3171 2016 3230 ο

375 3216 507 3271 ret?
541 3216 672 3286 Quis
713 3232 782 3274 ex
826 3219 1041 3289 regibus
1084 3222 1234 3290 leges
1277 3221 1415 3279 adeo
1438 3223 1554 3295 pias
1580 3240 1645 3282 ac
1670 3226 1945 3283 modestas

371 3307 677 3374 constituit,
711 3318 877 3379 utque
909 3311 978 3364 ah
999 3308 1204 3367 ultimis
1230 3313 1344 3367 oris
1371 3313 1440 3368 ad
1473 3325 1749 3372 extremos
1772 3332 1949 3388 usque

375 3407 647 3454 terrarum
680 3399 818 3455 lines
843 3402 1059 3456 cunctis
1095 3402 1405 3460 hominibus
1432 3406 1775 3464 audientibus
1816 3425 1943 3481 per—

374 3499 535 3560 petuo
568 3489 897 3562 legerentur,
947 3492 1227 3547 obtinuit?
1268 3493 1401 3562 Quis
1435 3495 1671 3554 ferarum
1704 3503 1944 3572 gentium

375 3581 611 3637 nnmites
641 3590 696 3636 et
717 3581 982 3637 barbaros
1020 3597 1200 3639 mores
1237 3582 1538 3646 mitissimis
1561 3599 1723 3661 atque
1754 3594 1945 3647 humao

374 3672 615 3728 nissimis
666 3672 877 3743 legibus
933 3675 1275 3745 abrogavit?
1317 3677 1452 3747 Quis
1497 3691 1576 3737 tot
1621 3683 1945 3741 saeculorum

374 3764 552 3835 spatio
595 3764 665 3821 ab
712 3765 965 3821 omnibus
1017 3766 1388 3841 impugnatus,
1418 3772 1527 3829 vim
1574 3790 1640 3831 ac
1688 3777 1945 3833 virtutem

375 3856 610 3917 humana
651 3857 909 3929 majorem
959 3863 1217 3932 ostendit,
1257 3865 1393 3921 adeo
1419 3866 1561 3922 utin
1597 3867 1714 3923 dies
1735 3866 1944 3923 emcre-

376 3956 514 4016 scat,
547 3949 808 4020 omnique
851 3950 1087 4007 subinde
1137 3970 1251 4010 τενο
1278 3956 1592 4013 adolescere
1636 3957 1883 4013 videatur
1919 3959 1944 4013 ?

375 4037 507 4107 Quis
534 4049 745 4112 gentem
764 4057 882 4112 qua:
901 4060 969 4100 ne
993 4047 1181 4102 auditu
1210 4048 1432 4119 quidem
1463 4050 1696 4104 antehac
1727 4053 1941 4121 cognita

377 4131 574 4195 fuerat,
607 4147 714 4188 non
772 4135 824 4189 in
858 4137 1095 4196 obscuro
1151 4139 1334 4211 aliquo
1372 4151 1534 4196 terrae
1586 4141 1803 4211 angulo,
1849 4144 1943 4197 sed

375 4237 471 4291 per
502 4237 718 4278 omnem
764 4226 857 4295 qni
893 4228 994 4284 sub
1043 4229 1185 4286 cmlo
1224 4240 1310 4286 est
1353 4240 1623 4285 terrarum
1682 4229 1945 4287 ambitum

375 4314 701 4371 constituit?
729 4317 860 4383 Quis
887 4319 1086 4377 milites
1115 4337 1245 4378 suos
1272 4320 1493 4393 pietatis
1530 4320 1701 4375 armis
1731 4321 1802 4376 ita
1832 4340 1949 4378 mu-

444 4475 541 4558 (5).
572 4479 944 4559 Βασςιλι-κοῒς.
967 4478 1361 4559 χαρακτῆρσι.
1426 4477 1953 4549 Christophorsonus
1984 4505 2027 4559 υ

377 4566 399 4600 ι
437 4547 755 4615 majusculis
783 4548 978 4603 litteris
1011 4570 1029 4601 ι
1061 4551 1244 4604 vertit.

445 4615 521 4688 (6)
564 4618 677 4673 Καὶ
731 4618 1375 4690 αὐτόθεονηΝοιιιιιιίυε
1417 4625 1501 4674 est
1553 4619 1607 4673 in
1642 4619 1835 4690 primis
1862 4620 1952 4675 hic

377 4688 566 4752 locus,
619 4690 675 4743 in
742 4705 849 4758 quo
920 4688 1188 4743 Eusebius
1243 4688 1519 4743 Christum
1574 4688 1734 4744 vocat
1785 4691 1950 4744 αὐτὸς

374 4758 519 4829 θεον,
549 4758 601 4812 id
630 4769 714 4813 est
770 4775 864 4829 per
893 4774 952 4814 se
982 4775 1046 4813 ac
1075 4773 1201 4813 vere.
1230 4758 1422 4813 Deum.
1452 4759 1551 4814 Hic
1584 4760 1728 4813 enim
1758 4762 1951 4815 unicus

378 4828 564 4891 locus,
600 4843 723 4884 meo
762 4828 981 4900 quidem
1016 4828 1256 4897 judicio,
1289 4830 1488 4885 sullicit
1514 4830 1579 4900 ad
1614 4830 1949 4900 repellendas

374 4912 567 4970 omnes
600 4899 915 4970 calumnias
964 4914 1187 4963 eorum,
1216 4901 1308 4970 qui
1364 4899 1947 4956 Eusebiuntnostrum

376 4968 850 5040 .grianidogmatis
895 4970 1017 5025 labe
1057 4968 1338 5040 aspersum
1375 4973 1544 5029 fuisse
1575 4970 1941 5040 crediderunt.

377 5039 472 5112 Sic
497 5039 659 5093 etiam
695 5039 833 5112 infra
868 5038 1254 5112 nominat‘hac
1283 5055 1406 5110 pag.
1439 5043 1532 5097 τοῦ
1563 5038 1949 5112 παμϐασιλέως

374 5109 475 5163 καὶ
515 5110 912 5180 πανηγεμόνος,
957 5111 1053 5165 καὶ
1092 5111 1257 5164 αὐτοῦ
1288 5109 1434 5166 Θεοῦ
1471 5109 1656 5181 λόγους
1703 5111 1797 5164 Est
1849 5126 1947 5164 au-

380 5191 485 5234 tem
532 5182 644 5234 Inrc
688 5182 890 5234 locutio
938 5182 1237 5236 l’latOnica.
1297 5182 1432 5237 Nam
1478 5195 1536 5239 ut
1584 5181 1740 5235 Plato
1786 5182 1945 5234 αύτο-

377 5248 580 5324 αγαθόν
630 5260 789 5324 vocat
824 5254 989 5324 Aquod
1056 5262 1167 5324 est?
1197 5267 1323 5308 vere
1346 5269 1410 5307 ac
1465 5269 1561 5324 per
1610 5267 1670 5307 se
1725 5251 1945 5313 bonum,

377 5320 456 5391 sic
486 5320 750 5377 Eusebius
776 5321 1030 5375 αύτὸθεον
1061 5323 1196 5376 dixit
1237 5325 1327 5391 qui
1359 5333 1442 5378 est
1466 5320 1603 5379 'vere
1650 5337 1714 5376 ac
1760 5336 1858 5390 per
1888 5336 1947 5376 se

378 5387 541 5444 Deus.

446 5458 671 5532 ("hic
712 5464 898 5518 αὑτοῦ
931 5464 1354 5532 προσηγορίας.
1381 5461 1811 5519 Christianorum
1846 5477 1944 5516 no-

378 5543 500 5584 men
535 5530 804 5601 intelligit,
836 5549 934 5603 per
972 5530 1163 5586 onmes
1202 5530 1403 5602 ubique
1435 5544 1625 5602 gentes
1666 5535 1946 5603 fusumiac

379 5609 737 5669 propagatum
763 5620 777 5669 ;
806 5619 907 5659 nec
928 5604 1099 5658 solum
1125 5603 1405 5669 Romanis,
1436 5606 1532 5659 sed
1562 5605 1722 5657 etiam
1752 5602 1949 5656 barba—

384 5667 785 5743 I‘i§__cogniturn.
811 5672 964 5740 Quod
990 5674 1035 5727 si
1065 5674 1187 5742 quis
1217 5667 1621 5743 ipsum‘Chrisli
1652 5674 1949 5743 uornen‘in-

385 5737 632 5815 telligere
659 5737 1100 5815 malit.'eqnid_eni
1128 5737 1943 5815 non'magnopererepugnabo,

387 5807 548 5873 paulo
578 5818 702 5879 post
732 5812 876 5868 enim
904 5807 1127 5879 subjicit
1168 5807 1432 5870 Eusebius
1456 5807 1538 5870 'de
1578 5807 1941 5881 Christianis;

2056 558 2198 613 ὥστε
2240 558 2362 632 ἤδη,
2392 557 2420 611 ὃ
2438 559 2572 630 μηδὲ
2605 558 2791 614 ἀλλοτέ
2827 576 2934 624 πω,
2968 560 3094 622 τοὺς
3122 559 3339 613 πάντων
3369 556 3622 612 ἀνωτάτω

2059 651 2332 723 βασιλέας,
2365 648 2432 724 ἧς
2462 650 2744 723 λελόγχασι
2784 653 2913 724 παρ’
2958 650 3121 704 αὑτοῦ
3165 651 3332 723 τιμῆς
3363 649 3623 721 συνῃσθη-

2059 746 2271 818 μένους,
2302 745 2509 818 νεκρῶν
2545 745 2642 816 μὲν
2673 742 2905 799 εἰδώλων
2934 744 3265 798 καταπτύειν
3296 742 3621 813 προσώποις,

2056 839 2248 891 πατεῖν
2274 836 2318 890 δ’
2347 835 2559 907 ἀθεσμα
2576 836 2842 909 δαιμόνων
2866 834 3086 906 θέσμια,
3110 835 3203 889 καὶ
3223 832 3460 896 παλαιᾶς
3485 824 3638 913 ἀπάξ

2055 943 2154 998 της
2187 924 2666 997 πατροπαραδότου
2704 925 3060 996 κατεγγελᾷν,
3095 924 3190 979 ἕνα
3219 924 3275 977 δὲ
3307 923 3469 994 μόνον
3500 921 3623 977 Θεδν

2054 1018 2146 1072 τὸν
2178 1017 2352 1072 κοινὸν
2382 1016 2633 1071 ἁπάντων
2656 1016 2749 1070 καὶ
2771 1016 2979 1071 ἑαυτῶν
2999 1016 3289 1087 εὐεργέτην
3317 1014 3621 1087 γνωρίζειν,
3634 1018 3649 1070 ’,

2055 1108 2288 1182 Χριστόν
2322 1125 2383 1162 τε
2422 1107 2516 1163 τοῦ
2559 1107 2694 1162 Θεοῦ
2727 1107 2897 1161 Παῖδα
2949 1107 3301 1181 παμϐασιλέα
3338 1107 3452 1160 τῶν
3497 1105 3624 1160 ὅλων

2055 1199 2356 1272 ὁμολογεῖν,
2388 1199 2615 1270 Σωτῆρά
2640 1215 2698 1253 τε
2725 1198 2885 1252 αὑτὸν
2916 1199 2973 1251 ἐν
3005 1198 3228 1269 στήλαις
3253 1195 3623 1268 ἀναγορεύειν,

2056 1291 2424 1363 ἀνεξαλείπτῳ
2468 1293 2657 1364 μνήμη
2688 1291 2757 1346 τὰ
2794 1289 3190 1365 κατορθώματα
3226 1290 3322 1343 καὶ
3353 1288 3455 1353 τὰς
3492 1287 3630 1342 κατά

2054 1384 2161 1438 τῶν
2188 1381 2398 1437 ἀσεϐῶν
2432 1382 2595 1436 αὐτοῦ
2634 1382 2809 1447 νίκας,
2848 1382 2988 1454 μέσῃ
3017 1384 3082 1453 τῇ
3118 1379 3481 1452 βασιλευούσῃ
3523 1379 3629 1433 τῶν

2054 1475 2147 1528 ἐπὶ
2178 1474 2281 1546 γῆς
2307 1474 2457 1529 πόλει
2488 1474 2784 1546 βασιλικοῖς
2818 1473 3158 1546 χαρακτῆρσι
3186 1471 3261 1544 (5)
3294 1471 3631 1544 προσεγγρά-

2055 1581 2286 1635 φονταςσ
2319 1563 2458 1618 ὥστε
2495 1564 2653 1636 μόνον
2689 1564 2798 1619 τῶν
2828 1563 2886 1630 ἐξ
2918 1562 3113 1627 αίῶνος
3157 1561 3367 1635 Ἰησοῦν
3400 1562 3629 1633 Χριστὸν
3702 1636 3705 1637 ν

2051 1654 2143 1707 τὸν
2167 1654 2322 1727 ἡμῶν
2348 1654 2596 1727 Σωτῆρα,
2623 1654 2717 1709 καὶ
2744 1653 2880 1724 πρὸς
2901 1651 3081 1706 αὐτῶν
3108 1651 3215 1705 τῶν
3243 1651 3338 1704 ἐπὶ
3367 1649 3476 1721 γῆς
3502 1652 3629 1704 ἀνω-

2051 1748 2218 1809 τάτω,
2267 1748 2365 1818 οὐχ
2395 1741 2485 1801 οἷα
2516 1746 2694 1800 κοινὸν
2723 1745 2782 1811 ἐξ
2811 1742 3111 1817 ἀνθρώπων
3139 1742 3362 1815 βασιλέα
3414 1744 3627 1814 γενόμεο

2049 1856 2137 1892 νον
2167 1838 2575 1910 ὁμολογεῖσθαι,
2618 1838 2733 1892 ἀλλ’
2760 1832 2847 1890 οἷα
2877 1836 2972 1891 τοῦ
3018 1837 3245 1891 καθόλου
3290 1836 3429 1891 Θεοῦ
3463 1837 3626 1891 Παῖδα

2048 1931 2267 2002 γνήσιον
2316 1930 2410 1984 καὶ
2449 1929 2705 1983 αὒτόθεον
2750 1928 2824 2002 (6)
2864 1930 3310 2002 προσκυνεῖσθαι,
3361 1930 3461 1984 καὶ
3491 1931 3625 1988 είκό·

2047 2039 2175 2086 τως.
2206 2022 2302 2085 Τίς
2342 2021 2454 2094 γὰρ
2483 2020 2593 2075 τῶν
2638 2019 2857 2075 πώποτε
2894 2021 3160 2092 βασιλέων
3203 2022 3461 2076 τοσοῦτον
3506 2023 3626 2094 ἀρε-

2047 2112 2147 2182 τῆς
2181 2111 2483 2181 ἠνέγκατο,
2517 2110 2591 2174 ὡς
2640 2111 2855 2166 πάντων
2887 2110 2997 2165 τῶν
3045 2112 3139 2166 ἐπὶ
3177 2112 3281 2183 γῆς
3324 2110 3625 2184 ἀνθρώπων

2048 2204 2218 2277 ἀκοὴν
2258 2206 2349 2258 καὶ
2396 2203 2640 2273 γλῶτταν
2677 2203 2953 2276 ἐμπλῆσαι
3000 2203 3100 2275 τῆς
3139 2204 3308 2259 αὐτοῦ
3357 2222 3624 2277 προσηγο-

2050 2296 2172 2369 ρίας
2213 2296 2324 2367 (7);
2381 2295 2477 2360 Τίς
2524 2295 2775 2366 βασιλεὺς
2818 2295 3014 2367 νόμους
3072 2296 3315 2361 εὐσεϐεῖς
3348 2297 3492 2351 οὕτω
3537 2298 3624 2352 καὶ

2052 2387 2332 2461 σώφρονας
2359 2388 2769 2461 διαταξάμενος,
2804 2388 2912 2443 ἀπὸ
2955 2389 3208 2462 περάτων
3257 2390 3363 2461 γῆς
3408 2392 3505 2445 καὶ
3550 2393 3623 2454 εις

2047 2480 2195 2552 ἄκρα
2234 2481 2334 2552 τῆς
2362 2480 2488 2553 ὅλης
2519 2482 2863 2552 οἰκουμένης,
2914 2484 2995 2546 είς
3037 2484 3273 2557 ἐπήκοον
3306 2483 3511 2538 ἅπασιν
3543 2484 3621 2538 ἀνα

2049 2570 2286 2644 θρώποις
2342 2571 2808 2641 ἀναγινώσκεσθαι
2858 2573 3100 2647 διαρκῶς
3152 2575 3493 2647 ὲκράτυνεν;
3536 2575 3623 2640 Τίς

2047 2666 2340 2738 ἀνημέρων
2388 2666 2558 2721 ἐθνῶν
2612 2666 2707 2739 ἔθη
2765 2666 3018 2741 βάρϐαρα
3067 2669 3162 2722 καὶ
3211 2670 3468 2742 ἀνήμερα
3520 2672 3622 2732 τοῖς

2046 2758 2275 2831 ἡμέροις
2319 2759 2481 2813 αὑτοῦ
2529 2760 2622 2813 καὶ
2665 2759 3198 2833 φιλανθρωποτάτοις
3244 2761 3519 2834 παρέλυσε
3551 2761 3620 2816 νό-

2050 2868 2204 2923 μοις;
2243 2851 2340 2916 Τίς
2372 2850 2563 2906 αἰῶσιν
2595 2849 2738 2916 ὅλοις
2780 2851 2885 2905 ὑπὸ
2930 2852 3150 2907 πάντων
3199 2852 3620 2925 πολεμούμενος,

2044 2940 2144 3015 τὴν
2189 2942 2330 3018 ὑπὲρ
2367 2941 2653 3014 ἄνθρωπον
2701 2941 2900 3015 ἀρετὴν
2953 2942 3287 3010 ἐπεδείξατο,
3337 2943 3416 3005 ὡς
3449 2942 3620 2999 ἀνθεῖν

2045 3034 2317 3105 ὁσημέραι
2343 3034 2436 3087 καὶ
2468 3033 2679 3100 νεάζειν
2704 3034 2795 3089 διά
2819 3035 3020 3099 παντὸς
3047 3033 3143 3088 τοῦ
3172 3032 3324 3106 βίου;
3358 3035 3455 3099 Τίς
3481 3034 3618 3099 ἔθνος

2046 3124 2108 3179 τὸ
2143 3126 2266 3199 μηδ’
2298 3126 2563 3179 ἀκουσθέν
2598 3125 2654 3192 ἐξ
2701 3127 2915 3191 αἰῶνος,
2950 3127 3050 3180 ούκ
3087 3128 3147 3179 ἐν
3179 3126 3354 3198 γωνίᾳ
3394 3144 3484 3180 ποι
3523 3126 3618 3195 γῆς

2049 3215 2291 3287 λεληθὸς,
2325 3216 2460 3272 ἀλλά
2491 3216 2611 3271 καθ’
2649 3216 2779 3290 ὅλης
2809 3219 2907 3290 τῆς
2930 3218 3021 3289 ὑφ’
3052 3218 3188 3291 ἡλίῳ
3223 3218 3508 3292 ίδρύσετος
3533 3218 3617 3283 Τίς

2048 3310 2329 3376 εὐσεϐείας
2362 3313 2547 3378 ὅπλοις
2589 3313 2763 3380 οὕτως
2796 3313 3069 3387 ἐφράξατο
3097 3315 3224 3379 τοὺς
3266 3313 3616 3387 στρατιώτας,

2048 3402 2123 3468 ὡς
2155 3402 2462 3476 ἀδάμαντος
2486 3404 2585 3470 τάς
2609 3405 2789 3477 ψυχὰς
2818 3405 3243 3478 κραταιοτέρους
3276 3407 3334 3458 ἐν
3356 3408 3471 3471 τοῖς
3494 3404 3617 3477 πρὸς

2045 3496 2174 3561 τοὺς
2206 3498 2529 3563 ἀντιπάλους
2573 3498 2749 3568 ἀγῶσι
2780 3498 3190 3568 διαφαίνεσθαις
3227 3498 3327 3563 Τίς
3368 3497 3615 3569 βασιλέων

2045 3589 2127 3652 είς
2158 3589 2413 3644 τοσοῦτον
2447 3592 2657 3663 κρατεῖ,
2692 3590 2788 3643 καὶ
2835 3593 3131 3661 στρατηγεῖ
3171 3607 3233 3660 γε
3275 3588 3419 3661 μετά
3461 3588 3615 3643 θάναυ

2045 3697 2158 3746 τον,
2189 3682 2283 3736 καὶ
2315 3682 2552 3755 τρόπαια
2582 3684 2702 3737 κατ’
2728 3681 2937 3756 ἐχθρῶν
2981 3683 3184 3753 ἵστησι,
3212 3682 3307 3736 καὶ
3336 3682 3513 3737 πάντα
3540 3679 3618 3734 τό·

2048 3791 2149 3827 πον
2174 3774 2268 3828 καὶ
2299 3773 2483 3847 χώραν
2515 3775 2609 3829 καὶ
2637 3774 2810 3841 πόλιν,
2853 3774 3080 3829 Ἐλλάδα
3108 3792 3169 3829 τε
3202 3775 3297 3829 καὶ
3329 3773 3616 3846 βάρϐαρον,

2051 3863 2345 3937 βασιλικῶν
2402 3865 2565 3919 οἴκων
2624 3864 2789 3919 αὐτοῦ
2851 3864 3069 3940 πληροῖ,
3124 3865 3217 3919 καὶ
3271 3863 3435 3919 θείων
3485 3861 3616 3918 ναῶν

2049 3956 2426 4030 ἀφιερώμαοσν
2452 3957 2561 4029 (8);
2588 3951 2691 4012 Οἷα
2728 3957 2855 4011 τάδε
2883 3956 2954 4011 τά
2993 3955 3147 4011 τοῦδε
3189 3955 3285 4012 τοῦ
3327 3955 3434 4010 νεὼ
3468 3972 3615 4026 περι-

2048 4047 2221 4119 καλλῆ
2259 4048 2589 4120 κοσμήματά
2629 4066 2690 4102 τε
2741 4050 2837 4103 καὶ
2872 4047 3198 4121 ἀναθήματα
3222 4065 3236 4079 ⁸
3282 4047 3319 4103 ἃ
3357 4047 3454 4102 καὶ
3488 4046 3614 4101 αὐτὸ

2048 4139 2223 4211 σεμνά
2250 4140 2347 4211 μὲν
2370 4140 2447 4205 ὠς
2477 4140 2693 4213 ἀληθῶς
2724 4143 2819 4196 καὶ
2847 4142 3080 4213 μεγάλα,
3105 4132 3422 4211 ἐκπλήξεώς
3449 4157 3506 4194 τε
3531 4139 3613 4194 καὶ

2048 4232 2322 4305 θαύματος
2354 4230 2499 4298 ἄξια,
2532 4234 2627 4287 καὶ
2653 4228 2741 4288 οἷα
2761 4234 2861 4304 τῆς
2885 4233 2979 4286 τοῦ
3005 4234 3257 4305 Σωτῆρος
3287 4231 3446 4305 ήμῶν
3476 4230 3614 4301 βασι-

2047 4325 2197 4388 λείας
2238 4323 2443 4395 ἐναργῆ
2478 4323 2741 4395 δείγματα
2776 4325 2871 4398 (9),
2915 4325 2996 4378 ὅτι
3030 4325 3122 4379 καὶ
3163 4322 3260 4377 νῦν
3307 4323 3471 4387 αὐτὸς
3501 4317 3612 4375 εἶπε

2055 4480 2445 4605 mtiggequidem
2479 4495 2584 4534 non
2621 4480 2848 4549 faceret,
2873 4480 2919 4535 si
2951 4480 3017 4536 de
3051 4480 3183 4552 ipsis
3213 4488 3372 4534 antea
3415 4477 3614 4534 locutus

2081 4552 2266 4607 uisset.

2126 4620 2200 4692 (8)
2233 4622 2416 4675 Θείων
2453 4618 2621 4692 ναῶν-
2654 4620 3075 4691 ἁφιερώμασιν.
3105 4620 3382 4692 Muscnlus
3424 4619 3613 4692 vertit:

2059 4710 2079 4743 ι
2118 4689 2427 4745 Divinorum
2464 4689 2782 4759 templorum
2821 4689 3348 4746 consecrationilms.
3390 4709 3409 4742 ι
3465 4689 3613 4744 Chri-

2052 4761 2447 4829 stophorsonus
2489 4775 2616 4814 vero
2660 4759 3100 4831 interpretatur:
3158 4778 3177 4813 ι
3228 4761 3437 4814 Divinis
3484 4770 3614 4831 tein-

2052 4828 2159 4902 plis
2186 4842 2410 4900 auguste
2436 4828 2844 4889 consecratis.)
2876 4831 3101 4885 Videtur
3126 4841 3313 4902 tamen
3334 4846 3437 4884 vox
3469 4828 3614 4902 ἀφιέτ

2054 4900 2235 4973 ρωμα,
2250 4917 2352 4973 non
2370 4902 2842 4973 consecrationem
2866 4902 3184 4973 templorum
3200 4901 3515 4973 designare.
3528 4900 3614 4953 sed

2052 4969 2230 5041 potius
2243 4972 2379 5024 dona
2390 4972 2463 5023 ria
2479 4985 2597 5041 quin
2613 4971 2720 5025 Deo
2732 4969 3141 5041 consecrantur.
3158 4971 3321 5039 quue
3335 4969 3477 5024 eunti
3488 4986 3595 5041 rma

2055 5034 2142 5095 tur
2166 5034 2520 5097 sequentibus
2541 5038 2759 5096 Eusebii
2785 5042 2982 5096 verbis.
3008 5040 3098 5095 Sic
3123 5034 3267 5093 enim
3293 5041 3510 5095 subdit:
3533 5034 3615 5092 οἵα

2049 5111 2174 5184 τάδε
2205 5110 2276 5165 τά
2316 5110 2410 5184 τοῦ
2445 5110 2551 5184 νεὼ
2579 5111 2876 5184 περικαλλῆ
2911 5110 3240 5184 κοσμήματά
3270 5127 3332 5184 τε
3363 5111 3614 5184 καὶ-,ἀνα-

2052 5181 2289 5252 θήματα.
2318 5181 2479 5252 Certe
2509 5183 2551 5235 si
2578 5181 3044 5236 consecrationem
3072 5181 3425 5235 intellexisset
3456 5182 3614 5252 Eusc-

2051 5250 2268 5324 se‘hius,
2298 5251 2599 5324 ἀφιέρωσιν
2649 5252 2916 5324 dixisset,
2952 5263 3011 5307 ut
3066 5266 3227 5324 supra
3277 5252 3333 5324 in
3386 5265 3506 5319 cap.
3542 5250 3613 5324 Ab.

2051 5322 2219 5377 Porro
2256 5321 2594 5378 codeFuk.
2639 5331 2695 5376 et
2738 5322 2866 5377 Sav.
2912 5337 3021 5376 uno
3062 5322 3228 5373 verbo
3282 5322 3373 5374 hic
3410 5322 3612 5375 aucti"-

2048 5407 2139 5446 res
2176 5403 2321 5447 sunt.
2348 5392 2440 5446 Sic
2468 5392 2611 5449 enim
2637 5393 2858 5448 habent:
2890 5393 2988 5446 καὶ
3016 5391 3175 5446 θείων
3201 5390 3348 5445 ναῶν
3379 5389 3611 5463 ἀφιερώ-

2052 5478 2215 5543 μασιν
2223 5466 2460 5543 -κοσμεῖε

2116 5533 2190 5603 (9)
2214 5531 2485 5601 Σωτῆρος
2506 5533 2672 5604 ἡμῶν
2688 5534 3010 5600 ,ϐασιλείας
3028 5533 3331 5603 δείγματα.
3355 5535 3412 5587 In
3434 5531 3608 5604 codice

2050 5600 2219 5671 Regio
2252 5605 2319 5658 ad
2356 5600 2494 5659 latus
2524 5600 2679 5668 hujus
2709 5606 2863 5658 linea:
2906 5600 3164 5672 apposita
3179 5616 3266 5658 est
3302 5600 3606 5672 huiusmodi

2050 5682 2175 5745 nota
2205 5690 2306 5745 ωρ.
2338 5673 2403 5745 de
2430 5690 2535 5744 qua
2564 5684 2686 5729 nota
2721 5674 2937 5745 abunde
2963 5674 3198 5729 diximus
3224 5674 3285 5745 in
3307 5673 3604 5729 adnatatio-

2048 5742 2210 5813 nibus
2241 5742 2308 5813 ad
2356 5743 2395 5795 l.
2430 5742 2466 5798 ιζ
2502 5745 2558 5798 ln
2589 5760 2706 5813 cap.
2740 5743 2808 5799 l6
2830 5784 2845 5808 ,
2873 5744 2971 5799 lib.
2997 5760 3088 5807 Iv,
3131 5744 3381 5799 eamdem
3431 5753 3603 5799 notam

2049 5811 2211 5868 habet
2256 5812 2458 5883 Regius
2516 5811 2685 5871 codex
2732 5816 2799 5871 ad
2852 5815 2940 5873 illa
2988 5815 3150 5872 verba
3202 5814 3406 5873 Justini
3445 5828 3600 5886 appo-
