3860 6484
1192 2 1239 5 -τνν
1272 0 1558 9 ν-η-Ὕννή

122 395 206 449 83⁵1
1098 386 1451 446 HISTORIA?
1496 386 2063 445 ECCLESIASTICE
2099 387 2229 446 LIB.
2264 384 2333 443 Χ.

3218 389 3329 449 858

122 509 197 565 καὶ
215 505 556 579 ἐγενήθησαν,
581 484 742 570 αὐτὸς
770 504 1067 559 ἐνετείλατο
1092 505 1188 559 καὶ
1208 504 1555 575 ἐκτίσθησαν.
1585 503 1649 558 Τί

1755 506 1910 572 nivit,
1933 516 1990 561 ut
2010 508 2061 561 in
2089 506 2589 563 concertationibus
2608 507 3103 574 adversusbostes,
3129 509 3322 578 quovis

124 602 208 672 γὰρ
235 600 320 654 καὶ
349 598 539 669 ἔμελλε
583 596 677 651 τοῦ
723 595 1112 668 παμϐασιλέως
1149 598 1244 652 καὶ
1277 597 1656 668 πανηγεμόνος

125 696 195 749 καὶ
216 692 364 747 αὐτοῦ
391 690 524 745 Θεοῦ
548 690 721 760 Λόγου
752 689 1104 761 ὲνστήσεσθαι
1128 690 1208 762 τῷ
1235 689 1499 761 νεύματις
1525 690 1657 759 Σχο-

123 788 198 857 λῆς
218 802 270 838 τε
294 784 460 852 λόγων
489 782 601 853 (10)
630 783 834 846 οἰκείας
871 783 953 845 είς
978 782 1180 854 ἀκριϐῆ
1209 782 1444 854 θεωρίαν
1471 800 1530 835 τε
1564 782 1655 836 καὶ

122 875 373 948 ἑρμηνείαν
406 873 665 945 τυγχάνει
689 874 919 945 δεόμενα
938 890 951 904 ⁸
984 873 1045 927 οὐ
1080 872 1186 944 μὴν
1217 875 1318 928 ὅσα
1344 874 1437 928 καὶ
1473 869 1560 927 οἷα
1586 873 1653 926 τὰ

121 970 197 1039 τῆς
214 966 309 1020 τῶν
341 966 725 1037 πεπονηκότων
753 966 1057 1037 προθυμίας
1078 965 1327 1038 κέκριται
1351 968 1479 1038 παρ’
1503 965 1653 1037 αὐτῷ

122 1062 180 1133 τῷ
210 1059 614 1130 θεολογουμένῳ,
652 1059 743 1113 τὸν
767 1058 1006 1131 ἔμψυχον
1055 1062 1273 1116 πάντων
1313 1059 1470 1131 ἡμῶν
1514 1059 1651 1113 καθα

121 1140 447 1227 ορῶντιναδν,
480 1152 577 1205 καὶ⁹
612 1151 705 1205 τὸν
746 1155 811 1207 ὲκ
850 1152 1065 1216 ζώντων
1102 1153 1264 1207 λίθων
1307 1152 1401 1205 καὶ
1432 1151 1653 1224 βεϐηκό-

121 1266 205 1302 των
233 1247 335 1316 (11)
368 1241 516 1300 οἷκον
555 1244 932 1310 ὲποπτεύοντι,
974 1241 1033 1299 εὖ
1073 1246 1167 1300 καὶ
1207 1244 1465 1316 ἀσφαλῶς
1510 1244 1653 1316 ἱδρυ-

124 1342 249 1412 μένον
276 1339 362 1391 ἐπὶ
400 1337 480 1409 τῷ
522 1336 760 1409 θεμελίῳ
807 1337 916 1389 τῶν
957 1336 1267 1391 ἀποστόλων
1306 1337 1399 1391 καὶ
1442 1353 1653 1407 προφη-

118 1432 218 1495 τῶν,
245 1429 386 1494 ὄντος
406 1429 804 1499 ἀκρογωνιαίου
833 1427 979 1481 λίθου
1000 1427 1160 1482 αὑτοῦ
1194 1427 1366 1499 Ἰησοῦ
1391 1427 1647 1501 Χριστοῦ,

118 1522 165 1574 ὃν
186 1520 572 1591 ἁπδοκίμασαν
608 1519 707 1590 μὲν
736 1520 834 1590 οὐχ
866 1521 914 1573 oi
943 1519 1044 1589 τῆς
1074 1520 1307 1584 παλαιᾶς
1334 1520 1428 1573 καὶ
1460 1519 1650 1591 μηκέτ’

119 1608 251 1680 οὔσης
288 1609 497 1679 ἐκείνης
533 1608 727 1679 μόνον,
759 1608 894 1663 ἀλλὰ
934 1609 1028 1662 καὶ
1070 1608 1171 1678 τῆς
1211 1609 1375 1663 εἰσέτι
1416 1609 1509 1663 νῦν
1542 1608 1650 1663 τῶν

121 1701 290 1754 πολλῶν
315 1700 408 1754 ἀνθ
418 1700 616 1773 ρώπων
642 1702 947 1773 οἰκοδομῆς,
985 1703 1144 1755 κακοὶ
1168 1702 1353 1757 κακῶν
1380 1702 1531 1766 ὄντες
1556 1703 1653 1773 ἀρ-

119 1793 396 1864 χιτέκτονες,
426 1793 734 1863 δοκιμάσας
760 1792 817 1846 δὲ
846 1794 874 1846 ό
906 1794 1091 1866 Πατὴρ
1121 1794 1215 1847 καὶ
1242 1793 1363 1847 τότε
1399 1795 1495 1847 καὶ
1532 1792 1648 1857 νῦν,

119 1887 181 1948 είς
208 1884 426 1955 κεφαλὴν
451 1884 658 1953 γωνίας
686 1883 848 1954 τῆσδε
876 1885 974 1956 τῆς
1007 1885 1191 1955 κοινῆς
1226 1886 1382 1957 ἡμῶν
1423 1886 1650 1958 Ἐκκλη-

121 1977 214 2039 de;
258 1974 520 2046 ἱδρύσατο.
569 1975 769 2029 Τοῦτον
805 1974 868 2046 δὴ
908 1971 1003 2029 οὖν
1043 1976 1133 2029 τὸν
1180 1976 1237 2043 ἐξ
1282 1976 1438 2048 ἡμῶν
1475 1977 1651 2031 αὐτῶν

117 2066 538 2137 ἐπεσκευασμένον
559 2066 759 2131 ζῶντος
780 2066 913 2120 Θεοῦ
937 2067 1113 2132 ζῶντα
1139 2068 1264 2121 ναὸν
1290 2068 1371 2139 (τὸ
1399 2069 1650 2139 μέγιστον

117 2158 188 2209 καὶ
212 2155 384 2226 ἀληθεῖ
417 2155 565 2227 λόγῳ
603 2156 714 2227 (12)
745 2156 1042 2229 θεοπρεπὲς
1076 2157 1267 2230 ἱερεῖόν
1297 2175 1458 2231 φημι,
1491 2153 1554 2213 οὗ
1582 2159 1651 2213 τὰ

116 2247 335 2303 ἐνδοτάτω
376 2247 547 2302 ἄδυτα
598 2252 711 2313 τοῖς
757 2249 969 2314 πολλοῖς
1002 2249 1287 2323 ἁθεώρητα
1337 2252 1432 2305 καὶ
1481 2252 1650 2316 ὅντως

119 2338 219 2405 ἅγια
250 2340 337 2391 καὶ
365 2337 477 2391 τῶν
511 2338 685 2407 ἁγίων
722 2338 852 2407 ᾶγια
877 2339 896 2411 )
929 2339 1012 2404 τίς
1042 2339 1108 2393 ἂν
1135 2339 1477 2404 ἐποπτεύσας
1508 2340 1649 2406 ἐξει-

121 2434 211 2483 πεῖν
234 2431 511 2503 τολμήσειε
531 2448 548 2497 ;
577 2432 664 2495 τίς
683 2432 741 2486 δὲ
762 2430 864 2485 κᾶν
888 2432 1141 2502 είσκύψαι
1168 2432 1467 2506 περιὸόλων
1491 2432 1649 2505 ίερῶν

117 2525 217 2577 εἵσω
241 2524 474 2589 δυνατὸς,
520 2525 605 2578 ὅτι
652 2524 727 2595 μὴ
783 2525 941 2596 μόνος
964 2528 992 2580 ό
1031 2526 1201 2598 μέγας
1237 2526 1344 2580 τῶν
1383 2526 1521 2580 ὅλων
1552 2528 1650 2599 ἁρ-

117 2617 309 2685 χιερεὺς,
446 2617 595 2689 μόνῳ
645 2616 802 2687 θέμις
850 2617 1032 2688 πάσης
1081 2617 1303 2689 λογικῆς
1346 2617 1525 2690 ψυχῆς
1579 2617 1649 2672 τὰ

115 2707 356 2779 ἀπόρρητα
396 2708 815 2780 διερευνᾶσθαι;
861 2709 1012 2779 Τάχα
1059 2709 1116 2763 δὲ
1156 2709 1250 2762 καὶ
1294 2708 1436 2781 ἄλλῳ
1468 2710 1649 2764 δευτε-

119 2793 258 2855 ρεύειν
289 2795 422 2866 μετὰ
450 2796 644 2850 τοῦτον
676 2796 756 2849 ἑνὶ
794 2797 937 2867 μόνῳ
964 2797 1072 2851 τῶν
1106 2798 1236 2852 ίσων
1263 2799 1480 2868 ἐφικτὸν
1513 2798 1643 2870 (15),

114 2872 219 2954 τῷδε
245 2886 317 2956 τῷ
354 2886 762 2958 προκαθημένῳ
788 2887 948 2957 τῆσδε
977 2887 1079 2957 τῆς
1112 2890 1371 2959 στρατιᾶς
1396 2889 1644 2960 ἡγεμόνι,

113 2975 317 3042 unus;
339 2981 368 3032 ὁ
399 2979 615 3051 πρῶτος
664 2980 759 3034 καὶ
797 2980 967 3050 μέγας
1004 2982 1289 3054 ἀρχιερεὺς
1326 2983 1647 3054 δευτερείοις

113 3067 197 3120 τῶν
228 3069 342 3141 τῇδε
386 3072 604 3141 ἱερείων
650 3072 904 3143 τιμήσας,
957 3073 1188 3143 ποιμένα
1236 3075 1334 3145 τῆς
1378 3075 1647 3146 ὑμετέρας

1757 598 2044 654 adamante
2087 596 2361 654 ﬁrmiores
2396 598 2607 653 animos
2646 599 2989 653 ostenderent
3021 598 3198 666 lQuis
3225 616 3324 654 un-

1755 704 1916 759 quam
1961 706 2058 747 rex
2096 705 2266 760 usque
2309 690 2445 744 adeo
2482 700 2601 759 post
2651 689 2854 743 obitum
2892 688 3098 743 viribus
3132 690 3320 752 valuit,

1753 782 2029 836 exercitus
2073 781 2265 847 duxit;
2308 790 2505 849 tropica
2563 781 2824 835 adversus
2879 781 3059 835 hostes
3108 782 3320 845 erexit;

1754 872 1933 926 omnia
1984 872 2218 941 denique
2269 870 2415 935 loca,
2463 872 2751 940 regiones,
2808 871 2972 925 nrbes
3023 882 3133 924 tum
3179 873 3322 940 apud

1752 959 1971 1016 Graecos
2001 968 2110 1012 tum
2140 957 2280 1028 apud
2317 957 2603 1021 Barbaros,
2629 956 2899 1026 regalibus
2932 957 3044 1012 suis
3078 957 3317 1027 palatiis,

1752 1063 1809 1108 et
1834 1051 2138 1107 divinorum
2167 1049 2488 1121 templorum
2519 1048 2741 1105 fabricis
2763 1050 3096 1105 consecratis
3130 1051 3322 1120 imple-

1753 1144 1878 1199 vit?
1913 1141 2221 1211 Cuiusmodi
2248 1142 2514 1197 sunthaec
2538 1140 2727 1210 templi
2763 1140 2921 1211 hujus
2955 1141 3319 1211 pulcherrima

1751 1245 2069 1290 ornamenta
2101 1242 2265 1303 atque
2291 1233 2540 1288 donaria.
2578 1230 2708 1299 Quae
2754 1232 2865 1303 ipsa
2900 1234 3115 1303 quidem
3142 1248 3237 1303 per
3259 1246 3320 1290 se

1753 1336 1981 1395 augusta
2007 1321 2250 1393 profecto
2277 1329 2402 1378 sunt
2427 1337 2490 1378 ac
2506 1322 2817 1390 magniﬁca,
2837 1333 2893 1377 et
2913 1332 3131 1392 stupore
3154 1332 3321 1395 atque

1751 1416 2110 1472 admiratione
2151 1416 2333 1485 digna.
2377 1413 2582 1483 Quippe
2628 1428 2749 1483 qua:
2795 1414 2945 1483 regni
3016 1414 3322 1471 Senatorio

1753 1507 1921 1562 nostri
1973 1506 2186 1561 illustre
2212 1505 2484 1575 specimen
2519 1503 2837 1559 exhibeant.
2869 1505 3145 1575 Siquidem
3178 1522 3321 1563 nunc

1751 1598 1914 1670 376
1944 1611 2196 1667 quoques
2219 1597 2332 1666 ipse
2364 1595 2567 1651 dixitet
2596 1593 2736 1649 facta
2764 1605 2924 1660 sunt;
2953 1597 3067 1666 ipse
3096 1599 3322 1654 manda-

1752 1692 1902 1744 vitet
1931 1690 2145 1744 condita
2171 1688 2386 1743 sunt".
2429 1707 2447 1741 ι
2484 1686 2622 1754 Quid
2682 1688 2823 1742 enim
2881 1690 3142 1744 obsistere
3167 1700 3320 1760 pote-

1753 1790 1838 1835 rat
1870 1780 2022 1835 nntui
2053 1794 2119 1836 ac
2144 1779 2403 1835 voluntati
2442 1777 2604 1833 Verbi
2637 1780 2877 1834 omnium
2910 1781 3051 1849 regis
3082 1796 3146 1835 ac
3176 1784 3325 1850 prin-

1685 1850 1724 1907 Β
1752 1874 1887 1943 cipis
1915 1888 1980 1928 ac
2001 1889 2101 1945 per
2121 1888 2180 1928 se
2208 1874 2300 1927 Dei
2323 1873 2347 1927 ?
2367 1872 2446 1927 Ad
2476 1873 2579 1928 hoc
2600 1888 2727 1928 vero
2771 1883 2832 1929 ut
2864 1887 3113 1929 accurate
3137 1875 3321 1929 consi-

1752 1966 1927 2021 derari
1966 1965 2178 2035 singula
2211 1967 2521 2036 exponique
2559 1967 2805 2037 possint,
2846 1966 3125 2037 peculiare
3149 1967 3321 2021 otium

1751 2068 1799 2112 et
1829 2057 2106 2128 propriam
2144 2061 2449 2115 orationem
2480 2059 2820 2114 desiderant.
2846 2061 2952 2114 Sed
2977 2069 3030 2112 et
3064 2059 3319 2129 peculiari

1749 2150 1862 2204 otio
1883 2163 2018 2217 opus
2041 2149 2225 2216 fuerit,
2249 2159 2308 2204 ut
2334 2150 2668 2220 explicemus
2695 2164 2815 2219 quze
2842 2159 2895 2204 et
2916 2158 3123 2219 quanta
3156 2150 3326 2203 exsti-

1752 2242 1818 2296 tit
1869 2242 2127 2298 alacritas
2169 2256 2355 2297 eorum
2396 2242 2487 2313 qui
2523 2243 2576 2296 in
2609 2243 2710 2297 hoc
2749 2256 2917 2312 opere
2964 2242 3323 2306 laborarunt;

1748 2334 2045 2405 quantique
2096 2335 2252 2405 pretii
2306 2350 2369 2390 ac
2420 2335 2673 2405 ponderis
2710 2334 2797 2388 iila
2840 2336 2912 2389 sit
2960 2336 3101 2402 apud
3147 2334 3322 2404 ipsum

1749 2442 1909 2497 quem
1939 2425 2281 2482 celebramus
2308 2427 2497 2490 Deum,
2527 2426 2621 2497 qui
2661 2427 2900 2480 animata
2931 2426 3172 2480 omnium
3224 2442 3323 2480 no-

1748 2530 1919 2575 strum
1949 2519 2167 2588 inspicit
2201 2519 2421 2589 templa,
2457 2529 2512 2574 et
2560 2520 2778 2574 domum
2810 2533 2874 2573 ex
2906 2518 3043 2572 vivis
3069 2520 3321 2572 ﬁrmatis-

1747 2626 1853 2680 que
1881 2611 2146 2681 lapidibus
2167 2620 2425 2666 structam
2451 2610 2769 2680 perlustrat,
2787 2624 2951 2678 super
2970 2609 3322 2665 fundamento

1747 2705 2110 2774 apostolorum
2132 2714 2187 2758 et
2214 2704 2595 2775 prophetarum
2614 2704 2779 2773 probe
2817 2717 2878 2757 ac
2900 2702 3127 2756 ﬁrmiter
3152 2703 3322 2757 stabi-

1747 2797 1895 2851 litam
1924 2820 1936 2853 :
1970 2796 2124 2865 cujus
2141 2796 2414 2863 augularis
2444 2794 2585 2864 lapis
2608 2805 2689 2849 est
2720 2795 2831 2865 ipse
2855 2793 3012 2850 Jesus
3044 2795 3316 2860 Christus.

1747 2905 1906 2961 quem
1962 2891 2323 2960 reprobarunt
2363 2888 2582 2958 quidem
2632 2902 2738 2942 non
2786 2889 2986 2943 veteris
3020 2886 3164 2943 illius
3197 2904 3321 2958 qua:

1747 2997 1891 3037 nunc
1917 2995 2039 3037 esse
2081 2982 2261 3046 desiit,
2291 2997 2479 3036 verum
2522 2981 2684 3034 etiam
2724 2982 2844 3051 ejus
2868 2996 2989 3050 qua:
3016 2996 3160 3036 nunc
3199 2996 3319 3036 cer-

1748 3074 1895 3128 nitur
1938 3072 2234 3128 multorunt
2272 3072 2548 3127 hominum
2578 3073 2795 3128 fabricae
2827 3073 3143 3137 architecti,
3189 3074 3316 3127 tuali

115 3157 260 3256 eam
302 3162 557 3234 ποίμνης,
602 3161 788 3234 κλήρῳ
835 3164 928 3217 καὶ
967 3163 1141 3235 κρίσει
1173 3165 1266 3219 τοῦ
1308 3166 1519 3237 Πατρδς
1552 3167 1643 3220 τὸν

1753 3165 1959 3220 scilicet
1995 3164 2255 3220 malorum
2283 3180 2505 3234 operum
2536 3164 2696 3219 labri.
2724 3164 2831 3219 Sed
2856 3177 3012 3234 pater
3037 3174 3090 3219 et
3113 3165 3241 3219 olim
3264 3176 3320 3220 ot

116 3248 334 3323 ὑμέτερον
367 3252 603 3324 λαχόντα
634 3252 781 3317 λαὸν,
815 3252 890 3317 ὡς
919 3252 986 3307 ἂν
1023 3253 1364 3327 θεραπευτὴν
1393 3257 1485 3309 καὶ
1512 3256 1647 3310 ὑπο-

114 3341 257 3414 φήτην
281 3345 437 3409 αὐτὸς
467 3344 664 3399 ἑαυτοῦ
694 3345 1043 3412 κατετάξατο,
1075 3348 1166 3401 τὸν
1198 3348 1316 3402 νέον
1358 3347 1587 3419 Ἀαρὼν,
1616 3348 1648 3419 ἢ

114 3434 421 3506 Μελχισεδὲκ,
472 3439 901 3512 ἀφωμοιωμένον
948 3439 1025 3511 τῷ
1060 3440 1174 3511 Υίῷ
1214 3441 1310 3495 τοῦ
1342 3442 1499 3507 θεοῦ,
1556 3442 1652 3513 μέ-

115 3527 242 3609 νοντά
274 3546 331 3582 τε
359 3532 454 3585 καὶ
496 3531 635 3602 πρὸς
663 3529 824 3584 αὐτοῦ
856 3532 1188 3605 τηρούμενον
1212 3533 1292 3596 είς
1318 3532 1378 3586 τὸ
1405 3532 1650 3604 διηνεκὲς

113 3623 208 3683 ταῖς
237 3627 431 3697 κοιναῖς
476 3624 734 3678 ἁπάντων
773 3626 926 3697 ὑμῶν
966 3626 1167 3695 εὐχαῖς.
1220 3625 1405 3695 Τούτῳ
1451 3624 1515 3697 δὴ
1558 3621 1650 3679 οὖν

113 3708 281 3774 ἐξέστω
311 3714 453 3785 μόνῳ
486 3714 626 3787 μετὰ
661 3715 751 3769 τὸν
802 3715 1015 3789 πρῶτον
1045 3719 1137 3771 καὶ
1176 3717 1426 3788 μέγιστον
1468 3718 1653 3788 ἀρχιε-

117 3802 212 3873 ρέα,
233 3807 275 3858 εί
304 3807 375 3878 μὴ
408 3806 478 3860 τὰ
509 3806 724 3879 πρῶτα,
752 3807 820 3862 τὰ
848 3808 1072 3879 δεύτερα
1097 3808 1230 3878 γοῦν
1257 3809 1406 3880 ὅμως
1433 3811 1565 3880 όρᾷν
1590 3828 1649 3864 τε

116 3895 189 3946 καὶ
226 3898 531 3952 ἐπισκοπεῖν
566 3900 669 3968 τῆς
696 3899 959 3954 ἐνδοτάτω
988 3900 1095 3954 τῶν
1141 3902 1419 3973 ὑμετέρων
1463 3902 1650 3973 ψυχῶν

117 3983 329 4055 θεωρίας,
371 3990 536 4062 πείρᾳ
571 3992 668 4061 μὲν
695 3992 787 4044 καὶ
818 3991 1009 4063 χρόνου
1042 3993 1205 4064 μήκει
1235 3992 1463 4047 ἕκαστον
1496 3994 1652 4065 ἀκρι-

116 4072 204 4139 6ὦς
238 4077 534 4150 ἐξητακότι,
570 4080 769 4152 σπουδῇ
815 4099 876 4135 τε
921 4085 988 4154 τῇ
1035 4083 1199 4137 αὐτοῦ
1239 4086 1334 4137 καὶ
1362 4084 1647 4157 ἐπιμελείᾳ

116 4166 217 4229 τώς
239 4169 434 4235 πάντας
459 4173 605 4242 ὑμᾶς
632 4174 689 4225 ὲν
714 4172 902 4245 κόσμῳ
940 4175 1033 4228 καὶ
1062 4174 1206 4246 λόγῳ
1243 4174 1321 4246 τῷ
1345 4177 1465 4230 κατ’
1492 4178 1646 4232 εὐσέ-

174 4260 213 4293 ²³
236 4261 366 4319 Psal.
393 4282 568 4330 xuii,
604 4267 657 4322 9.

117 4353 286 4433 sitam:
321 4359 428 4412 εἴτε
465 4359 573 4432 γὰρ
616 4359 690 4432 μὴ
730 4360 966 4431 ἐντυχὼν
1009 4363 1122 4425 τοῖς
1167 4360 1263 4415 τοῦ
1302 4361 1535 4433 Χριστοῦ
1574 4362 1652 4417 δι-

117 4422 541 4574 ῗίῖίθῗὲξόῖῆς
573 4516 644 4574 τε
672 4501 888 4570 λόγων.
924 4501 1280 4557 Scribcndnm
1329 4512 1461 4573 puto
1504 4518 1649 4573 σχοο

1752 3258 1805 3312 in
1837 3258 2116 3326 prtesentia
2147 3256 2451 3326 probatum,
2481 3264 2643 3326 caput
2669 3256 2850 3326 anguli
2884 3256 3044 3327 hujus
3074 3257 3316 3310 omnium

1748 3356 1991 3402 nostrum
2017 3347 2318 3402 communis
2363 3346 2619 3401 Ecclesiae
2662 3348 2962 3403 constituit.
3009 3347 3124 3403 lloc
3159 3348 3322 3419 igitur

1745 3456 1809 3494 ex
1835 3440 1993 3495 nobis
2016 3440 2147 3510 ipsis
2181 3449 2550 3496 constructum
2583 3440 2815 3495 viventis
2841 3441 2932 3496 Dei
2967 3442 3146 3496 vivum
3178 3451 3319 3497 tern-

1746 3531 1891 3601 plum
1929 3532 2250 3604 (ntaximum
2305 3533 2435 3588 illud
2481 3549 2544 3588 ac
2586 3548 2715 3589 vere
2749 3534 2857 3590 Deo
2883 3535 3102 3605 dignum
3137 3548 3325 3589 sacra-

1749 3628 1887 3681 rium
1922 3625 2184 3697 intelligo,
2213 3628 2370 3699 cujus
2398 3629 2585 3683 intima
2613 3630 2772 3700 adyta
2805 3644 2834 3681 a
2855 3637 3144 3699 conSpectu
3176 3628 3321 3697 vulgi

1751 3728 1956 3773 remota
2003 3728 2147 3784 sunt,
2179 3734 2244 3774 ac
2278 3734 2404 3773 vere
2440 3728 2626 3775 sancta
2651 3729 2700 3773 et
2753 3718 2951 3775 Sancta
2985 3721 3322 3788 sanctorum)

1747 3810 1870 3879 quis
1931 3824 2056 3865 cum
2102 3811 2521 3883 introspexerit,
2556 3811 2751 3869 efferre
2798 3827 3035 3883 unquam
3086 3811 3326 3867 audeat?

1752 3902 1862 3957 lino
1890 3894 2016 3973 quis
2042 3904 2238 3974 estqui
2283 3905 2337 3959 in
2372 3918 2589 3960 sacrum
2631 3906 2751 3973 ejus
2790 3919 3112 3976 conceptum
3159 3919 3326 3975 pene-

1751 4004 1896 4047 trare
1916 3992 2087 4047 oculis
2112 3995 2306 4063 possit,
2340 3995 2441 4050 nisi
2476 3995 2565 4049 ille
2603 3996 2867 4050 tuaximus
2916 3996 3153 4049 omnium
3183 3992 3325 4048 Pon-

1756 4084 1907 4148 tifex,
1936 4087 2021 4141 cui
2046 4084 2247 4155 solijus
2269 4086 2458 4157 fasque
2483 4100 2565 4142 est
2590 4087 2876 4157 cujuslibet
2900 4089 3093 4141 animae
3117 4088 3326 4141 ratione

1757 4178 1995 4248 przedita:
2033 4194 2230 4235 arcana
2255 4182 2488 4236 scrutari
2514 4180 2538 4233 ἲ
2562 4182 2639 4235 Ac
2675 4180 2903 4235 fortasse
2936 4179 2989 4233 id
3014 4180 3176 4232 etiam
3204 4178 3324 4232 uni-

1756 4363 1921 4427 κότας
1972 4360 2153 4426 λίθους
2197 4360 2269 4415 ita
2314 4360 2512 4415 vertit:
2566 4378 2585 4411 ι
2616 4359 2798 4427 Neque
2843 4357 3320 4427 enituipulandum

1756 4446 1840 4488 est
1869 4426 2032 4488 Deum
2062 4448 2193 4486 auro
2226 4442 2277 4483 et
2299 4432 2525 4499 geminis
2561 4432 2951 4485 :edilicaturutn
2989 4426 3320 4495 Jerusalem,

1756 4515 1808 4557 et
1850 4519 1955 4557 non
1992 4501 2139 4563 ,vivis
2182 4502 2447 4570 lapidibus
2484 4501 2576 4570 qui
2628 4516 2771 4555 nunc
2816 4500 3113 4553 volvuntur
3156 4512 3325 4568 super

116 4562 211 4643 λῆς
230 4566 295 4643 δέ
311 4562 531 4643 λόγω-ξ
572 4562 861 4643 Nemeum
903 4584 1065 4643 antea
1101 4562 1436 4643 princesserit
1481 4562 1649 4643 pa'r'ti-

1755 4562 1997 4643 terram.
2016 4590 2034 4622 ι

118 4637 212 4715 mla
236 4637 348 4708 μέν,
375 4637 462 4693 tibi
494 4639 869 4715 diciturdum).
889 4640 1027 4715 αὐτά
1059 4637 1231 4715 σεμνά
1265 4642 1384 4715 μέν,
1408 4637 1540 4715 elc.,
1561 4660 1649 4699 se-

118 4710 271 4771 quitur
295 4725 429 4764 uunc
458 4711 657 4785 aemula
695 4710 838 4766 illius
878 4710 1141 4783 particula
1171 4712 1229 4766 δέ
1251 4710 1277 4780 ,⁷
1301 4714 1445 4785 quod
1477 4715 1646 4770 inter-

119 4787 267 4839 pretes
288 4795 389 4831 non
421 4781 695 4834 viderunt.

167 4846 259 4918 (ll)
294 4849 398 4903 Kal
426 4850 796 4918 βεϐηκότων.
826 4850 1099 4906 Musculus
1132 4853 1330 4908 vertit:
1365 4870 1385 4905 ι
1418 4855 1645 4908 Domum

92 4926 171 4967 ,τι
190 4919 309 4988 vivis
331 4930 386 4974 et
411 4921 791 4975 crescentibus
822 4921 1090 4988 lapidibus
1122 4930 1411 4976 strttctam.
1449 4945 1468 4975 ι
1499 4923 1649 4976 Chri-

117 4987 471 5059 slophorsonus
494 5002 677 5044 autem
708 4987 1138 5059 interpretatur:
1171 5012 1191 5044 ι
1226 4993 1301 5046 Ex
1335 4995 1473 5047 vivis
1503 4995 1649 5047 ince-

119 5056 441 5135 dentibusque
460 5061 522 5135 _i_n
554 5069 697 5114 terra
727 5056 1015 5128 lapidibus.
1035 5080 1071 5135 _r
1096 5064 1215 5135 Ego
1248 5082 1266 5115 ι
1296 5078 1360 5116 ex
1389 5064 1526 5135 vivis
1554 5065 1648 5117 lir-

120 5130 296 5195 iuisque
335 5130 605 5197 lapidibus
634 5148 653 5181 ι
682 5141 895 5185 vertere
943 5132 1128 5188 malui.
1152 5130 1348 5202 Neque
1375 5134 1519 5187 (enim
1567 5134 1649 5186 in—

122 5192 270 5256 telligo
292 5202 560 5256 quomodo
582 5203 749 5256 probe
775 5200 991 5255 fundata
1018 5203 1091 5255 sit
1124 5202 1337 5256 domus.
1371 5204 1415 5256 si
1447 5202 1649 5256 Ianitles

401 5217 560 5253 ["000
582 5217 749 5253 nroue
775 5217 991 5253 mndata
1018 5217 1091 5253 Sll
1124 5217 1337 5253 (IOIIIIIS.
1371 5219 1415 5253 SI
1447 5217 1619 5253 Ianttle

122 5212 270 5271 rettth
292 5212 560 5268 quomorto
582 5212 749 5269 prone
775 5212 991 5255 l’undala
1018 5212 1091 5255 sit
1124 5212 1337 5267 domus,
1371 5212 1415 5256 si
1447 5212 1649 5271 laptiles

121 5271 360 5343 Incedunt.
388 5271 591 5343 Eadem
620 5285 722 5324 vox
747 5272 1004 5343 occurrit,
1034 5272 1171 5325 infra
1204 5288 1323 5343 pag.
1357 5272 1483 5343 586.
1513 5271 1650 5343 ζῶν-

120 5347 201 5398 τας
234 5339 321 5391 καὶ
380 5338 682 5412 βεϐηκότας
721 5341 815 5395 καὶ
860 5342 1119 5410 εὐπαγεῖς
1180 5338 1299 5397 τῶν
1342 5342 1528 5415 ψυχῶν
1568 5342 1645 5396 λί-

120 5401 239 5469 θους.
279 5408 377 5464 Sed
409 5411 463 5463 in
493 5412 579 5464 liis
609 5411 782 5464 lector
811 5416 953 5469 quod
985 5414 1233 5466 maluerit
1254 5415 1436 5469 eliget.
1467 5414 1649 5469 Neque

120 5426 239 5487 υνυς.
279 5426 377 5464 aeu
409 5426 463 5463 In
493 5426 579 5464 tus
609 5426 782 5464 lector
811 5426 953 5480 quoa
985 5426 1233 5466 maluerit
1254 5426 1436 5483 eliget.
1467 5426 1645 5482 neque

118 5488 238 5548 enim
264 5481 735 5548 ChristOphorsoni
769 5482 1268 5548 interpretationem
1303 5487 1393 5537 hic
1410 5485 1645 5540 .damno.

119 5542 244 5623 Quod
263 5564 384 5604 vero
403 5542 520 5623 huic
542 5553 705 5623 verba
722 5550 802 5621 τῷ
820 5542 1307 5623 θεολογουμένῳνάθ
1326 5554 1544 5608 Chrism
1564 5569 1649 5608 ac-

120 5617 254 5692 cepit,
281 5617 785 5692 omninoprobare'
815 5638 918 5675 non
949 5617 1203 5692 possunt:
1220 5622 1352 5677 Nam
1383 5623 1649 5677 Eusebius

118 5687 250 5763 paulo
275 5701 391 5756 post
415 5687 551 5763 dicit
575 5689 851 5763 Christum
878 5687 1000 5745 esse
1020 5690 1176 5763 illius
1205 5693 1383 5763 templi
1414 5693 1645 5761 lapidem

119 5758 411 5833 attgularem.
430 5760 595 5833 Igitur
604 5758 773 5833 peum
784 5759 1000 5833 Patrem
1018 5762 1104 5815 hic
1124 5758 1390 5833 intelligit,
1411 5758 1507 5833 qui
1522 5772 1648 5816 tem-

121 5822 558 5896 pliiuspector'sit.
579 5827 934 5896 Hieronymus
952 5832 1003 5887 in
1025 5841 1185 5894 caput
1204 5849 1242 5889 tt
1283 5822 1465 5897 Ᾰαάαὲἰ
1489 5831 1648 5895 βεϐη-

1824 4642 1934 4714 (12)
1976 4639 2390 4714 Ἀληθεῖλότῳ.
2413 4639 2553 4693 ldcm
2576 4650 2662 4695 cst
2695 4654 2760 4695 ac
2787 4636 3017 4714 ἀληθῶς.
3050 4636 3325 4714 Masculus

1751 4708 1930 4768 tamen
1974 4722 2035 4765 et
2077 4708 2596 4778 Christopliursonus
2628 4728 2647 4762 ι
2690 4725 2820 4765 vero
2864 4708 2954 4764 Dei
2985 4710 3154 4778 verbo
3180 4726 3200 4758 ι
3238 4708 3324 4762 iti-

1754 4782 2037 4852 terpretati
2074 4790 2220 4847 sunt,
2250 4782 2393 4850 quod
2418 4796 2535 4835 meo
2562 4783 2779 4850 quidem
2810 4779 3016 4848 judicio
3040 4777 3321 4848 ineptissi-

1750 4870 1894 4908 tuutn
1932 4861 2036 4905 est.

1821 4922 1932 4995 (l5)
1981 4919 2110 4995 'Erl_
2140 4920 2308 4988 μόνῳ
2345 4918 2467 4973 τῶν
2513 4921 2664 4995 {amr
2700 4915 2977 4995 {errarem-ﬁ.
3024 4914 3155 4995 Post
3204 4918 3321 4973 Inec

1751 4986 2246 5047 verba'asteriscus
2280 5001 2503 5045 notatur
2528 4993 2581 5043 in
2614 4986 2797 5042 cmlice
2827 4986 2964 5040 Med.
2993 4996 3049 5041 et
3078 4989 3142 5042 ad
3172 5003 3317 5042 mar-

1750 5065 1930 5132 ginem
1972 5061 2266 5132 ascriptum
2313 5072 2430 5125 est,
2482 5062 2574 5115 καὶ
2621 5058 2779 5132 τοῦτο
2818 5055 3053 5132 ἀσεϐές,
3086 5059 3321 5132 Omnino

1750 5129 2071 5187 scholiastes
2099 5131 2189 5197 qui
2242 5133 2342 5184 hoc
2370 5132 2608 5185 scholion
2645 5129 2927 5197 ascripsit,
2973 5130 3315 5184 existimasse

1751 5206 1964 5257 videtur
1987 5242 2001 5265 ,
2038 5199 2326 5254 Eusebium
2360 5201 2447 5253 hic
2491 5200 2633 5265 loqui
2683 5201 2750 5253 de
2788 5197 3048 5253 Christo:
3084 5209 3319 5252 cumta-

1752 5290 1872 5329 men
1907 5276 1973 5326 de
2000 5271 2225 5326 Paulino
2256 5271 2504 5340 loquatur
2532 5268 2817 5340 Tyriorum
2843 5268 3128 5337 episcopo,
3157 5284 3316 5336 quem

1750 5348 1826 5399 ait
1862 5344 2157 5397 secundum
2197 5356 2225 5393 a
2258 5339 2475 5394 Christo
2507 5339 2679 5393 loeum
2704 5340 2954 5392 obtinere
2980 5339 3032 5390 in
3070 5339 3319 5406 regendis

1751 5413 2024 5471 lidvlibus.
2047 5411 2158 5466 lloc
2182 5425 2309 5463 vero
2339 5411 2627 5477 impietatis
2651 5409 2809 5477 argui
2838 5422 2943 5460 non
2969 5419 3170 5474 potest,
3196 5423 3317 5459 cum

1749 5484 2057 5554 pontiﬁces
2088 5495 2276 5554 omnes
2321 5480 2606 5554 imaginem
2647 5477 2849 5554 Christi
2883 5478 3143 5543 referant,
3172 5479 3318 5554 (ἠρε-

1749 5545 1855 5625 quc
1903 5556 1954 5605 in
1994 5551 2425 5625 adrninistranda
2469 5549 2708 5625 Ecclesia
2756 5549 2943 5625 vice«n_
2969 5556 3187 5625 gerant.
3218 5545 3318 5625 _Fa-

1752 5615 1972 5679 tendum
2003 5631 2086 5675 est
2133 5631 2337 5681 tamen,
2387 5618 2679 5672 Eusebium
2727 5618 2891 5670 nitnts
2930 5615 3018 5671 hic
3067 5618 3318 5670 tribuisse

1748 5695 1995 5757 Paulino,
2030 5692 2157 5744 dum
2193 5690 2241 5742 ci
2270 5689 2339 5743 τὰ
2360 5684 2475 5756 ἶσα,
2510 5688 2578 5742 τὰ
2606 5686 2905 5758 δευτερεῖα,
2948 5694 3202 5758 tauquam
3245 5704 3321 5740 ae-

1748 5766 1894 5834 quali
1928 5756 1987 5814 ct
2009 5760 2223 5828 collega:
2256 5759 2483 5830 Christi,
2508 5756 2776 5826 ascribit,
2809 5758 2935 5813 dum
2967 5756 3304 5813 Melchisede-

1749 5839 1913 5891 cltum
1949 5841 2123 5887 vocat.
