3860 6512
528 391 634 448 839
1235 390 1505 450 EUSEBII
1541 390 2025 449 CESARIENSIS
2064 392 2215 451 OPP.
2260 393 2436 451 PARS
2473 393 2515 451 1.
2557 424 2630 439 --
2665 392 3062 451 HISTORICA.
3658 395 3743 454 860

533 505 766 578 cuipiam
812 506 967 563 alteri
1004 506 1246 563 secundo
1294 522 1324 562 a
1356 506 1578 563 Christo
1617 507 1740 564 loco
1783 522 2100 564 concessum

2212 509 2357 564 Βειαν
2386 507 2796 582 διατεθειμένῳ,
2832 509 3039 581 δυνατῷ
3087 526 3149 563 τε
3194 509 3309 563 ὄντι
3361 506 3555 579 μᾶλλον
3597 508 3746 563 ἁπάν-

530 609 659 664 est;
692 599 817 653 huic
865 598 1117 654 videlicet
1161 598 1435 655 exercitus
1484 599 1644 668 hujus
1677 600 1912 666 doctori,
1943 615 2101 671 quem

2212 618 2331 664 των,
2366 594 2441 654 ὧν
2479 601 2641 664 αὐτὸς
2670 601 2768 655 σὺν
2799 601 2920 673 θείᾳ
2960 601 3187 673 δυνάμει
3229 600 3587 672 κατηρτὶσατο
3631 599 3743 670 (ﬂ),

535 690 742 756 primus
765 689 877 757 ipse
905 698 960 744 et
1016 690 1283 746 maximus
1324 689 1595 758 Pontifex,
1630 693 1858 748 secundi
1893 702 2016 764 post
2045 710 2104 750 se

535 778 637 832 loci
688 779 989 853 sacerdotio
1029 780 1083 834 in
1121 781 1225 835 hoc
1275 782 1520 837 sacrario
1568 782 1901 848 decoratum,
1938 785 2103 839 divini

535 868 711 936 gregis
736 869 900 923 vestri
927 879 1383 937 pastorem,sorte
1406 887 1470 926 ac
1497 870 1702 941 judicio
1722 872 1900 928 Patris
1929 875 2106 929 omni-

533 960 770 1027 potentis
821 960 945 1015 huic
996 962 1194 1031 p0pulo
1245 962 1583 1033 praefectum,
1619 974 1805 1035 utpote
1839 967 2103 1021 cultorem

530 1058 696 1117 atque
730 1051 1081 1119 interpretem
1123 1069 1303 1120 suum,
1334 1056 1617 1109 constituit
1660 1074 1674 1111 :
1711 1072 1909 1110 novum
1937 1058 2108 1111 Aaro-

534 1154 684 1203 nem,
714 1149 768 1195 et
812 1140 1281 1208 Melchisedecem,
1329 1145 1618 1215 imaginem
1670 1146 1793 1201 Filii
1841 1148 1931 1202 Dei
1973 1149 2105 1217 :qui

535 1228 590 1286 in
620 1244 937 1302 perpetuum
982 1245 1187 1301 manet,
1222 1246 1278 1291 et
1324 1239 1705 1294 communibus
1741 1241 1982 1295 omnium
2014 1258 2107 1296 ve-

535 1336 711 1381 strum
746 1327 885 1382 votis
913 1328 980 1384 ab
1007 1344 1073 1383 eo
1097 1339 1474 1384 conservatur.
1511 1330 1646 1385 lluic
1674 1332 1837 1401 igitur
1866 1335 1958 1387 uni
1989 1344 2111 1402 post

536 1419 769 1487 primum
800 1420 948 1474 illum
981 1431 1039 1476 et
1076 1422 1369 1476 maximum
1399 1424 1733 1492 pontificem,
1758 1425 1804 1479 si
1848 1440 1950 1480 non
1995 1427 2108 1496 pri-

536 1528 676 1577 mas,
703 1522 759 1567 at
784 1523 932 1569 certe
973 1514 1241 1569 secundas
1274 1524 1460 1583 partes
1484 1516 1640 1570 obire
1667 1516 1830 1571 liceat
1858 1518 1909 1572 in
1942 1518 2112 1588 inspi-

537 1603 747 1659 ciendis
782 1605 1142 1673 curaudisque
1182 1606 1490 1661 animarum
1522 1618 1825 1665 vestrarum
1859 1619 2109 1680 penetra-

537 1697 680 1756 libus
724 1715 739 1752 :
773 1701 973 1769 quippe
1002 1701 1094 1771 qui
1129 1710 1241 1755 tum
1265 1702 1439 1757 multo
1460 1719 1559 1758 usu
1589 1716 1642 1758 et
1670 1705 1831 1776 longo
1858 1709 2112 1776 temporis

539 1794 719 1864 spatio
752 1810 1190 1864 unumquemque
1220 1804 1457 1851 vestrum
1494 1808 1747 1853 accurate
1779 1802 2108 1870 cognoverit,

2203 694 2406 746 τούτων
2432 695 2542 756 τοῖς
2566 692 2743 764 ἔργοις
2768 692 3076 764 ἐφαμίλλως
3101 691 3392 747 ἀποδοῦναι
3410 691 3532 754 τοὺς
3558 689 3740 758 λόγους.

2217 785 2276 837 '0
2308 784 2404 855 μὲν
2433 780 2526 838 οὖν
2567 785 2781 857 πρῶτος
2809 787 2904 839 καὶ
2948 784 3120 856 μέγας
3148 782 3305 854 ἡμῶν
3338 782 3638 853 ἀρχιερεὺς,
3661 783 3742 835 ὅσα

2209 874 2390 945 βλέπει
2416 874 2507 929 τὸν
2532 876 2749 948 Πατέρα
2794 875 3069 939 ποιοῦντα,
3108 874 3302 937 ταῦτα,
3346 876 3527 945 φησιν,
3574 873 3740 941 ὁμοίως

2206 965 2302 1019 καὶ
2325 967 2353 1018 ὁ
2382 966 2505 1030 Υἱὸς
2532 970 2706 1020 ποιεῖ·
2736 970 2765 1021 ό
2788 967 2845 1020 δὲ
2877 967 2972 1021 καὶ
2997 966 3160 1029 αὐτὸς
3190 966 3268 1029 ὡς
3296 966 3361 1019 ἂν
3397 967 3489 1018 ἐπὶ
3521 964 3740 1019 διδάσκα-

2206 1055 2297 1111 λον
2328 1058 2417 1110 τὸν
2455 1058 2670 1129 πρῶτον
2699 1058 2955 1129 καθαροῖς
2981 1058 3098 1120 νοὸς
3134 1057 3377 1129 ὄμμασιν
3414 1056 3641 1127 ἀφορῶν,
3661 1057 3741 1109 ὅσα

2210 1145 2395 1217 βλέπει
2408 1147 2682 1212 ποιοῦντα,
2702 1148 2778 1212 ὡς
2798 1148 2862 1201 ἂν
2882 1148 3207 1220 ἀρχετύποις
3226 1147 3504 1218 χρώμενος
3520 1146 3741 1218 παραδεί-

2208 1255 2404 1308 γμασι,
2419 1238 2620 1293 τούτων
2635 1238 2737 1302 τὰς
2755 1240 2966 1303 εἰκόνας
2985 1240 3059 1303 ὡς
3081 1239 3158 1292 ἔνι
3184 1239 3418 1310 μάλιστα
3437 1238 3659 1302 δυνατὸν,
3678 1240 3740 1301 είς

2207 1330 2268 1382 τὸ
2293 1329 2602 1400 ὁμοιότατον
2630 1330 2979 1402 δημιουργῶν
3001 1330 3395 1402 ἀπειργάσατο,
3413 1330 3560 1384 οὐδὲν
3582 1330 3738 1401 ἐκείνῳ

2209 1420 2521 1475 καταλιπὼν
2546 1422 2624 1493 τῷ
2650 1422 2935 1497 Βεσελεὴλ,
2976 1423 3035 1476 ὃν
3063 1423 3226 1487 αὐτὸς
3250 1425 3279 1476 ό
3312 1423 3446 1486 Θεὸς
3474 1422 3738 1494 πνεύματος

2210 1513 2496 1585 ἐμπλήσας
2529 1514 2717 1582 σοφίας
2737 1514 2832 1568 κα)¹
2869 1513 3135 1578 συνέσεως
3169 1514 3265 1569 καὶ
3311 1514 3414 1585 τῆς
3448 1513 3604 1585 ἄλλης
3627 1514 3739 1567 ὲντέο

2211 1623 2340 1677 χνου
2368 1606 2463 1659 καὶ
2499 1605 2925 1677 ἐπιστημονικῆς
2948 1605 3218 1675 γνώσεως,
3249 1606 3349 1676 τῆς
3377 1604 3486 1659 τῶν
3511 1605 3736 1677 οὐρανίων

2209 1697 2413 1761 τύπων,
2441 1696 2526 1750 διὰ
2548 1714 2610 1750 συ
2619 1697 2828 1766 μϐόλων
2853 1697 2979 1751 ναοῦ
3007 1698 3350 1768 κατασκευῆς
3366 1697 3498 1764 (15),
3518 1697 3737 1769 δημιουρ-

2212 1787 2307 1855 γὸν
2355 1786 2741 1858 άνακέκληται.
2770 1787 2952 1862 Ταύτῃ
2976 1789 3020 1842 δ’
3047 1786 3138 1843 οὖν
3157 1790 3249 1843 καὶ
3267 1790 3353 1842 ὅδε
3382 1789 3603 1860 Χριστὸν
3622 1789 3734 1853 ὅλον,

540 1900 655 1942 tum
682 1890 863 1944 studio
886 1906 984 1946 suo
1013 1906 1078 1946 ac
1112 1890 1391 1961 diligentia
1420 1899 1647 1947 cunctos
1687 1894 1755 1946 ad
1790 1894 2105 1949 modestiam

2212 1876 2303 1929 τὸν
2350 1877 2540 1945 Λόγον,
2582 1876 2679 1949 τὴν
2721 1880 2932 1947 σοφίαν,
2958 1880 3018 1934 τὸ
3044 1880 3177 1949 φῶς,
3210 1882 3268 1932 ὲν
3302 1882 3368 1951 τῇ
3407 1879 3562 1944 αὐτὸς
3596 1880 3735 1933 αὑτοῦ

537 1989 596 2033 et
650 1976 869 2049 pietatis
919 1982 1221 2037 doctrinam
1255 1984 1417 2055 377
1465 1986 1845 2040 informaverit
1878 2001 1891 2039 :
1924 1996 1979 2040 et
2014 1989 2106 2057 qui

541 2084 651 2136 pra:
677 2071 890 2125 caeteris
919 2072 1173 2127 omnibus
1199 2088 1388 2128 earum
1423 2090 1604 2130 rerum
1629 2090 1763 2145 quas
1791 2076 1969 2131 divina
1995 2079 2106 2132 vir-

542 2169 655 2212 tute
689 2161 955 2229 perfecit,
991 2164 1231 2220 rationes
1279 2165 1511 2221 reddere
1557 2168 1702 2223 valet
1751 2168 2106 2238 magnitudini

535 2266 761 2321 Opermn
813 2256 1221 2324 respondentes.
1269 2258 1348 2313 Ac
1405 2260 1612 2329 primus
1669 2262 1884 2329 quidem
1929 2260 2017 2315 ille
2053 2270 2109 2315 et

541 2341 811 2395 maximus
844 2342 1093 2399 Pontifex
1142 2354 1351 2410 noster,
1402 2363 1736 2417 quaecunque
1778 2349 1994 2404 Patrem
2030 2350 2107 2403 fa-

536 2433 768 2489 cientem
791 2435 958 2500 videt,
999 2436 1405 2508 eadem,inquit
1435 2477 1451 2502 ,
1486 2440 1647 2493 simili
1689 2441 1846 2493 modo
1879 2440 2006 2495 facit
2051 2452 2107 2497 et

536 2521 708 2579 filius
727 2526 795 2581 ⁷⁸.
850 2525 950 2580 ilic
985 2542 1115 2581 vero
1171 2536 1426 2596 tanquam
1470 2529 1523 2583 in
1582 2531 1900 2600 magistrum
1940 2546 2106 2600 puros

538 2617 735 2672 mentis
766 2618 954 2673 oculos
1009 2619 1221 2674 defixos
1282 2620 1525 2674 habens:
1564 2636 1900 2691 quaecunque
1924 2625 1993 2677 ab
2040 2639 2105 2679 eo

539 2710 657 2764 ﬁeri
680 2711 844 2774 videt,
871 2711 1041 2765 instar
1066 2710 1395 2781 exemplaris
1418 2713 1517 2765 sibi
1554 2727 1881 2782 proponens,
1917 2730 2103 2771 eorum

539 2800 804 2872 imagines
834 2802 1014 2871 quoad
1068 2801 1184 2869 ejus
1223 2802 1336 2856 ﬁeri
1371 2809 1566 2870 potest,
1591 2801 1656 2854 ad
1692 2803 2102 2860 similitudinem

534 2907 825 2960 expressas
844 2892 1066 2951 ellinxit.
1096 2895 1242 2949 Nihil
1272 2895 1428 2965 plane
1452 2896 1676 2954 inferior
1698 2894 1967 2952 Beseleele
1992 2898 2102 2962 illo,

534 2998 695 3055 quem
736 2983 881 3038 Deus
923 2986 1037 3054 ipse
1081 2986 1274 3056 spiritu
1320 2986 1603 3056 sapientia:
1633 2998 1689 3041 et
1736 2986 2105 3058 intelligentia

535 3075 822 3146 omnisque
850 3076 1142 3147 ingeniosa:
1167 3092 1232 3132 ac
1258 3077 1476 3134 solertis
1519 3079 1730 3148 peritiae
1758 3093 1881 3133 cum
1916 3080 2101 3150 imple-

534 3168 739 3235 visset,
774 3168 1075 3224 cmlestium
1119 3169 1298 3239 templi
1333 3170 1628 3242 imaginum
1677 3187 1775 3243 per
1817 3174 2106 3228 adumbra-

2207 1967 2670 2040 ἀγαλματοφορῶν
2687 1967 2799 2041 (16)
2816 1970 2982 2043 ψυχῇ,
3001 1972 3106 2025 οὐδ’
3124 1971 3269 2026 ἐστιν
3285 1974 3461 2025 είπεῖν
3474 1972 3556 2044 οἶα
3571 1973 3653 2024 σὺν
3669 1989 3737 2042 με·

2207 2059 2598 2134 γαλοφροσύνῃ,
2622 2060 2852 2135 πλουσίᾳ
2870 2081 2931 2117 τε
2957 2066 3051 2118 καὶ
3073 2064 3336 2135 ἀπλήστῳ
3355 2063 3582 2127 διανοίας
3603 2064 3735 2134 χειρὶ,

2206 2158 2300 2210 καὶ
2334 2157 2429 2210 σὺν
2458 2158 2545 2229 οἵα
2578 2158 2793 2212 πάντων
2833 2158 2985 2230 ὑμῶν
3020 2158 3321 2230 φιλοτιμίᾳ,
3351 2161 3418 2230 τῇ
3456 2159 3558 2212 τῶν
3587 2161 3736 2226 εἰσφο-

2210 2249 2319 2322 ρῶν
2353 2249 2748 2322 μεγαλοψυχίᾳ,
2779 2250 2881 2321 τῆς
2927 2252 3099 2321 αὐτῆς
3130 2250 3279 2321 αὐτῷ
3307 2250 3607 2323 προθέσεως
3626 2249 3737 2303 κατὰ

2210 2340 2414 2413 μηδένα
2441 2342 2638 2415 τρόπον
2669 2341 3059 2412 ἀπολειφθῆναι
3093 2340 3517 2414 φιλονεικότερον
3549 2342 3736 2413 μεγαλο-

2206 2436 2606 2507 φρονουμένων,
2640 2435 2731 2489 τὸν
2763 2433 3151 2506 μεγαλοπρεπῆ
3177 2433 3329 2487 τόνδε
3355 2434 3489 2487 Θεοῦ
3518 2434 3604 2487 τοῦ
3636 2435 3733 2503 ὑψί-

2205 2543 2333 2581 στου
2363 2526 2519 2593 νεὼν,
2553 2527 2632 2599 τῷ
2680 2527 2774 2581 τοῦ
2821 2526 3128 2599 κρείττονος
3172 2526 3569 2597 παραδείγματι
3595 2526 3660 2590 ὡς
3684 2526 3734 2580 ἂν

2203 2619 2479 2692 ὁρώμενον
2508 2620 2581 2692 μὴ
2611 2619 2912 2693 ὁρωμένου,
2942 2620 3043 2691 τὴν
3077 2618 3238 2688 φύσιν
3268 2620 3481 2690 ἐμφερῆ
3515 2620 3734 2689 συνεστή·

2205 2729 2335 2766 σατο
2352 2729 2366 2743 ·
2400 2710 2575 2784 χῶίρον
2608 2713 2705 2784 μὲν
2731 2712 2902 2773 τόνδε,
2936 2711 3017 2764 ὅτι
3045 2711 3138 2764 καὶ
3167 2708 3318 2775 ἄξιον
3342 2712 3533 2775 εἰπεῖν,
3560 2709 3733 2781 πρῶτον

2206 2807 2478 2871 ἁπάντων,
2512 2804 2693 2876 πάσης
2717 2805 2778 2858 οὐ
2802 2804 3047 2877 καθαρᾶς
3072 2801 3204 2875 ὕλης
3232 2802 3443 2875 ἐχθρῶν
3473 2801 3733 2864 ἐπιϐουλαῖς

2204 2895 2688 2967 κατακεχωσμένον
2741 2896 2803 2949 οὐ
2851 2894 3115 2966 παριδὼν,
3167 2893 3289 2948 οὐδὲ
3327 2896 3394 2965 τῇ
3439 2892 3544 2945 τῶν
3584 2891 3733 2946 αίτίων

2204 2988 2608 3061 παραχωρήσας
2641 2986 2830 3059 κακίᾳ,
2868 2985 2985 3052 ἐξὸν
3032 2985 3117 3054 ἐφ’
3167 2984 3357 3056 ἕτερον
3399 2983 3623 3045 ἐλθόντα,
3653 3000 3731 3053 μυ-

2206 3080 2336 3153 ρίων
2383 3079 2556 3133 ἄλλων
2603 3078 3013 3149 εὐπορουμένων
3058 3079 3134 3149 τῇ,
3159 3077 3333 3140 πόλει,
3370 3075 3631 3149 ῥᾳστώνην
3664 3073 3733 3127 εὖ·

2212 3170 2407 3244 ρασθαι
2444 3170 2540 3225 τοῦ
2588 3170 2773 3233 πόνου,
2813 3170 2908 3223 καὶ
2940 3169 3284 3240 πραγμάτων
3325 3167 3660 3240 ἀπηλλάχθαι.
3688 3166 3732 3220 '0

537 3269 623 3314 tas
651 3261 914 3329 quasdam
951 3260 1150 3329 figuras
1190 3261 1399 3316 fabrum
1432 3273 1597 3333 atque
1618 3264 1883 3320 artificem
1922 3264 2099 3335 elegit.

2212 3266 2263 3320 δὲ
2296 3265 2508 3337 πρῶτον
2550 3265 2713 3319 αὑτὸν
2746 3265 2836 3319 ἐπὶ
2868 3263 2929 3318 τὸ
2976 3264 3135 3335 ἔργον
3180 3264 3423 3336 ἐγείρας,
3456 3260 3566 3317 εἶτα
3592 3264 3640 3317 δὲ
3662 3263 3733 3315 τὸν

534 3355 617 3408 Ad
649 3354 899 3409 eumdem
927 3354 1090 3423 igitur
1131 3354 1346 3409 modum
1381 3355 1468 3409 hic
1511 3365 1698 3410 noster
1734 3366 1902 3410 totum
1953 3357 2109 3411 Chri-

533 3455 706 3509 stum,
738 3445 829 3514 qui
883 3444 1136 3512 Verbum,
1185 3446 1453 3516 sapientia
1505 3456 1560 3501 et
1608 3445 1697 3499 lux
1753 3456 1874 3514 est,
1913 3448 1974 3502 in
2010 3463 2106 3502 sua

540 3539 707 3608 ipsius
746 3546 927 3591 mente
957 3544 1213 3606 tauquam
1249 3539 1537 3608 imaginem
1570 3548 1830 3610 gestans:
1863 3539 1966 3593 dici
2001 3554 2105 3594 non

533 3640 715 3700 potest
746 3640 946 3700 quanta
975 3645 1096 3684 cum
1128 3631 1291 3685 animi
1324 3633 1717 3703 magnitudine,
1781 3648 1943 3704 quam
1973 3649 2109 3703 cpu-

539 3723 682 3777 lenta
731 3731 786 3777 et
829 3722 1050 3791 prodiga
1097 3722 1293 3777 mentis
1330 3738 1530 3790 manu,
1565 3733 1768 3793 quanta
1798 3726 1961 3778 etiam
1991 3739 2109 3777 οιιι-

533 3815 689 3867 nium
719 3823 956 3867 vestrum
980 3813 1322 3879 liberalitate,
1354 3818 1447 3883 qui
1479 3826 1661 3870 vestra
1687 3818 1741 3870 in
1762 3816 2108 3872 conferendis

533 3904 840 3974 sumptibus
890 3907 1286 3977 magniﬁcentia
1312 3910 1470 3979 quasi
1516 3926 1639 3965 cum
1681 3910 1773 3965 illo
1810 3918 2109 3975 certantes,

534 4010 608 4049 ne
628 3992 747 4070 ejus
783 3996 1005 4051 consilio
1032 3998 1318 4055 inferiores
1353 4000 1459 4054 ulla
1490 4015 1558 4055 ex
1603 4012 1758 4070 parte
1789 4000 2109 4055 videremini

532 4087 877 4142 ambitiosius
904 4089 1295 4145 contendistis:
1323 4091 1426 4147 hoc
1453 4092 1800 4161 magniﬁcum
1832 4092 1924 4147 Dei
1953 4092 2109 4147 altis-

534 4179 661 4232 simi
704 4180 957 4247 templum
992 4182 1136 4250 quod
1161 4184 1263 4237 sub
1312 4194 1593 4251 aspectum
1623 4185 1786 4249 cadit,
1822 4184 1888 4238 ad
1924 4199 2109 4240 exem-

538 4271 684 4340 plum
719 4274 1109 4341 pnuslaulioris
1157 4274 1302 4331 illius
1351 4276 1533 4347 templi
1573 4278 1717 4346 quod
1760 4277 1908 4331 cerni
1935 4279 2108 4334 oculis

534 4379 646 4418 non
681 4373 875 4433 potest,
902 4381 1063 4433 quam
1112 4367 1227 4422 fieri
1266 4367 1443 4436 potuit
1491 4367 1823 4423 simillimum
1875 4368 2098 4425 fabrica-

539 4456 697 4509 verit.
726 4452 790 4507 Et
835 4455 979 4510 hunc
1012 4457 1224 4525 quidem
1277 4456 1452 4511 locum
1499 4459 1589 4529 (de
1639 4459 1739 4514 hoc
1780 4459 1923 4515 enim
1980 4470 2108 4516 ante

538 4545 717 4599 omnia
761 4545 1049 4600 dicendum
1085 4546 1313 4619 videtur)
1370 4564 1532 4618 quem
1580 4551 1821 4605 omnium
1863 4552 2107 4607 sordiu’m

2210 3352 2497 3425 σύμπαντα
2528 3352 2655 3407 λαὸν
2688 3352 2967 3426 προθυμίᾳ
3010 3352 3188 3424 ῥώσας
3227 3356 3322 3408 καὶ
3362 3355 3487 3426 μίαν
3517 3353 3570 3422 ἐξ
3595 3353 3732 3408 ἁπάνα

2205 3464 2313 3501 των
2354 3445 2595 3518 μεγάλην
2624 3449 2778 3518 χεῖρα
2812 3445 3154 3514 συναγαγὼν,
3194 3448 3412 3518 πρῶτον
3445 3443 3593 3502 ἆθλον
3620 3450 3733 3516 ἡγω-

2206 3538 2380 3603 νίζετο
2403 3536 2535 3609 (17),
2572 3537 2739 3607 αὐτὴν
2781 3536 2844 3607 δὴ
2882 3537 3115 3607 μάλιστα
3145 3536 3244 3609 τὴν
3283 3539 3391 3592 ὑπὸ
3421 3540 3525 3593 τῶν
3568 3538 3733 3609 ἐχθρῶν

2208 3628 2733 3701 πεπολιορκημένην,
2760 3627 2929 3698 αὐτὴν
2952 3628 3051 3699 τὴν
3075 3632 3318 3701 προπονή
3327 3648 3513 3695 σασαν,
3537 3631 3732 3693 καὶτοὺς

2206 3722 2401 3785 αὐτοὺς
2438 3722 2571 3792 ἡμῖν
2616 3720 2707 3773 καὶ
2741 3720 2846 3791 πρὸ
2885 3718 3043 3791 ἡμῶν
3078 3719 3356 3791 διωγμοὺς
3389 3722 3729 3792 ὑπομείνασαν,

2207 3816 2305 3885 τὴν
2341 3812 2543 3885 μητρὸς
2573 3811 2730 3880 δίκην
2755 3811 2862 3864 τῶν
2893 3811 3099 3865 τέκνων
3140 3812 3516 3882 ἐρημωθεῖσαν
3550 3810 3727 3879 Ἐκκλη-

2211 3906 2350 3971 σίαν,
2387 3902 2783 3957 ωναπολαῦσαι
2814 3902 2922 3955 δεῖν
2946 3903 3190 3973 οἰόμενος
3215 3904 3316 3972 τῆς
3348 3902 3440 3956 τοῦ
3469 3899 3729 3967 παναγάθου

2213 3996 2642 4068 μεγαλοδωρεᾱ.
2686 3993 2902 4065 Ἐπειδὴ
2950 3993 3058 4064 γάρ
3086 3994 3213 4057 τοὺς
3254 3994 3452 4057 παῖδας
3476 3990 3616 4056 αὖθις
3643 3990 3729 4061 (l8)

2208 4090 2237 4141 ό
2269 4086 2441 4157 μέγας
2490 4084 2712 4157 ποιμὴν,
2760 4085 2888 4147 τοὺς
2931 4082 3102 4155 θῆρας
3139 4084 3235 4137 καὶ
3272 4085 3401 4147 τοὺς
3444 4083 3622 4145 λύκους
3659 4080 3732 4133 καὶ

2209 4180 2317 4233 πᾶν
2349 4177 2553 4248 ἀπηνὲς
2600 4176 2694 4229 καὶ
2721 4175 2912 4247 ἄγριον
2956 4175 3111 4245 γένος
3147 4174 3513 4247 ἀποσοϐήσας,
3555 4172 3732 4231 καὶτὰς

2212 4272 2382 4345 μύλας
2412 4269 2519 4323 τῶν
2550 4269 2797 4331 λεόντων,
2921 4284 3051 4338 φησι
3086 4267 3157 4321 τὰ
3206 4268 3325 4322 θεῖα
3358 4268 3530 4337 λόγια,
3562 4263 3733 4335 συντρίο

2207 4364 2335 4435 ψας,
2369 4364 2462 4417 ἐπὶ
2489 4361 2684 4415 ταύτὸν
2725 4350 2877 4425 αὖθις
2907 4358 3182 4414 συνελθεῖν
3217 4361 3440 4430 ἠξίωσε,
3469 4358 3732 4414 δικαιότατα

2208 4456 2303 4511 καὶ
2335 4456 2433 4527 τῆς
2463 4452 2695 4523 ποίμνης
2726 4452 2823 4523 τὴν
2854 4451 3096 4523 μάνδραν
3124 4452 3336 4522 ἀνίστη,
3366 4450 3457 4504 τοῦ
3486 4446 3732 4517 καταισχύ-

2209 4566 2296 4604 ναι
2339 4545 2529 4618 ἐχθρὸν
2571 4543 2667 4598 καὶ
2709 4541 2997 4615 ἐκδικητὴν
3033 4540 3166 4613 (19),
3202 4544 3299 4601 καὶ
3343 4542 3417 4607 ὡς
3464 4542 3525 4596 ἂν
3555 4541 3733 4609 ἔλεγχον

536 4653 603 4692 ac
651 4648 1125 4707 purgamentorum
1181 4639 1437 4708 congerie
1488 4641 1692 4697 inimici
1740 4642 2107 4699 fraudulenter

2212 4642 2328 4704 ταῖς
2366 4636 2650 4708 θεομάχοις
2680 4633 2788 4691 τῶν
2827 4634 3036 4688 ἀσεϐῶν
3070 4634 3374 4707 προαγάγοι
3401 4636 3625 4706 τόλμαις.
3648 4632 3732 4685 Καὶ

538 4732 926 4792 adobruerant,
983 4730 1204 4784 minime
1256 4731 1631 4803 negligendum
1688 4743 1839 4790 ratus
1879 4752 1894 4790 :
1932 4749 2108 4805 neque

603 4825 655 4859 “
678 4826 833 4880 Joan.
868 4843 919 4890 ι’,
947 4825 1032 4880 19.

613 4917 725 4989 (Hi
754 4913 1140 4989 'Qrautdc...
1178 4918 1592 4986 κατηρτίσατο.
1639 4918 1892 4988 luteiligit
1931 4918 2100 4972 fabri-

539 4988 662 5041 raui
701 4989 957 5042 Ecclesia:
993 4988 1121 5057 'l‘yri
1164 4999 1271 5042 tam
1308 4990 1604 5056 spiritalem
1645 5005 1808 5057 quam
1853 4991 2109 5043 materia-

538 5057 648 5112 lem
689 5076 702 5112 :
742 5058 897 5124 cujus
936 5058 1166 5112 fortnam
1206 5073 1270 5112 ac
1308 5058 1573 5113 rationem
1608 5060 1783 5112 solum
1837 5060 1911 5111 ait
1946 5060 2111 5115 edere

543 5142 705 5194 posse
747 5128 1050 5194 Paulinum,
1082 5129 1172 5198 qni
1210 5144 1330 5183 eam
1374 5128 1633 5183 fabricam
1669 5131 1850 5184 divina
1888 5143 1991 5198 ope
2018 5144 2112 5183 ar-

538 5198 871 5251 chitectatus
899 5207 995 5252 est.

610 5266 721 5337 (l5)
752 5266 917 5321 Ναοῦ
945 5267 1345 5336 κατασκευῆς.
1388 5266 1843 5323 Beseleel'arcam
1892 5283 1985 5322 seu
2028 5276 2112 5323 ta-

540 5337 896 5407 bernaculum
930 5338 1016 5390 Dei
1048 5337 1358 5398 fabricavit,
1388 5352 1492 5390 non
1526 5349 1704 5392 autem
1736 5339 2015 5407 templum,
2052 5347 2111 5393 ut

543 5406 743 5476 legitur
775 5409 827 5460 in
856 5407 1025 5461 Exodi
1061 5423 1182 5476 cap.
1217 5422 1448 5461 xxxvui.
1493 5408 1774 5477 Templum
1809 5410 1974 5475 igitur
2008 5410 2111 5477 im-

542 5478 760 5542 proprie
803 5480 970 5530 sutnit
1023 5476 1288 5531 Eusebius
1330 5494 1430 5543 pro
1486 5476 1859 5532 tabernaculo.
1910 5476 2110 5529 Eodem

538 5547 661 5616 {ore
693 5549 886 5606 modo,
933 5562 1041 5616 quo
1086 5548 1140 5599 in
1190 5548 1412 5601 Actibus
1450 5549 1815 5615 apostolorum
1854 5546 2108 5613 templum

543 5614 728 5669 Diana:
752 5614 1074 5682 diciturpro
1102 5618 1353 5672 mdicida.

617 5685 725 5756 (“3)
784 5686 1331 5756 Ἀττιλματοφορῶη
1383 5684 1694 5756 Metaphora
1740 5694 1825 5742 est
1856 5699 1884 5737 a
1922 5698 2112 5756 sacer-

540 5751 1237 5828 dotibusgentilium{qui
1281 5751 1570 5828 simulacra
1599 5758 1825 5828 deorum
1870 5754 2113 5828 humeris

540 5823 661 5881 mis
706 5820 1034 5891 bajdlabant.
1073 5836 1134 5880 ιιι
1164 5820 1347 5880 ῑιοιτινί
1372 5827 1440 5881 ad
1470 5826 1565 5883 lib.
1593 5842 1704 5882 uti
1753 5827 1933 5883 Amm.
1961 5821 2109 5883 Har-

2212 4730 2308 4788 νῦν
2354 4731 2403 4784 οἱ
2455 4728 2552 4800 μὲν
2600 4727 2701 4781 οὐκ
2751 4727 2888 4781 εἰσιν
2922 4725 3034 4799 (20)
3069 4727 3121 4780 oi
3176 4726 3472 4799 θεομισεῖς,
3514 4728 3586 4781 ὅτι
3628 4722 3731 4796 μηδὲ

2206 4915 2386 4972 cellini
2406 4954 2422 4980 ,
2451 4915 2541 4970 ubi
2572 4916 2638 4986 de
2665 4915 2882 4971 Juliano
2914 4917 3043 4985 imp.
3073 4917 3240 4973 dicit:
3280 4916 3520 4972 «Vehens
3544 4916 3727 4986 licent"

2209 5001 2307 5055 pro
2338 4982 2712 5111 sggrdoiibus
2741 5003 2919 5044 sacra.
2947 5005 2966 5040 ι
2995 4982 3203 5043 Eadem
3232 5003 3340 5043 vox
3368 4987 3573 5042 occurri
3622 4982 3729 5037 infra

2209 5071 2333 5111 nan.
2362 5073 2397 5110 ο
2475 5095 2487 5108 .

2246 5073 2333 5110 311.
2362 5073 2487 5110 θδι.

2207 5071 2659 5198 Ρῧῗίῆδῆβῶτον
2695 5112 3249 5197 ἆθλοκὴγωνιζετο.
3291 5126 3499 5182 Alludit
3528 5128 3589 5181 ad
3617 5122 3730 5177 ller-

2204 5197 2342 5252 culis
2372 5197 2586 5251 labores
2617 5213 2709 5252 seu
2750 5199 3075 5252 certamina.

2276 5265 2387 5339 (l8)
2424 5266 2571 5339 Τοὺς
2590 5266 2805 5332 παῖδας
2826 5263 3016 5339 αὖθις.
3049 5267 3193 5339 Lego
3205 5268 3333 5332 τοὺς
3353 5268 3542 5330 παῖδας
3568 5262 3730 5339 αὐτῆς.

2207 5336 2398 5406 supple
2421 5336 2765 5408 Ἐκκλησίας.
2796 5336 3145 5405 Alioqnimisi
3174 5338 3247 5390 ita
3267 5339 3562 5406 scripseris,
3587 5336 3660 5390 bis
3685 5346 3729 5383 ιιι

2209 5408 2399 5461 eadem
2428 5408 2653 5461 periodo
2685 5417 3021 5461 repeteretur
3054 5421 3153 5459 vox
3178 5403 3357 5461 αὖθις.

2245 5423 2399 5460 auem
2428 5423 2653 5461 DCI‘IOGO
2685 5423 3021 5461 TCDOSIOI'EIUI‘
3054 5423 3153 5459 V0!
3178 5423 3357 5461 αυυις.

2282 5422 2399 5459 nem
2428 5422 2653 5474 periodo
2685 5422 3021 5473 repeteretur
3054 5422 3153 5459 vox
3178 5422 3357 5470 αυυις.

2282 5476 2392 5548 (19)
2426 5476 2683 5550 ζβχθρόν
2701 5476 2798 5550 καί
2819 5474 3156 5550 ἐκδικητὴν.
3185 5476 3358 5531 Verba
3387 5486 3507 5550 sunt
3529 5491 3589 5529 ex
3614 5468 3732 5550 psal-

2211 5544 2300 5600 mo
2324 5544 2419 5600 vtit
2448 5544 2687 5607 Davidis,
2712 5547 2799 5599 ubi
2827 5547 2984 5615 hodie
3007 5548 3222 5615 legitur,
3252 5565 3272 5598 ι
3308 5556 3367 5598 ιιι
3399 5549 3622 5600 destruas
3647 5544 3731 5615 iui.

2211 5619 2411 5671 Inicunt
2440 5627 2495 5670 et
2525 5616 2777 5668 ultorem.
2824 5635 2842 5667 ι
2881 5611 3252 5670 νειιιε⁷νειδίο
3279 5616 3554 5671 Gallicana
3585 5611 3727 5668 babe-

2209 5687 2323 5748 bat,
2360 5704 2381 5736 ι
2418 5694 2475 5739 ιιι
2504 5685 2754 5739 destruas
2788 5685 3064 5740 inimicum
3101 5695 3156 5740 et
3185 5685 3540 5750 defensorem,
3572 5702 3590 5736 ι
3616 5690 3731 5736 tesw

2209 5754 2452 5821 Sulpicio
2481 5754 2532 5807 in
2572 5754 2686 5808 Vita
2712 5754 2957 5811 Martini.

2278 5820 2391 5885 l20)
2422 5824 2528 5879 Kal
2555 5823 2672 5883 νῦν
2698 5825 2807 5883 οὐκ
2831 5827 3012 5881 εἰσιν.
3045 5823 3291 5885 Imitatur
3316 5820 3729 5891 Eusebiuslocﬂﬂl
