3860 6538
208 483 292 542 861
1204 482 1552 544 HISTORUE
1590 483 2153 547 ECCLESIASTICIE
2190 488 2302 547 LIB
2360 487 2433 546 Χ.

3331 492 3438 551 86Ξ

207 603 354 681 ἦσαν’
396 607 475 669 εἰς
536 603 709 679 βραχύ
754 604 812 660 δὲ
859 605 1198 679 ταράξαντες
1243 607 1339 661 καὶ
1381 604 1750 680 ταραχθέντες.

1869 625 2054 666 eorum
2089 614 2181 683 qui
2235 613 2353 684 ejus
2389 613 2469 669 rei
2523 622 2775 670 auctores
2808 613 3052 683 fuerant,
3102 613 3434 685 improbitati

204 697 293 756 εἷθ’
319 698 639 770 ὑποσχόντες
662 700 932 773 τιμωρίαν
964 701 1024 753 οὐ
1072 698 1329 772 μεμπτὴν
1355 703 1423 773 τῇ
1455 700 1599 775 δίκῃ,
1626 703 1753 756 ἑαυ-

203 795 311 856 τοὺς
335 791 427 846 καὶ
449 791 636 859 φίλους
659 793 753 848 καὶ
776 792 977 857 οἴκους,
1004 793 1174 865 ἀρδην
1234 793 1564 859 ἀναστάτους
1626 812 1759 850 κατ-

203 884 438 954 έστησανο
465 882 539 946 ὡς
559 881 660 946 τὰς
682 882 854 940 πάλαι,
880 881 1101 954 στήλαις
1117 884 1288 955 ἱεραῖς
1318 883 1759 955 καταγραφείσας

202 972 528 1043 προρρήσεις,
562 970 743 1042 ἔργοις
773 971 967 1035 πιστάς
991 971 1387 1043 ὁμολογεῖσθαι,
1413 972 1482 1026 δι’
1504 966 1577 1027 ὧν
1603 973 1675 1028 τά
1698 991 1758 1029 τε

201 1064 316 1118 ἄλλα
346 1064 373 1115 ὁ
412 1060 553 1126 θεῖος
584 1062 923 1134 ἐπαληθεύει,
964 1062 1140 1132 λόγος,
1173 1064 1312 1138 ἀτάρ
1353 1065 1448 1119 καὶ
1475 1064 1601 1119 τάδε
1630 1067 1759 1140 περὶ

199 1155 356 1211 αὐτῶν
392 1154 861 1228 ἀποφαινόμενοςο
894 1175 915 1208 ι
987 1157 1289 1228 Ῥομφαίαν
1346 1157 1657 1212 ἐσπάσαντο
1707 1161 1756 1213 οἰ

199 1248 507 1322 ἁμαρτωλοὶ,
545 1251 815 1306 ἐνέτειναν
855 1250 1009 1319 τόξον
1049 1252 1249 1327 αύτῶν,
1288 1250 1383 1307 τοῦ
1429 1252 1758 1307 καταϐαλεῖν

198 1342 387 1412 πτωχὸν
423 1343 518 1397 καί
547 1342 773 1415 πένητα,
805 1342 898 1397 τοῦ
934 1344 1131 1415 σφάξαι
1156 1346 1283 1409 τοὺς
1315 1344 1493 1411 εὐθεῖς
1523 1348 1588 1417 τῇ
1624 1363 1759 1419 καρ-

197 1435 356 1506 δία-ὴ
409 1434 655 1507 ῥομφαία
683 1435 861 1489 αὔτῶν
891 1436 1120 1493 εἰσέλθοι
1153 1439 1235 1500 εῖς
1280 1435 1508 1511 καρδίαν
1556 1437 1753 1503 αὐτῶν,

199 1530 277 1582 καὶ
301 1527 364 1581 τά
380 1526 509 1593 τόξα
530 1527 710 1582 αὐτῶν
739 1528 1067 1600 συντριϐείη.
1100 1546 1118 1579 ι
1157 1529 1267 1582 Καὶ
1322 1528 1512 1587 πάλινο
1540 1546 1561 1581 r
1623 1531 1759 1584 Ἀπ-

198 1619 347 1674 ὡλετο
373 1619 433 1673 τὸ
470 1620 813 1692 μνημόσυνον
832 1620 1008 1675 αὐτῶν
1030 1623 1145 1692 μετ’
1176 1621 1332 1694 ἤχου,
1371 1622 1466 1677 καὶ
1496 1623 1560 1681 τὸ
1589 1623 1759 1697 ὄνομα

200 1714 356 1768 αὐτῶν
391 1711 680 1784 ὲξὴλειψας
711 1714 791 1777 είς
824 1712 914 1767 τὸν
956 1713 1150 1777 αἰῶνα,
1195 1715 1291 1769 καὶ
1323 1716 1402 1780 είς
1445 1716 1538 1770 τὸν
1584 1715 1756 1773 αἰῶνα

198 1806 277 1860 τοῦ
303 1805 490 1871 αἰῶνος
508 1823 522 1836 ·
557 1806 642 1860 ὅτι
676 1805 739 1877 δὴ
773 1806 866 1859 καὶ
894 1806 953 1860 ὲν
975 1809 1165 1871 κακοῖς
1196 1807 1500 1878 γενόμενοι,
1528 1807 1758 1880 ἐκέκρα-

199 1901 304 1969 ξαν,
334 1900 426 1952 καί
457 1898 560 1955 ούκ
585 1894 652 1971 ἦν
683 1900 711 1951 ό
736 1896 943 1963 σώζων,
969 1901 1104 1971 πρὸς
1129 1899 1354 1970 Κύριον,
1384 1901 1478 1955 καὶ
1520 1901 1620 1954 οὐκ
1638 1901 1751 1953 εἰσ-

196 1995 406 2066 ήκουσεν
430 1992 639 2049 αύτῶνι
659 1991 799 2045 Ἀλλ’
816 1993 865 2044 οἰ
896 1992 992 2063 μὲν
1023 1990 1480 2062 συνεποδίσθησαν
1508 1992 1603 2045 καὶ
1622 1991 1752 2046 ιπε-
1782 1972 1824 2026 Β

197 2105 293 2152 σον,
327 2089 484 2159 ἡμεῖς
529 2087 587 2140 δὲ
628 2086 933 2160 ἀνέστημεν
980 2086 1075 2141 καί⁸
1121 2085 1545 2158 ἀνωρθώθημεν.
1568 2106 1586 2139 ι
1639 2087 1749 2141 Καὶ

194 2178 300 2246 τόγε
324 2180 378 2231 ὲν
407 2177 626 2241 τούτοις
656 2174 1077 2249 προαναφωνοῦν
1095 2191 1109 2205 ⁸
1151 2194 1170 2226 ι
1194 2176 1391 2248 Κύριε,
1419 2178 1478 2229 ὲν
1505 2178 1572 2249 τῇ
1600 2175 1749 2229 πόλει

196 2288 275 2324 σου
315 2271 411 2343 τὴν
462 2270 650 2324 εἰκόνα
702 2269 880 2324 αὐτῶν
923 2267 1360 2333 ὲξουδενὼσεις,›
1407 2268 1605 2340 ἀληθὲς
1656 2270 1748 2323 ὑπ’

193 2363 462 2435 ὀφθαλμοῖς
492 2362 711 2416 πάντων
740 2362 1134 2432 ἀναπέφανται.
1176 2360 1316 2414 Ἀλλ’
1347 2362 1395 2414 οἱ
1428 2361 1528 2431 μὲν
1559 2362 1750 2430 γιγάν-

193 2473 283 2511 των
310 2456 506 2529 τρόπον
544 2452 842 2526 θεομαχίαν
888 2454 1277 2525 ἐνστησάμενοι
1322 2452 1576 2523 τοιαύτην
1606 2452 1746 2525 εἰλή-

192 2566 302 2625 χασι
349 2549 446 2621 τὴν
477 2546 575 2601 τοῦ
612 2547 732 2619 βίου,
760 2546 1140 2618 καταστροφήν
1159 2563 1174 2578 ο
1204 2546 1303 2617 τῆς
1337 2545 1381 2599 δ’
1415 2545 1623 2618 ἐρήμου
1655 2546 1751 2601 καὶ

193 2644 304 2715 παρ’
327 2639 637 2715 ἀνθρώποις
672 2637 1116 2710 ἀπεγνωσμένης,
1151 2636 1375 2692 τοιαῦτα
1399 2631 1487 2691 οἷα
1511 2637 1579 2691 τὰ
1610 2635 1749 2709 ὁρώ-

194 2752 315 2807 μενα,
335 2735 434 2806 τῆς
456 2733 601 2789 κατὰ
624 2732 757 2787 Θεὸν
784 2731 1061 2802 ὑπομονῆς
1082 2728 1152 2783 τά
1172 2729 1321 2802 τέλη,
1351 2729 1427 2794 ὡς
1453 2729 1751 2798 ἀναφωνεῖν

189 2828 308 2899 αὐτῇ
339 2828 436 2898 τὴν
470 2823 812 2899 προφητείαν
856 2824 1078 2877 Ἡσαΐου
1110 2822 1284 2877 ταῦτα
1307 2840 1321 2854 ·
1346 2842 1365 2874 ι
1402 2823 1751 2897 Εὐφράνθητι

190 2901 371 2992 ἔρημος
403 2917 639 2989 διψῶσα,
673 2915 1016 2988 ἀγαλλιάσθω
1049 2914 1252 2987 ἔρημος
1282 2914 1377 2969 καὶ
1418 2915 1646 2969 ἀνθείτω
1675 2915 1752 2980 ὡς

189 3012 384 3083 κρίνον
419 3010 517 3063 καὶ
560 3007 848 3080 ὲξανθήσει
891 3008 987 3062 καὶ
1029 3006 1414 3077 ἀγαλλιάσεται
1444 3006 1515 3061 τὰ
1547 3007 1746 3080 ἔρημα.

197 3101 457 3173 ’ἰσχύσατε
491 3103 677 3173 χεῖρες
725 3100 1027 3171 ἀνειμέναι,
1064 3100 1159 3153 καὶ
1205 3100 1408 3168 γόνατα
1441 3100 1749 3174 παραλελυ-

190 3194 342 3264 μέναο
387 3191 811 3265 παρακαλέσατε
855 3190 1162 3263 ὀλιγόψυχοι
1202 3193 1270 3263 τῇ
1323 3190 1550 3264 διανοίᾳ,
1598 3190 1749 3265 ἰσχύ-

1865 706 2059 762 cedere
2096 707 2541 763 sustinenszcnm
2573 707 2802 778 quaesito
2839 707 2946 762 alio
2967 707 3106 771 loco,
3132 710 3430 779 cuiusmodi

1860 797 2090 867 plurima
2146 798 2273 854 huic
2310 798 2517 854 civitati
2566 809 2893 871 supersunt,
2926 800 3128 857 laboris
3173 815 3436 871 compen-

1861 889 2007 943 dium
2038 890 2240 955 i'acere,
2272 905 2442 960 seque
2481 892 2663 947 multis
2690 893 2923 963 negotiis
2949 891 3185 949 liberare
3213 905 3432 964 posset;

1861 990 2039 1037 tamen
2061 984 2271 1052 primus
2295 983 2408 1054 ipse
2444 985 2513 1039 ad
2540 1000 2677 1055 opus
2722 1000 2843 1040 sese
2873 986 3162 1056 accingeris
3191 1004 3208 1052 ;
3240 985 3434 1041 deinde

1861 1075 2026 1131 totius
2054 1075 2235 1145 populi
2270 1078 2467 1133 animis
2501 1078 2804 1133 incredibili
2836 1077 3118 1133 alacritate
3149 1079 3433 1133 continua-

1858 1168 1952 1232 tis,
1985 1179 2150 1238 alque
2180 1183 2245 1224 ex
2296 1170 2547 1225 oumibus
2578 1186 2681 1224 una
2719 1170 2924 1242 ingenti
2976 1186 3138 1226 manu
3178 1170 3429 1236 conﬂata,

1858 1261 2090 1328 primum
2122 1260 2227 1315 hoc
2255 1270 2530 1314 certamen
2562 1260 2767 1324 subiit;
2805 1261 3172 1330 aequissimum
3219 1261 3432 1318 scilicet

1856 1362 2031 1416 ratus,
2059 1361 2111 1405 ut
2137 1354 2250 1407 lure
2288 1352 2400 1421 ipsa
2427 1352 2770 1424 potissimum
2806 1353 3051 1408 Ecclesia
3074 1369 3196 1422 quae
3236 1354 3305 1407 ab
3334 1354 3431 1409 bo-

1854 1444 2033 1501 stibus
2085 1454 2389 1515 expugnata
2443 1443 2666 1509 fuerat;
2710 1458 2830 1515 quae
2879 1446 3027 1515 prior
3079 1446 3429 1516 gravissimos

1854 1535 2067 1591 labores
2128 1545 2316 1591 nostra
2366 1550 2529 1591 causa
2585 1535 2919 1591 sustinuerat
2958 1554 2975 1592 :
3021 1552 3139 1606 quzr
3180 1538 3424 1594 eamdem

1855 1626 2136 1683 nobiscum
2167 1626 2624 1697 persecutionem,
2658 1631 2769 1680 imo
2813 1637 2940 1681 ante
2981 1642 3078 1682 nos
3106 1628 3424 1699 pertulerat,

1855 1733 1975 1788 quae
1999 1717 2144 1773 velut
2173 1727 2348 1772 mater
2370 1717 2605 1787 propriis
2641 1716 2768 1771 tiliis
2794 1726 2911 1770 erat
2931 1717 3147 1782 orbata,
3179 1718 3271 1774 Dei
3307 1728 3420 1788 opt.

1855 1825 2004 1867 max.
2063 1808 2433 1871 muniﬁcentia
2480 1805 2760 1862 nobiscum
2800 1808 3090 1863 frueretur.
3120 1808 3253 1862 Nam
3291 1825 3429 1878 quo-

1855 1907 1997 1961 niam
2034 1918 2262 1975 magnus
2309 1902 2398 1958 ille
2439 1901 2653 1967 Pastor,
2686 1901 2816 1957 t‘eris
2859 1916 2924 1956 ac
2966 1902 3137 1970 lupis,
3169 1903 3337 1974 378
3371 1913 3428 1960 et

1853 1996 1999 2050 omni
2027 1997 2320 2067 agrestium
2354 2006 2518 2065 atque
2549 1994 2866 2049 immanium
2899 1994 3197 2050 bestiarum
3227 2011 3427 2065 genere

1851 2088 2100 2158 depulso,
2134 2088 2372 2157 ipsisque
2400 2085 2615 2141 leonum
2645 2085 3169 2152 maxillis,utdivina
3195 2087 3428 2157 loquun-

1853 2190 1944 2236 tur
1969 2180 2212 2246 oracula,
2241 2178 2512 2242 contritis,
2553 2178 2699 2234 ﬁlios
2746 2179 2913 2248 ipsius
2942 2195 3135 2236 rursus
3172 2180 3228 2234 in
3260 2197 3424 2237 unum

1849 2288 2174 2344 congregare
2199 2275 2447 2346 dignatus
2472 2274 2800 2344 fuerat,jure
2830 2275 3024 2328 merito
3055 2274 3224 2343 ipsam
3246 2276 3426 2344 gregis

1850 2367 2061 2422 caulam
2090 2366 2431 2433 instauravit,
2454 2374 2512 2422 nt
2540 2367 2832 2437 ignominia
2876 2365 3115 2423 alliceret
3145 2368 3425 2424 inimicum

1852 2470 1907 2516 et
1932 2460 2241 2527 ultorem",
2269 2468 2431 2531 utque
2469 2459 2754 2531 impiorum
2794 2462 3056 2517 adversus
3102 2462 3267 2517 Deum
3284 2479 3423 2532 prte-

1852 2552 2101 2608 liantium
2136 2551 2375 2607 nefarios
2414 2566 2587 2607 ausus
2608 2552 2801 2608 illustri
2849 2563 3168 2624 argumento
3197 2555 3423 2609 convin-

1852 2655 2021 2701 ceret.
2044 2643 2233 2715 itaque
2263 2644 2337 2698 illi
2367 2644 2474 2699 Deo
2504 2644 2685 2710 invisi,
2711 2660 2855 2700 nunc
2874 2645 3106 2715 amplius
3136 2661 3243 2701 non
3274 2656 3421 2713 sunt,

1851 2737 2071 2807 quando
2100 2751 2168 2791 ne
2206 2744 2318 2790 tum
2348 2735 2564 2805 quidem
2598 2742 2775 2792 erant.
2821 2737 2886 2792 Et
2924 2749 3272 2809 posteaquam
3307 2755 3424 2795 mo—

1852 2830 1975 2884 dico
2005 2827 2266 2897 temporis
2297 2828 2475 2898 spatio
2502 2829 2692 2885 turbas
2720 2830 3030 2884 excitarunt
3072 2831 3283 2901 ipsique
3307 2841 3423 2886 tur-

1851 2919 1936 2975 bis
1973 2919 2159 2989 agitati
2199 2929 2361 2987 sunt;
2393 2931 2581 2988 pcenas
2622 2919 2819 2975 deinde
2848 2923 3197 2990 gravissimas
3229 2924 3423 2978 divina:

1848 3007 2071 3076 iustitiae
2121 3008 2528 3079 persolventes,
2578 3009 2899 3079 semetipsos
2952 3026 3075 3065 cum
3130 3013 3322 3067 amicis
3366 3023 3422 3068 et

1852 3100 1999 3155 omni
2033 3100 2240 3154 familia
2299 3098 2539 3154 funditus
2587 3109 2927 3156 everterunt.
2965 3096 3115 3157 Adeo
3145 3114 3204 3157 ut
3232 3103 3433 3171 praedi-

1851 3194 2062 3249 ctiones
2094 3192 2196 3246 illas
2226 3192 2399 3247 sacris
2419 3191 2547 3246 olim
2581 3191 2778 3247 tabulis
2819 3193 3112 3263 inscriptas,
3149 3210 3297 3251 nunc
3330 3211 3421 3252 ve-

188 3304 325 3352 σατε,
372 3288 449 3358 μὴ
492 3284 766 3356 φοϐεῖσθε.
794 3284 943 3337 ’Ἰδοὺ
974 3285 1003 3339 ὁ
1033 3283 1165 3346 Θεὸς
1195 3282 1351 3355 ⁴ἡμῶν
1390 3282 1570 3354 κρίσιν
1618 3286 1748 3339 ἀντ-

1853 3283 2083 3339 rissimte
2114 3297 2235 3338 esse
2272 3282 2430 3337 factis
2471 3281 2605 3351 ipsis
2642 3284 3097 3350 comprobentur,
3136 3284 3192 3339 in
3219 3287 3423 3357 quibus

187 3380 461 3435 αποδίδωσι
489 3378 588 3432 καὶ
621 3375 986 3432 ἀνταποδώσει
1010 3415 1028 3441 ,
1069 3376 1230 3440 αὐτὸς
1273 3373 1392 3447 ἥξει
1441 3377 1536 3430 καὶ
1582 3376 1749 3433 σώσει

186 3473 348 3544 ἡμᾶς·
409 3473 515 3536 ὅτι,
593 3470 778 3542 φησιν,
836 3468 1043 3541 ἐρράγη
1100 3470 1158 3522 ὲν
1205 3471 1271 3541 τῇ
1330 3470 1525 3541 ἐρήμῳ
1580 3468 1745 3541 ὕδωρ,

189 3566 270 3618 καὶ
312 3563 535 3637 φάραγξ
575 3564 634 3616 ὲν
677 3565 746 3634 γῇ
794 3561 1021 3636 διψώσῃ,
1078 3563 1171 3617 καλ⁸
1233 3564 1268 3633 ἡ
1320 3561 1546 3634 ἄνυδρος
1596 3561 1747 3618 ἔσται

188 3659 257 3720 εἰς
295 3656 419 3729 ἕλη,
480 3656 580 3711 καὶ
636 3657 716 3718 εἰς
772 3654 866 3726 τὴν
932 3653 1171 3724 διψῶσαν
1236 3652 1341 3724 γῆν
1416 3653 1568 3726 πηγὴ
1616 3653 1745 3709 ὓδα-

187 3766 267 3813 τος
327 3749 500 3804 ἔσται,
530 3768 549 3800 ι
608 3748 721 3800 Καὶ
785 3747 909 3800 τάδε
980 3747 1079 3817 μὲν
1129 3745 1309 3815 λόγοις
1372 3745 1540 3802 πάλαι
1615 3764 1747 3819 προ-

190 3842 552 3904 θεσπισθέντα,
600 3839 813 3907 Βίϐλοις
871 3840 1042 3911 ἱεραῖς
1096 3837 1502 3910 καταϐέϐλητο·
1559 3839 1629 3895 τά
1682 3856 1747 3908 γε

190 3934 281 4006 μὴν
311 3933 444 4006 ἔργα
472 3931 653 3986 οὐκέτ’
688 3932 897 3995 ἀκοαῖς,
928 3931 1041 3984 ἀλλ’
1075 3930 1261 4002 ἔργοις
1284 3932 1417 4002 ἡμῖν
1445 3929 1744 4001 παραδέδο-

184 4043 282 4081 ται.
324 4026 388 4079 Ἥ
414 4025 622 4097 ἕρημος
655 4023 771 4094 ἥδε,
815 4025 848 4095 ἠ
889 4022 1133 4092 ἄνυδρος,
1165 4025 1201 4095 ἠ
1232 4024 1378 4094 χήρα
1419 4023 1514 4076 καὶ
1556 4022 1747 4095 ἀπερί-

187 4134 384 4181 στατος,
399 4111 469 4189 ἧς
488 4136 507 4169 ι
524 4116 605 4179 ὡς
628 4115 686 4167 ὲν
700 4113 891 4186 δρυμῷ
924 4112 1093 4178 ξύλων
1121 4112 1329 4181 ἀξίναις
1360 4112 1623 4184 ἐξέκοψαν
1648 4114 1747 4180 τὰς

184 4209 345 4273 πύλας
374 4210 468 4264 ἐπὶ
509 4208 572 4261 τὸ
612 4206 765 4270 αὐτὸ,
812 4209 870 4260 ὲν
901 4206 1100 4259 πέλυκι
1132 4206 1226 4261 καὶ
1259 4204 1598 4278 λαξευτηρίῳ
1626 4223 1748 4259 συν-

182 4301 458 4374 τρίψαντες
485 4297 680 4370 αύτὴν,
722 4293 791 4369 ἦς
822 4298 916 4352 καὶ
943 4296 1044 4362 τὰς
1070 4296 1285 4368 βίϐλους
1314 4297 1747 4370 διαφθείραντες,

184 4393 495 4466 ἐνεπύρισαν
549 4392 608 4445 ὲν
659 4390 793 4463 πυρὶ
823 4391 884 4445 τὸ
927 4391 1281 4463 ἀγιαστήριον
1328 4390 1426 4444 τοῦ
1468 4390 1624 4457 Θεοῦ,
1667 4393 1749 4455 εἰς

183 4489 272 4560 τὴν
323 4490 424 4562 γῆν
471 4485 821 4558 ἐϐεϐήλωσαν
855 4486 912 4538 τὸ
944 4485 1206 4557 σκήνωμα
1232 4484 1325 4539 τοῦ
1358 4484 1619 4556 ὀνόματος
1646 4486 1746 4538 αύ-

181 4582 286 4646 τοῦ,
327 4582 394 4654 ἦν
438 4580 749 4653 ἐτρύγησαν
776 4577 975 4641 πάντες
1007 4578 1057 4630 οί
1099 4578 1611 4650 παραπορευόμενοι
1648 4577 1746 4650 τὴν

1853 3393 1974 3433 cum
2004 3374 2107 3430 alia
2160 3375 2373 3432 divinus
2419 3389 2601 3434 sermo
2635 3390 2760 3433 vere
2802 3380 3136 3445 pronuntiat,
3164 3391 3272 3434 tum
3304 3383 3422 3437 [nec

1853 3471 1919 3525 de
1952 3469 2141 3525 iisdem
2163 3469 2362 3525 diserte
2390 3469 2659 3540 profatur:
2681 3489 2700 3521 ‹
2722 3470 2969 3525 Gladium
3001 3471 3422 3539 cvagiuaverunt

1853 3568 2208 3631 peccatores;
2258 3560 2610 3615 intenderunt
2665 3576 2851 3616 arcum
2904 3577 3095 3625 suum,
3126 3570 3184 3614 ut
3230 3577 3422 3632 percu-

1856 3654 1993 3707 tiant
2026 3651 2331 3707 mendicum
2367 3661 2422 3707 et
2476 3666 2791 3720 pauperem,
2837 3662 2893 3706 et
2938 3653 3191 3708 occidant
3244 3662 3423 3709 rectos

1852 3746 2037 3801 corde.
2077 3745 2303 3801 Gladius
2334 3759 2524 3799 eorum
2560 3746 2729 3799 intret
2760 3745 2814 3798 in
2854 3747 3018 3800 corda
3062 3746 3325 3814 ipsorum,
3368 3758 3424 3801 et

1852 3851 2010 3892 arcus
2041 3851 2226 3892 eorum
2257 3834 2666 3905 confringantur
2685 3834 2751 3890 ⁷⁸.
2782 3820 2809 3887 ι’
2838 3835 2902 3890 Et
2933 3835 3128 3890 iterum
3156 3851 3215 3889 ιι
3258 3836 3446 3891 Periit-

1855 3926 2109 3981 ntemoria
2152 3926 2389 4003 ipsorum
2442 3939 2564 3978 cum
2618 3924 2821 3979 sonitu.
2866 3925 2933 3981 Et
2980 3941 3176 3981 nomen
3231 3940 3420 3982 eorum

1852 4016 2101 4074 delevisti
2126 4017 2177 4072 iu
2207 4018 2465 4073 szeculum
2490 4027 2543 4072 et
2565 4016 2616 4071 in
2643 4017 2901 4073 saeculum
2926 4018 3108 4073 saeculi
3155 4016 3226 4072 ".
3277 4017 3425 4086 Quc-

1853 4110 1998 4164 niam
2026 4124 2149 4163 cum
2184 4111 2234 4163 in
2277 4109 2433 4165 malis
2470 4118 2680 4179 essent,
2741 4109 3112 4164 clamaverunt
3144 4149 3159 4170 ,
3189 4124 3288 4165 nec
3321 4111 3424 4165 fuit

1851 4204 1942 4273 qui
1973 4210 2257 4268 servaret,
2280 4203 2347 4257 ad
2383 4201 2690 4266 Dominum,
2731 4216 2828 4255 nec
2853 4201 3130 4255 exaudivit
3170 4215 3265 4255 eos
3334 4194 3419 4249 -"-

1852 4296 2054 4352 Verum
2138 4295 2238 4365 ipsi
2288 4296 2506 4364 quidem
2551 4294 2771 4364 obligati
2818 4305 2946 4347 sunt
2987 4303 3043 4348 et
3070 4294 3419 4360 ceciderunt,

1852 4404 1951 4443 nos
1983 4394 2163 4442 autem
2197 4385 2536 4441 surreximus
2586 4394 2636 4439 et
2684 4384 2849 4440 erecti
2905 4398 3094 4438 sumus
3119 4383 3188 4439 τ’.
3232 4402 3253 4436 ι
3286 4383 3420 4438 Illud

1852 4495 2069 4551 quoque
2112 4479 2254 4549 quod
2302 4477 2618 4547 praedictum
2654 4476 2831 4530 fuerat
2875 4474 2958 4529 bis
2997 4474 3215 4529 verbis:
3245 4492 3266 4525 ι
3316 4473 3423 4529 Do-

1854 4574 2020 4634 mine,
2060 4572 2113 4625 in
2141 4571 2358 4625 civitate
2394 4580 2481 4622 tua
2532 4568 2821 4637 imaginem
2864 4581 3051 4621 eorum
3100 4566 3168 4620 ad
3197 4564 3421 4619 nihilum

181 4674 309 4738 ὁδὸν,
341 4672 773 4748 προκαθελόντες
804 4671 975 4743 αὐτῆς
1012 4671 1141 4734 τοὺς
1185 4671 1491 4741 φραγμοὺς,
1533 4670 1602 4742 ἠν
1638 4668 1749 4747 ελυο

1854 4665 2065 4734 rediges
2092 4663 2162 4726 ⁸⁸,
2205 4681 2224 4715 ι
2251 4661 2591 4716 verissimum
2615 4675 2735 4716 esse
2780 4675 2969 4715 omnes
3006 4657 3181 4714 oculis
3220 4656 3425 4711 nostris

185 4767 377 4837 μήνατο
403 4759 469 4829 ὗς
515 4767 584 4818 ἐκ
628 4762 855 4836 δρυμοῦ,
885 4763 979 4816 καὶ
1027 4761 1208 4833 μονιδς
1235 4761 1424 4835 ἄγριος
1449 4764 1752 4835 κατενεμή-

183 4844 321 4922 σατοξ
349 4853 623 4929 »Χριστοῦ
637 4852 862 4922 δυνάμει
888 4853 1173 4926 παραδόξῳ
1210 4853 1327 4919 νῦν,
1359 4855 1448 4908 ὅτε
1486 4854 1628 4907 θέλει
1653 4854 1751 4908 αὐ-

180 4948 281 5013 τὸς,
301 4949 525 5019 γέγονεν
545 4948 623 5010 ὼς
644 4947 827 5018 κρίνον
844 4962 858 4977 ο
883 4947 1004 5000 ἐπεὶ
1032 4947 1127 5000 καὶ
1152 4945 1272 5000 τότε
1302 4945 1467 4999 αὐτοῦ
1497 4946 1746 5017 νεύματι,

180 5039 247 5104 ὡς
292 5041 357 5095 ἂν
404 5036 818 5112 προκηδομένου
862 5035 1067 5107 πατρὸς
1126 5034 1618 5091 ὲπαιδεύετο.«⁶ον
1639 5034 1748 5108 γὰρ

179 5132 353 5204 ἀγαπᾷ
383 5131 618 5202 Κύριος,
655 5128 917 5191 παιδεύει,
966 5131 1220 5199 μαστιγοῖ
1247 5127 1302 5181 δὲ
1334 5126 1515 5181 πάντα
1540 5126 1656 5180 υἱὸν
1687 5126 1746 5179 ὃν

178 5223 554 5296 παραδέχεται.
574 5216 803 5289 »Μέτρῳ
815 5204 950 5291 δῆτα
979 5218 1121 5273 κατὰ
1147 5218 1208 5272 τὸ
1239 5219 1356 5272 δέον
1399 5219 1751 5289 ἐπιστραφεῖ-

177 5331 258 5379 σα,
288 5312 448 5379 αὖθις
488 5312 696 5368 ἄνωθεν
728 5312 788 5377 ἐξ
829 5312 1081 5385 ὑπαρχῆς
1122 5312 1382 5383 ἀγαλλιᾷν
1412 5311 1748 5384 προστάττε-

175 5425 275 5475 ται,
308 5409 529 5475 ἑξανθεῖ
568 5424 629 5460 τε
666 5406 742 5470 ὡς
785 5406 989 5479 κρίνον,
1018 5406 1112 5461 καὶ
1148 5406 1247 5477 τῆς
1290 5405 1475 5458 ὲνθέου
1520 5404 1747 5469 εὐωδίας

176 5503 246 5564 εἰς
271 5502 486 5564 πάντας
528 5498 762 5552 ἀποπνεῖ
788 5494 1107 5570 ἀνθρώπους
1131 5512 1144 5526 ·
1180 5496 1283 5558 ὃτι,
1303 5491 1517 5567 malva
1533 5495 1745 5567 ἐρράγη

175 5593 224 5646 ἑν
251 5596 318 5665 τῇ
345 5591 544 5665 ἐρήμῳ
571 5589 737 5660 ὕδωρ,
759 5588 854 5644 »τὸ
869 5591 1015 5660 νᾶμα
1047 5587 1144 5659 τῆς
1178 5586 1328 5650 θείας
1353 5586 1447 5639 τοῦ
1476 5589 1743 5660 σωτηρίου

1849 4755 2245 4827 perspeximus.
2296 4754 2363 4809 Et
2408 4753 2464 4807 lii
2526 4753 2742 4821 quidem
2799 4752 2906 4807 Deo
2966 4751 3165 4806 bellum
3218 4748 3425 4803 inferre

1850 4861 1999 4901 more
2028 4846 2306 4916 gigantum
2329 4843 2470 4904 ausi,
2497 4842 2803 4911 hujusmodi
2844 4844 2964 4895 vita:
2998 4841 3206 4895 exitum
3244 4839 3422 4894 sortiti
3458 4828 3473 4843 ’

1847 4950 1994 4993 sunt.
2038 4936 2129 4991 Illa
2186 4950 2317 4991 vero
2352 4949 2520 4988 vacua
2564 4949 2631 4987 ac
2672 4934 2885 4987 deserta
2920 4940 2976 4986 et
3022 4932 3281 5001 Opinione
3307 4946 3419 4984 οιη-

1850 5030 1998 5085 nium
2030 5027 2464 5098 deplorata,sua
2498 5034 2721 5096 propter
2747 5025 2916 5079 Deum
2950 5024 3248 5079 tolerantia:
3280 5023 3426 5077 hunc

1847 5139 2006 5193 quem
2038 5122 2315 5177 cernimus
2351 5119 2514 5175 tinem
2550 5128 2842 5174 consecuta
2876 5119 3160 5188 estnAdeo
3185 5115 3423 5172 utlsaias

1847 5216 2107 5285 propheta
2128 5216 2240 5268 haec
2283 5212 2361 5266 illi
2400 5210 2751 5281 pronuntiare
2794 5210 3084 5265 videatur:
3121 5230 3140 5262 ι
3186 5209 3417 5271 Laetare,

1847 5308 2083 5365 solitudo
2114 5306 2415 5370 siticulosa,
2443 5302 2674 5358 exsultet
2707 5302 2941 5356 solitudo
2968 5312 3022 5357 et
3048 5302 3240 5356 ﬂoreat
3272 5309 3330 5352 ut
3352 5298 3420 5351 li-

1846 5400 2003 5465 lium,
2028 5411 2083 5455 et
2115 5396 2384 5454 ﬂorebunt
2409 5407 2464 5450 et
2492 5392 2844 5449 exsultabant
2876 5392 2992 5448 loca
3044 5398 3281 5448 deserta.
3314 5389 3422 5443 llo-

1848 5494 2146 5570 boramini,
2178 5505 2368 5546 manus
2413 5491 2755 5558 languentes,
2801 5498 2858 5543 et
2903 5502 3076 5556 genua
3107 5485 3418 5540 dissoluta:
3468 5487 3475 5491 ’

1860 5586 2216 5644 consulamini
2234 5626 2250 5650 ,
2276 5599 2375 5639 vos
2415 5582 2805 5652 pusillanimes,
2834 5580 3237 5646 conl'ortatnini,
3263 5592 3333 5633 ne
3361 5578 3424 5631 ti-

235 5733 282 5766 "
296 5729 658 5798 Psai.vm,5.
713 5728 760 5765 ⁷⁸
781 5729 923 5786 Psal.
952 5743 1137 5796 xxxvi,
1161 5726 1350 5793 14,15.
1414 5727 1460 5762 "
1473 5726 1615 5784 Psal.
1637 5702 1851 5800 13,9,6.
1910 5723 1958 5757 "
1983 5722 2271 5788 Psal.:vn,
2290 5719 2383 5776 42.
2434 5717 2481 5750 ⁷⁸
2494 5715 2769 5784 Psal.:u,
2795 5715 2849 5773 9.
2914 5714 2960 5748 ⁸⁹
2981 5712 3121 5769 Psal.
3143 5709 3420 5776 unum.

175 5869 411 5944 Dionysii
443 5866 935 5944 Alexan_drini,_qui
958 5866 1025 5944 de
1050 5866 1326 5944 Macriano
1345 5864 1572 5934 ejusque
1595 5864 1731 5922 libe.
1834 5865 2000 5944 refert
2029 5860 2297 5944 Eusebius
2330 5858 2385 5917 in
2411 5858 2506 5918 lib.
2524 5873 2619 5924 vtt,
2641 5869 2762 5927 cap.
2793 5853 2902 5911 τες
2937 5855 2968 5908 ὁ
3004 5852 3104 5925 μὲν
3137 5851 3240 5907 οὐκ
3270 5849 3421 5907 ἔστιν

176 5945 244 5999 ris
267 5927 341 5997 n2.
374 5941 620 6007 loquitur
649 5939 702 5995 in
747 5927 906 6005 epist.
954 5937 1019 5994 ad
1063 5927 1531 5994 Hertnamtnonein
1566 5952 1725 6001 quam

1853 5933 2125 6003 μττεὶμηδόὲ
2168 5927 2255 5999 ἦν.
