3860 6540
462 440 567 497 863

466 557 681 612 tneaiis.
704 556 842 609 Ecce
870 555 1008 609 Deus
1035 549 1493 618 nosterjudicium
1527 550 1702 602 reddit
1737 565 1800 603 ac
1822 548 2032 611 reddet,
2064 553 2107 609 Α

467 650 583 719 ipse
627 647 805 703 veniet
836 655 886 700 et
912 642 1150 698 servabit
1193 658 1291 695 nos
1316 640 1386 695 ⁸⁸.
1418 659 1437 693 ι
1492 640 1757 706 Quoniam
1781 680 1797 704 ,
1834 638 2031 707 inquit,

468 737 650 805 erupit
725 750 860 808 aqua
935 736 986 790 in
1043 734 1355 799 solitudine,
1404 743 1461 788 et
1492 733 1648 787 vallis
1687 732 1741 787 in
1779 740 1923 786 terra
1960 731 2034 786 si-

469 832 718 894 ticulosa,
750 838 805 881 et
854 827 1003 881 arida
1058 826 1358 880 mutabitur
1407 826 1460 880 in
1505 825 1759 894 paludes,
1814 835 1871 878 et
1912 821 2033 876 fuus

467 938 619 991 aquae
658 923 710 975 in
764 930 959 974 terram
983 919 1316 977 siticulosam
1359 919 1428 974 “.
1478 937 1497 971 ι
1533 918 1600 973 Et
1661 918 1775 971 [nec
1817 916 2032 985 quidem

464 1011 628 1082 379
654 1011 780 1065 olim
805 1010 1148 1065 verbistenus
1198 1011 1477 1081 prtedicta,
1512 994 1685 1064 sacris
1729 1006 2034 1063 Volumini-

467 1105 564 1157 Ims
592 1104 790 1157 inserta
821 1112 967 1158 sunt.
1002 1100 1154 1158 Nunc
1183 1114 1364 1156 autem
1397 1117 1484 1157 res
1514 1101 1644 1169 ipsa:
1668 1116 1772 1155 non
1802 1098 2031 1166 simplici

464 1192 760 1257 auditione,
789 1196 880 1247 sed
925 1193 1085 1247 faelis
1111 1194 1241 1262 ipsis
1264 1193 1421 1248 nobis
1448 1193 1802 1247 exhibentur.
1828 1188 2035 1258 Quippe

467 1286 581 1337 bare
611 1282 847 1337 solitudo
895 1283 1174 1339 siticulosa
1206 1326 1221 1352 ,
1281 1284 1399 1338 haec
1425 1285 1587 1338 vidua
1620 1282 1877 1351 omnique
1901 1293 2037 1348 prre-

466 1374 606 1428 sidio
636 1375 915 1442 destituta,
946 1375 1102 1445 cujus
1126 1374 1326 1444 ianuas
1356 1394 1374 1427 ι
1401 1376 1557 1446 quasi
1603 1375 1657 1429 in
1702 1374 1837 1429 silva
1866 1372 2037 1441 ligno-

465 1482 609 1531 rum,
639 1468 923 1522 securibus
948 1467 1272 1522 exciderunt
1304 1468 1357 1522 iu
1391 1468 1645 1536 idipsum,
1679 1466 1732 1520 in
1764 1464 1944 1519 securi
1980 1470 2035 1517 et

464 1559 613 1612 ascia
636 1557 1039 1628 confriiigentes
1068 1574 1187 1613 eam
1218 1558 1268 1591 ⁸³
1296 1576 1312 1612 :
1362 1555 1523 1626 cuius
1584 1558 1757 1614 libros
1790 1573 2037 1613 corrum-

465 1658 652 1718 peutes
687 1649 1044 1704 incenderunt
1073 1650 1194 1719 igue
1219 1649 1593 1704 sanctuarium
1629 1648 1765 1712 Dei;
1807 1649 1859 1703 in
1894 1659 2036 1701 terra

464 1739 888 1810 profanaverunt
955 1742 1365 1796 tabernaculum
1428 1741 1664 1795 nominis
1727 1739 1841 1807 ejus
1930 1737 2035 1789 ’δι

463 1833 1064 1902 quauuviudemiaruut
1082 1844 1624 1889 omnestranseuutes
1644 1847 1739 1902 per
1761 1830 1985 1895 viam”,
2012 1848 2030 1880 ι

463 1925 756 1978 destructis
800 1924 950 1993 prius
998 1923 1114 1989 ejus
1162 1924 1383 1993 sepibus
1428 1937 1444 1989 ;
1493 1938 1655 1993 quam
1725 1941 1745 1975 ι
1803 1923 2037 1976 vastavit

463 2033 597 2087 aper
624 2019 691 2072 de
719 2018 876 2082 silva,
902 2027 957 2071 et
991 2018 1281 2088 singularis
1318 2016 1463 2072 ferus
1495 2018 1751 2083 depastus
1785 2025 1868 2072 est
1891 2016 1971 2080 ³⁸,
2010 2033 2029 2066 ι

465 2124 609 2163 nunc
640 2118 922 2178 postquam
946 2108 1167 2164 Christo
1194 2109 1369 2163 visum
1404 2118 1506 2172 est,
1541 2123 1637 2176 per
1662 2105 2034 2162 admirabilem

463 2199 584 2267 ejus
617 2198 911 2269 potentiam
947 2199 1117 2252 instar
1154 2198 1254 2252 lilii
1303 2197 1616 2255 elllorescit.
1661 2197 1796 2252 Nam
1828 2207 1883 2251 et
1911 2207 2039 2250 tunc

464 2291 702 2360 ejusdem
735 2301 865 2343 nutu
899 2305 963 2346 ae
991 2290 1292 2357 voluntate,
1331 2300 1587 2360 tanquam
1638 2290 1884 2361 parentis
1910 2300 1913 2301 '
1939 2306 2034 2342 cu-

465 2382 673 2453 iusdam
736 2385 969 2438 liliorum
1027 2399 1216 2437 curam
1286 2384 1567 2452 gerentis,
1645 2383 2033 2452 castigabatur.

468 2490 490 2525 ι
530 2473 700 2540 Quem
734 2473 879 2526 enim
917 2474 1097 2544 diligit
1152 2474 1419 2528 Dominus
1459 2475 1715 2539 castigat,
1764 2473 2039 2527 verberat-

465 2580 570 2634 que
597 2580 809 2619 omnem
843 2565 1008 2618 tilium
1032 2580 1191 2634 quem
1225 2566 1416 2635 recipit
1447 2565 1514 2619 ".
1546 2585 1565 2617 υ
1588 2564 1880 2634 Postquam
1910 2578 2039 2618 vero

467 2656 746 2711 moderate
773 2666 825 2711 et
860 2666 1123 2725 quantum
1172 2657 1415 2725 oportuit
1457 2657 1716 2724 castigata
1764 2667 1869 2721 est,
1919 2671 2038 2709 rur-

467 2762 563 2801 sus
589 2747 866 2801 exsultare
885 2746 1102 2802 (inlitus
1128 2746 1467 2816 praccipitur.
1502 2758 1557 2803 et
1587 2756 1842 2816 tauquam
1864 2746 2036 2799 lilium

464 2834 779 2904 elﬁorescit,
817 2846 1154 2906 cunctosque
1188 2837 1445 2892 mortales
1476 2838 1644 2892 divini
1693 2837 1877 2892 odoris
1912 2850 2039 2892 sua-
2102 2853 2105 2856 ‘

467 2929 639 2983 vitate
676 2928 972 2999 perfundit.
1009 2927 1300 2994 Quoniam,
1355 2928 1549 2997 tnquit,
1593 2945 1613 2978 ι
1661 2929 1843 2995 erupit
1892 2940 2033 2996 aqua

467 3022 522 3077 in
552 3022 840 3077 solitudine
866 3022 960 3088 ⁸⁸;
999 3044 1019 3073 ι
1072 3021 1194 3075 fons
1234 3020 1485 3075 videlicet
1517 3034 1624 3089 quo
1681 3019 1939 3073 divinitus
1982 3020 2036 3072 in

468 3112 694 3168 salutari
747 3096 971 3167 lavacro
1019 3113 1324 3183 regenerati
1377 3127 1588 3166 sumus.
1618 3108 1685 3163 Et
1720 3125 1841 3178 quae
1877 3109 2038 3178 paulo

468 3211 594 3260 ante
623 3213 773 3258 vasta
806 3204 1038 3258 solitudo
1064 3213 1206 3268 erat,
1237 3217 1381 3257 nunc
1408 3211 1612 3256 mutata
1657 3210 1743 3255 est
1796 3202 1849 3256 in
1890 3202 2038 3272 palu-
2063 3230 2108 3289 α

427 3293 435 3300 ’
467 3293 602 3359 des;
633 3303 686 3348 et
713 3294 767 3348 iu
802 3303 1005 3347 terram
1048 3292 1382 3348 siticulosam
1417 3292 1708 3347 seaturivit
1734 3291 1858 3346 fons
1883 3307 2040 3362 aqua}

467 3387 627 3442 vivae.
682 3373 970 3442 lioborataa
1012 3395 1138 3440 sunt
1194 3384 1440 3456 profecto
1500 3400 1694 3440 manus
1737 3401 1857 3457 quae
1891 3387 2040 3455 prius

468 3486 627 3533 erant
652 3477 956 3548 languidas;
986 3487 1044 3532 et
1075 3477 1191 3532 haec
1215 3492 1333 3545 quae
1355 3476 1580 3532 cernitis
1608 3491 1799 3547 opera.
1824 3477 2040 3534 roboris

471 3584 727 3625 manuum
764 3584 957 3639 magna
990 3577 1044 3622 et
1070 3568 1354 3638 perspicua
1383 3579 1702 3636 argumenta
1721 3577 1869 3624 sunt.
1898 3569 2039 3636 Quin

469 3670 527 3714 et
546 3675 719 3728 genua
744 3659 832 3714 illa
858 3675 977 3730 qua:
997 3658 1317 3729 jamdudum
1345 3659 1623 3715 debilitata
1645 3672 1804 3717 erant
1832 3676 1896 3717 ac
1932 3662 2042 3715 dis-

469 3753 670 3815 soluta,
707 3766 851 3806 nunc
905 3760 1223 3821 recuperata
1277 3766 1563 3822 gressuum
1611 3752 1891 3814 ﬁrmitate,
1959 3769 2044 3808 re.

469 3853 615 3895 ctam
662 3841 859 3896 divina:
879 3840 1207 3913 cognitionis
1252 3840 1503 3895 semitam
1549 3841 1952 3910 ingrediuntur,
1988 3851 2045 3896 et

472 3933 539 3988 ad
581 3937 857 4003 proprium
907 3933 1099 4002 optimi
1151 3931 1393 3987 Pastoris
1438 3947 1655 4003 gregem
1723 3944 2040 4004 properant.

471 4025 627 4093 Quod
659 4025 703 4080 si
735 4028 825 4096 qui
855 4028 995 4082 forte
1034 4039 1394 4100 tyrannorum
1428 4028 1591 4084 minis
1642 4027 2043 4099 perterrefacti,

471 4119 669 4174 animis
693 4120 1107 4191 obtorpuerunt,
1140 4136 1208 4176 ne
1241 4120 1339 4175 lius
1364 4122 1587 4187 quidem
1652 4121 1912 4185 salutaris
1946 4121 2041 4174 Dei

472 4227 657 4267 sermo
681 4214 981 4271 curationis
1033 4225 1288 4284 expertes
1335 4215 1629 4285 relinquit:
1670 4213 1765 4268 sed
1810 4212 2046 4281 benigne

472 4320 568 4360 eos
598 4307 856 4362 remediis
886 4304 1096 4371 fovens,
1130 4306 1198 4360 ad
1238 4306 1642 4375 percipiendam
1696 4305 1789 4359 Dei
1845 4319 2042 4360 conso-

474 4396 727 4453 lationem
752 4400 954 4453 excitat
986 4399 1072 4453 bis
1113 4398 1335 4453 verbis:
1379 4416 1397 4449 ι
1427 4397 1923 4467 Consolantini,vos
1950 4413 2046 4466 pu-

473 4487 813 4547 silianimes:
858 4488 1263 4558 confortamini,
1306 4489 1473 4544 nolite
1498 4490 1692 4544 timere
1724 4488 1798 4543 ".
1836 4508 1856 4542 ι
1909 4487 2043 4543 Cum

2069 1889 2110 1947 Β

1165 428 1434 489 EUSEBll
1472 424 1950 484 cassammsrs
1988 422 2139 482 opp.
2184 418 2361 476 PARS
2401 418 2444 473 ι.
2484 447 2554 459 -
2594 394 2983 476 insvetum.

3590 418 3684 466 ὅὸὶ

2136 542 2364 615 λουτροῦ
2396 541 2841 610 παλιγγενεσίας
2886 544 2981 598 καὶ
3022 542 3116 596 νῦν
3165 540 3386 611 γέγονεν
3418 540 3452 612 ἠ
3484 537 3584 611 πρὸ
3611 555 3688 609 μι-

2135 638 2268 711 κροῦ
2300 637 2503 708 ἔρημος
2532 636 2610 698 είς
2635 634 2750 707 ἕλη,
2785 636 2877 689 καὶ
2901 637 2981 699 είς
3005 633 3103 705 τὴν
3130 632 3368 703 διψῶσαν
3388 630 3486 702 γῆν
3511 629 3687 700 ἒϐρυεε

2136 732 2286 804 πηγὴ
2322 730 2513 794 ὓδατος
2562 727 2788 794 ζῶντος·
2825 726 3051 800 ἴσχυσάν
3090 744 3153 781 τε
3189 725 3265 790 ὼς
3290 723 3497 797 ἀληθῶς
3523 726 3689 793 χεῖρες

2136 827 2191 878 αἱ
2222 823 2284 877 τὸ
2316 822 2442 894 πρὶν
2492 820 2794 892 ἀνειμέναι,
2837 821 2933 874 καὶ
2970 819 3073 891 τῆς
3113 819 3222 872 τῶν
3273 815 3467 889 χειρῶν
3523 815 3688 885 ἰσχύος

2135 915 2293 986 ἔργα,
2327 914 2452 969 τάδε
2499 913 2567 968 τὰ
2611 913 2822 985 μεγάλα
2868 911 3209 982 καὶςὲναργῆ
3247 910 3533 979 δείγματω
3563 906 3686 961 ἀλλὰ

2137 1010 2231 1063 καὶ
2263 1008 2332 1062 τά
2374 1006 2541 1062 πάλαι
2587 1004 2975 1078 σεσαθρωμένα
3021 1003 3118 1057 καὶ
3160 1000 3459 1073 παρειμένα
3480 1000 3681 1067 γόνατα,

2133 1102 2235 1166 τὰς
2279 1100 2485 1164 οἰκείας
2528 1098 2868 1153 ἀπολαϐόντα
2918 1098 3104 1169 βάσεις
3130 1096 3263 1169 (21),
3311 1094 3407 1166 τὴν
3451 1093 3557 1147 ὁδὸν
3593 1094 3684 1164 τῆς

2136 1191 2461 1261 θεογνωσίας
2505 1190 2911 1263 εὐθυποροῦντα
2962 1187 3189 1261 βαδίζει,
3234 1186 3327 1240 ἐπὶ
3368 1184 3462 1257 τὴν
3497 1184 3682 1238 οἰκείαν

2136 1284 2373 1356 ποίμνην
2419 1283 2512 1337 τοῦ
2562 1282 2875 1351 παναγάθου
2912 1281 3178 1352 Ποιμένος
3211 1278 3518 1333 σπεύδοντα.
3546 1278 3604 1330 El
3631 1276 3682 1331 δὲ

2137 1377 2231 1429 καὶ
2276 1378 2397 1440 ταῖς
2439 1377 2547 1430 τῶν
2590 1375 2866 1448 τυράννων
2919 1373 3165 1437 ἀπειλαῖς
3213 1371 3310 1435 τὰς
3354 1369 3522 1441 ψυχάς
3554 1385 3681 1434 τινες

2136 1467 2712 1543 ἀπενάρκησανηοὺδὲ
2759 1466 2982 1528 τούτους
3022 1468 3051 1518 ό
3101 1465 3365 1535 σωτήριος
3406 1461 3682 1534 ἀθεραπεύ-

2136 1577 2261 1624 τους
2295 1562 2510 1632 παρορᾷ
2555 1559 2743 1628 λόγος·
2784 1553 2842 1612 εὖ
2887 1556 3030 1628 μάλα
3080 1555 3137 1608 δὲ
3173 1556 3267 1608 καὶ
3304 1554 3495 1617 αὐτοὺς
3537 1551 3681 1623 ἰώμε-

2137 1668 2247 1714 νος,
2283 1653 2363 1715 είς
2403 1651 2499 1723 τὴν
2544 1652 2639 1705 τοῦ
2677 1650 2820 1704 θείου
2851 1649 3194 1720 παράκλησιν
3218 1646 3471 1718 παρορμᾷ
3497 1644 3677 1713 λέγων’

2143 1762 2163 1794 ι
2185 1743 2627 1815 Παρακαλέσατε,
2652 1745 2699 1796 οἱ
2730 1742 3040 1813 όλιγόψυχοι
3072 1743 3137 1813 τῇ
3166 1738 3395 1809 διανοίᾳ,
3428 1737 3678 1807 ἰσχύσατε,

2143 1835 2216 1908 μὴ
2243 1836 2511 1905 φοϐεῖσθε.
2542 1856 2561 1888 ι
2598 1835 2814 1890 Τούτων
2853 1835 2962 1889 δεῖν
2996 1832 3303 1887 ἀπολαῦσαι
3331 1831 3427 1903 τὴν
3458 1828 3541 1885 διά
3565 1830 3681 1887 Θεὸν

2138 1925 2434 1997 γενομένην
2484 1926 2705 1999 ἔρημον,
2753 1925 2847 1980 τοῦ
2900 1925 3059 1995 λόγου
3107 1924 3555 1996 προαγορεύοντος
3597 1925 3683 1977 ἑπ-

2138 2017 2375 2082 ακούσας
2401 2016 2553 2089 ὀξείᾳ
2587 2018 2824 2082 διανοίας
2861 2018 2996 2090 ἀκοῇ
3024 2009 3179 2081 οὗτος
3215 2017 3244 2069 ὁ
3290 2015 3408 2080 νέος
3434 2015 3576 2086 ἡμῶν
3600 2015 3682 2070 καὶ

2136 2110 2301 2173 καλὸς
2325 2110 2644 2181 Ζοροδάόελ,
2676 2112 2811 2182 μετὰ
2836 2110 2933 2182 τὴν
2968 2108 3169 2181 πικράν
3201 2108 3413 2178 ἐκείνην
3434 2107 3682 2179 αἰχμαλω-

2139 2202 2280 2265 σίαν,
2313 2201 2408 2255 καὶ
2451 2201 2512 2255 τὸ
2547 2201 2819 2273 βδέλυγμα
2857 2202 2959 2272 τῆς
2999 2199 3356 2273 ἐρημώσεως,
3386 2200 3444 2253 οὐ
3472 2198 3682 2271 παριδὼν

2136 2294 2198 2347 τὸ
2249 2293 2448 2366 πτῶμα
2489 2294 2702 2367 νεκρὸν,
2753 2292 3033 2368 πρώτιστα
3068 2293 3286 2347 πάντων
3336 2291 3679 2364 παρακλήσεσι

2138 2391 2232 2443 καὶ
2263 2388 2457 2452 λιταῖς,
2496 2388 2653 2442 ἵλεων
2696 2387 2787 2441 τὸν
2821 2386 3037 2459 Πατέρα
3069 2384 3203 2457 μετά
3228 2385 3331 2455 τῆς
3352 2383 3530 2454 κοινῆς
3551 2381 3680 2453 ὑμῶν

2139 2481 2393 2535 ἁπάντων
2436 2478 2812 2552 ὁμοφροσύνης
2850 2478 3353 2549 καταστησάμενος,
3382 2476 3473 2530 καὶ
3496 2474 3578 2529 τὸν
3603 2472 3681 2545 μό.

2137 2590 2227 2630 νον
2256 2572 2466 2643 νεκρῶν
2510 2571 2771 2636 ζωοποιδν
2805 2571 3088 2643 σύμμαχον
3115 2568 3441 2642 παραλαεὼν
3469 2567 3555 2622 καὶ
3579 2583 3683 2621 συν-

2138 2665 2319 2737 εργὸν,
2363 2665 2461 2736 τὴν
2508 2664 2782 2718 πεσοῦσαν
2817 2663 3085 2735 ἐξήγειρε,
3117 2660 3566 2734 προαποκαθάρας
3602 2658 3682 2711 καὶ

2139 2756 2587 2830 προθεραπεύσας
2633 2758 2741 2811 τῶν
2792 2756 3003 2811 κακῶν
3055 2756 3150 2809 καὶ⁹
3192 2754 3386 2824 στολὴν
3430 2752 3488 2805 οὐ
3527 2749 3682 2823 mae

2139 2849 2370 2922 ἀρχαίου
2401 2848 2637 2903 παλαιάν
2666 2850 2803 2921 αὐτῇ
2834 2849 3223 2919 περιτέθεικεν,
3257 2847 3370 2902 ἀλλ’
3397 2847 3575 2901 ὁποίαν
3597 2840 3680 2900 αὖα

2140 2941 2225 3006 θις
2270 2942 2420 3014 παρά
2462 2942 2570 2997 τῶν
2599 2942 2757 2997 θείων
2802 2942 3064 3013 χρησμῶν
3095 2939 3490 3006 ὲξεπαιδεύετο,
3522 2938 3681 3008 σαφῶς

2139 3026 2243 3090 ὦδε
2273 3034 2567 3105 λεγόντων·
2590 3055 2608 3086 ‹
2642 3036 2754 3090 Καὶ
2797 3036 2950 3089 ἔσται
2980 3037 3012 3106 ὴ
3058 3034 3185 3101 δόξα
3212 3032 3305 3087 τοῦ
3339 3033 3485 3086 οἴκου
3520 3029 3681 3084 τούτου

2140 3127 2175 3200 ἡ
2204 3127 2431 3199 ἐσχάτη,
2463 3127 2605 3197 ὑπὲρ
2636 3126 2735 3199 τὴν
2778 3125 3072 3199 προτέραν.
3100 3145 3118 3177 ι
3163 3124 3350 3198 Ταύτῃ
3382 3122 3426 3176 δ’
3455 3117 3541 3176 οὖν
3570 3119 3681 3174 πολὺ

2143 3217 2363 3291 μείζονα
2400 3218 2492 3272 τὸν
2520 3217 2696 3289 χῶρον
2732 3218 2945 3272 ἅπαντα
2981 3215 3310 3288 περιλαϐὼν,
3339 3215 3430 3269 τὸν
3465 3215 3555 3286 μὲν
3579 3214 3683 3280 ἔξω·

2139 3309 2231 3366 θεν
2254 3310 2530 3383 ὠχυροῦτο
2553 3328 2619 3363 πε
2627 3310 2836 3382 ρίδολον
2862 3309 2939 3381 τῷ
2956 3309 3050 3363 τοῦ
3080 3310 3280 3374 παντὸς
3311 3328 3377 3362 πε
3387 3308 3682 3381 ριτειχίσμα·

2139 3419 2213 3467 τι,
2243 3402 2318 3468 ὡς
2347 3402 2413 3456 ἂν
2455 3402 2859 3472 ἀσφαλέστατον
2889 3400 2974 3472 εἴη
3008 3400 3104 3455 τοῦ
3140 3401 3341 3465 παντὸς
3368 3402 3539 3473 ἕρκος.
3567 3398 3681 3471 Πρόο

2141 3495 2308 3548 πυλον
2336 3494 2393 3548 δὲ
2425 3494 2565 3565 μέγα
2607 3495 2698 3547 καὶ
2735 3495 2817 3557 είς
2856 3491 2990 3564 ὕψος
3036 3492 3348 3564 ἐπηρμένον
3379 3491 3507 3564 πρὸς
3542 3486 3682 3551 αὑτὰς

2140 3586 2449 3658 ἀνίσχοντος
2483 3585 2634 3658 ἡλίου
2680 3588 2905 3649 ἀκτῖνας
2947 3584 3316 3648 ἀναπετάσας,
3351 3584 3449 3655 ἤδη
3482 3582 3683 3643 καὶτοῖς

2145 3679 2362 3751 μακρὰν
2396 3677 2694 3751 περιϐόλων
2728 3678 2833 3742 ἔξω
2871 3676 3031 3749 ἱερῶν
3065 3675 3285 3740 ἑστῶσι,
3315 3676 3416 3746 τῆς
3442 3675 3542 3727 τῶν
3564 3671 3683 3727 ἔνδον

2142 3773 2414 3844 παρέσχεν
2462 3769 2720 3841 ἀφθονίαν
2769 3769 2916 3845 θέας,
2964 3769 3245 3840 μονονουχὶ
3273 3768 3368 3821 καί⁵
3409 3767 3513 3821 τῶν
3552 3764 3681 3819 ἀλλο·

2141 3864 2310 3939 τρίων
2330 3867 2429 3936 τῆς
2453 3863 2688 3927 πίστεως
2718 3862 2811 3915 ἐπὶ
2840 3861 2936 3927 τάς
2963 3860 3184 3933 πρώτας
3207 3861 3443 3924 εἰσόδους
3471 3854 3682 3939 ἐπιστρέο

2144 3973 2258 4025 φων
2290 3955 2387 4018 τὰς
2414 3954 2584 4025 ὄψεις,
2621 3954 2696 4017 ὥς
2720 3952 2782 4007 ἂν
2813 3952 2888 4025 μὴ
2920 3952 3243 4025 παρατρέχῃ
3271 3969 3375 4017 τις,
3406 3953 3485 4005 ὅτι
3517 3949 3583 4021 μὴ
3603 3946 3683 4018 τὴν

2142 4046 2318 4118 ψυχὴν
2348 4046 2672 4114 κατανυγεὶς
2703 4043 2964 4115 πρότερον
2996 4045 3185 4116 μνήμῃ
3212 4043 3311 4115 τῆς
3342 4060 3401 4097 τε
3434 4043 3555 4115 πρὶν
3582 4042 3683 4111 ἐρη-

2148 4139 2296 4211 μίας.
2350 4137 2445 4192 καὶ
2489 4137 2589 4206 τῆς
2631 4136 2727 4191 νῦν
2774 4137 3078 4208 παραδόξου
3132 4135 3581 4207 θαυματουργίαςι
3608 4131 3680 4201 δν.

2143 4226 2213 4302 ἧς
2240 4229 2382 4300 τάχα
2422 4228 2516 4281 καὶ
2559 4227 2986 4299 ἑλκυσθήσεσθαι
3025 4226 3418 4295 κατανυγέντα,
3447 4224 3535 4279 καὶ
3574 4220 3685 4294 πρὸς

2146 4320 2316 4390 αὐτῆς
2355 4319 2455 4403 τῆς
2503 4318 2678 4388 ὅψεως
2720 4319 2814 4371 ἐπὶ
2846 4317 2942 4389 τὴν
2986 4317 3190 4370 εἴσοδον
3240 4313 3684 4389 προτραπήσεσθαι

2146 4411 2403 4482 ἤλπισεν..
2422 4409 2566 4463 Εἴσω
2591 4408 2647 4461 δὲ
2676 4407 2997 4481 παρελθόντι
3030 4405 3234 4471 πυλῶν,
3297 4408 3400 4461 οὐκ
3431 4405 3580 4468 εὐθὺς
3606 4405 3686 4473 ἐφ-

2147 4502 2278 4573 ῆκεν
2304 4500 2556 4570 άνάγνοις
2579 4501 2673 4554 καὶ
2693 4500 2935 4565 ἀνίπτοις
2964 4499 3090 4552 ποσὶ
3115 4500 3223 4553 τῶν
3253 4499 3396 4553 ἔνδον
3427 4496 3686 4553 ἐπιϐαίνειν

474 4578 641 4652 igitur
671 4598 844 4637 novus
874 4584 963 4638 hic
1000 4592 1182 4637 uoster
1221 4593 1276 4637 et
1302 4583 1557 4654 egregius
1588 4579 1912 4648 Zorobabel,
1958 4596 2042 4635 so-

2154 4570 2365 4666 ἀγίων)
2381 4593 2649 4649 διαλαϐὼν
2687 4594 2744 4649 δὲ
2778 4593 3025 4648 πλεῖστον
3055 4596 3177 4648 ὅσον
3216 4594 3275 4647 τὸ
3310 4592 3509 4665 μεταξὺ
3534 4589 3614 4645 τοῦ
3638 4604 3685 4641 τε

473 4672 770 4731 lenissimo
822 4677 1020 4732 mentis
1076 4677 1331 4731 acumine
1382 4675 1743 4732 intellexisset
1796 4674 1945 4739 fore,
1990 4682 2049 4729 ut

442 4764 564 4849 .illa
593 4782 714 4835 qua:
754 4778 977 4838 propter
1020 4767 1186 4822 Deum
1218 4769 1436 4823 deserta
1472 4767 1671 4831 fuerat,
1715 4768 2048 4838 supradictis

471 4854 631 4910 bouis
658 4859 808 4913 brevi
838 4859 1132 4924 frueretur,
1150 4859 1605 4929 quemadmodum
1632 4860 1847 4915 divinus
1864 4875 2047 4916 sermo

474 4947 840 5017 prtedixerat:
875 4960 998 5019 post
1034 4954 1292 5007 acerbam
1342 4951 1490 5005 illam
1540 4952 1938 5020 captivitatem,
1993 4962 2047 5007 et

473 5047 596 5106 post
623 5041 1087 5097 abominatiouein
1119 5044 1496 5109 desolationis,
1547 5045 1781 5099 cadaver
1810 5045 1911 5100 boc
1944 5045 2047 5099 mi-

540 5179 908 5260 "_lsa._t_rx_xv,
940 5185 963 5239 l
1000 5183 1053 5237 4.
1128 5183 1427 5260 ’ξιιιίιί-ηθ,
1454 5184 1543 5260 _'i'._
1587 5180 1635 5216 ⁸³
1672 5182 1811 5240 Psal.
1856 5199 2049 5260 Lxxut,
2083 5192 2138 5257 5,

472 5267 571 5316 xit,
598 5254 652 5308 6.
727 5252 773 5283 ⁸⁸
798 5252 902 5306 lsa.
939 5270 1100 5320 xxxv,
1151 5256 1205 5311 6.
1278 5255 1325 5306 ”.
1349 5254 1488 5309 Ibid.
1516 5254 1569 5309 4.

541 5372 652 5444 (2|)
674 5373 786 5441 Τὰς
798 5375 1023 5440 οἰκείας
1034 5374 2051 5445 dnolaﬁdrraﬁdosicﬁielegendum

473 5455 587 5504 est,
623 5443 682 5497 ut
711 5445 915 5499 habent
947 5447 1103 5499 codd.
1140 5444 1304 5510 Med,
1338 5443 1472 5499 Fuk.
1506 5457 1561 5501 et
1593 5445 1761 5501 Savil.
1805 5443 1860 5500 et
1890 5447 2051 5511 Maz.,

476 5530 573 5585 pro
599 5515 815 5582 vulgato
838 5514 1202 5570 ἀπολαύοντα.
1235 5519 1309 5568 Ae
1332 5516 1576 5585 profecto
1594 5518 1781 5580 miror,
1800 5527 2051 5569 neutrqu

480 5582 831 5663 interpretem
865 5587 933 5663 id
953 5587 1190 5663 vidisse,
1218 5582 1345 5641 cum
1371 5588 1678 5641 emendatio
1712 5585 1767 5639 in
1800 5597 2051 5655 promptu

478 5655 567 5705 sit.
603 5664 657 5706 et
690 5655 862 5709 cuivis
884 5655 1066 5709 obvia.

543 5720 655 5795 rei)
688 5725 794 5795 εις
825 5725 1191 5795 τετράγωνόν
1216 5744 1270 5779 τι
1311 5723 1519 5795 σχῆμα
1551 5723 1918 5795 περιφράξας
1943 5721 2056 5795 τὸν

480 5791 684 5864 τόπον.
715 5791 949 5848 Pessime
963 5791 1488 5864 Citristopliorsouus
1510 5798 1575 5850 de
1600 5791 1910 5849 sane—tuario
1940 5794 2055 5848 haec

484 5862 713 5931 accepit,
738 5879 860 5920 cum
894 5866 959 5921 de
996 5862 1290 5929 spatio'illo
1320 5868 1571 5929 loquatur
1594 5865 1882 5930 Eusebius,
1907 5865 2052 5929 quod

2153 4687 2258 4744 νεὼ
2291 4689 2386 4742 καὶ
2426 4687 2534 4741 τῶν
2573 4686 2805 4760 πρώτων
2850 4687 3086 4745 εἰσόδων.
3135 4686 3390 4758 τέτταρσι
3438 4685 3531 4755 μὲν
3558 4680 3687 4755 πέριξ

2153 4779 2465 4852 ὲγκαρσίοις
2506 4778 2884 4850 κατεκόσμησε
2930 4779 3129 4841 στοαῖς,
3176 4779 3257 4841 εἰς
3303 4763 3624 4849 τετράγωνόν
3645 4788 3686 4825 τι

2156 4872 2341 4944 σχῆμα
2369 4869 2711 4943 περιφράξας
2759 4869 2850 4922 τὸν
2891 4869 3054 4923 τόπον
3080 4868 3213 4941 (2‘2),
3243 4867 3385 4922 κίοσι
3453 4862 3687 4935 πανταχό-

2153 4958 2709 5033 θενέπαιρομέναις·
2760 4956 2834 5015 ὧν
2885 4960 2954 5015 τὰ
3004 4961 3144 5033 μέσα
3184 4960 3295 5030 (23)
3348 4960 3687 5032 διαφράγμσσι

2150 5060 2263 5120 τοῖς
2295 5055 2403 5109 ἀπὸ
2447 5053 2602 5120 ξύλου
2634 5053 2947 5118 δικτυωτοῖς
2979 5055 3038 5117 ἐς
3080 5052 3143 5107 τὸ
3187 5051 3496 5124 σύμμετρον
3526 5050 3686 5121 ἥκουσι

2154 5191 2207 5246 6.
2283 5185 2480 5244 l"'lbid.
2507 5185 2561 5241 7.
2635 5186 2681 5218 ⁸⁸
2701 5184 2843 5239 Psal.
2871 5184 3153 5248 sum”.
3224 5184 3270 5216 “
3295 5183 3432 5238 Ibid.
3503 5180 3546 5213 "
3575 5175 3680 5232 lleb.

2161 5365 2451 5429 erat‘iuter
2480 5368 2800 5424 vestibulum
2834 5376 2891 5419 et
2929 5364 3228 5419 basilicam.
3264 5365 3377 5418 line
3410 5365 3563 5435 igitur
3594 5377 3683 5430 spa-

2163 5448 2296 5500 tium
2358 5444 2410 5495 in
2482 5437 2839 5510 quadranguli
2896 5438 3126 5510 speciem
3187 5436 3685 5510 conclumnu,_qua-

2166 5526 2288 5568 tuor
2309 5503 2542 5581 obliquis
2570 5503 2867 5579 porticibus
2901 5503 2934 5560 a’
2954 5504 3181 5559 Paulino
3209 5516 3525 5560 exornatum
3551 5503 3685 5558 fuisse

2163 5585 2315 5639 dicit.

2236 5655 2347 5724 (25)
2379 5646 2492 5706 Ὧν
2517 5649 2589 5704 τὰ
2615 5648 2796 5724 μέσα.
2831 5644 3030 5724 Supple
3057 5645 3267 5724 κιόνων.
3295 5648 3481 5724 Itaque
3512 5662 3531 5696 ι
3554 5644 3684 5724 inter-

2163 5714 2433 5778 col‘uuiuia
2470 5741 2488 5773 ι
2526 5714 2691 5781 verti,
2725 5732 2831 5771 non
2872 5714 3035 5782 male,
3068 5727 3127 5769 ut
3159 5720 3369 5787 opinor.
3397 5714 3529 5769 Haec
3554 5714 3683 5787 igitur

2163 5792 2598 5853 intercolumnia,
2620 5790 2701 5860 ait
2722 5787 3010 5860 Eusebius,
3026 5784 3264 5860 undique
3279 5787 3527 5860 conclusa
3549 5784 3681 5860 fuisse

2165 5862 2436 5927 repagulis
2468 5850 2662 5927 ligneis
2686 5850 3028 5921 cancellatis,
3054 5857 3105 5911 in
3131 5850 3455 5912 mediocrem
3481 5850 3680 5910 altitudi-
