3860 6542
414 363 514 419 86)

1147 356 1415 413 EUSEBll
1448 351 1930 412 CESARIENSIS
1967 349 2117 408 OPP.
2157 348 2340 406 PARS
2376 349 2420 405 l.
2458 377 2529 390 --
2565 348 2958 407 HISTORICA.

3557 348 3660 406 868

415 477 627 546 effecit;
655 490 843 535 rursus
883 475 950 532 ad
981 475 1130 547 ipsos
1159 475 1288 531 solis
1315 475 1478 546 381
1519 473 1747 530 orientis
1802 471 1980 528 radio

2085 487 2215 534 νοις,
2250 471 2325 534 ὡς
2364 468 2665 540 Θαυμάσιον
2702 472 2816 533 τοῖς
2856 467 3025 540 ὁρῶσι
3073 459 3334 542 παρεχειν
3375 465 3476 537 τὴν
3514 464 3657 522 θέαν.

421 573 598 628 tribus
628 569 1015 642 ordinejanuis
1056 569 1109 622 in
1166 583 1274 623 uno
1322 567 1622 635 eodemque
1647 565 1817 620 latere
1848 579 1981 620 con-

421 666 666 720 structis.
727 664 964 731 Quarum
1015 661 1246 716 mediam
1295 659 1509 715 duabus
1551 660 1672 713 aliis
1720 658 1978 726 utrinque

419 757 610 827 positis
633 755 983 810 etaltitudine
1010 762 1065 807 et
1091 751 1376 805 latitudine
1402 751 1690 807 plurimum
1719 759 1983 819 praestare

418 847 605 906 voluit,
637 852 992 912 eamdemque
1028 841 1184 896 aereis
1228 843 1427 896 tabttlis
1472 841 1617 896 ferro
1655 841 1873 903 vinctis,
1930 848 1981 895 et

418 937 711 1006 sculpturis
741 935 905 988 variis
927 933 1200 1004 praecipue
1241 932 1520 986 decoravit
1550 948 1566 994 ;
1615 932 1667 987 ei
1719 941 1980 1002 tanquam

419 1030 615 1098 reginae
649 1026 910 1082 satellites
937 1025 1072 1079 alias
1105 1025 1422 1096 adiungens.
1449 1025 1531 1080 Ad
1575 1026 1826 1078 eumdem
1870 1039 1982 1077 mo-

418 1122 544 1175 dum
577 1134 696 1173 cum
728 1118 1030 1186 porticibus
1082 1118 1148 1171 ad
1194 1129 1482 1186 utrumque
1514 1106 1697 1184 templi
1729 1115 1869 1168 latus
1903 1115 1984 1169 fa-

416 1211 640 1269 bricatis
669 1224 851 1278 parem
882 1208 1266 1263 vestibulorum
1292 1223 1575 1264 numerum
1600 1206 1981 1276 disposuisset,

418 1300 663 1354 diversos
693 1298 872 1352 aditus
903 1298 1098 1366 quibus
1131 1298 1408 1366 copiosum
1446 1297 1626 1352 lumen
1662 1313 1900 1366 superne
1929 1298 1979 1351 in

415 1389 586 1444 aedem
619 1386 1013 1451 inl‘underetur,
1043 1402 1207 1456 supra
1239 1387 1379 1456 ipsas
1406 1389 1648 1456 porticus
1691 1388 1981 1458 excogita-

413 1480 517 1544 vit,
554 1493 754 1548 easque
785 1477 1049 1532 fenestras
1099 1477 1267 1532 variis
1297 1493 1327 1533 e
1361 1479 1507 1549 ligno
1542 1479 1834 1548 sculpturis
1883 1479 1984 1533 mi-

416 1570 686 1625 nutissimi
715 1571 894 1638 operis
922 1571 1156 1624 ornavit.
1194 1568 1369 1639 Ipsam
1397 1585 1526 1624 vero
1564 1571 1732 1625 aedem
1777 1571 1980 1640 regiam

413 1663 848 1731 opulentioribus
876 1663 1152 1732 magisque
1184 1663 1438 1730 pretiosis
1464 1665 1755 1733 speciebus
1779 1665 1986 1719 instru-

414 1753 516 1815 xit,
553 1753 758 1822 prolixa
790 1762 1099 1822 sumptuum
1136 1753 1536 1823 magnificentia
1575 1756 1641 1810 ad
1681 1756 1782 1811 hoc
1829 1772 1978 1811 usus.

417 1842 518 1899 llic
542 1845 653 1914 jam
681 1846 811 1900 mihi
846 1845 1180 1914 superfluum
1207 1847 1423 1900 videtur
1449 1849 1582 1902 mdis
1608 1849 1776 1918 ipsius
1809 1848 1983 1918 longi-

418 1939 663 1992 tudinem
693 1954 757 1992 ac
783 1938 1124 1992 latitudinem
1167 1940 1501 2004 describere,
1535 1953 1589 1994 et
1623 1942 1768 1996 hunc
1796 1942 1984 2012 splen-

413 2029 757 2084 didissimum
793 2030 1072 2096 decorem,
1103 2040 1264 2099 atque
1301 2031 1734 2101 inexplicabilem
1772 2033 1989 2102 magni-

416 2121 658 2176 tudinem
694 2139 708 2188 ;
745 2122 1046 2176 radiantem
1098 2137 1321 2192 operum
1377 2124 1611 2192 speciem
1640 2139 1704 2178 ac
1729 2124 1986 2194 splendo-

415 2227 532 2268 rem
558 2229 575 2279 ;
606 2212 820 2284 fastigia
851 2215 916 2267 ad
951 2214 1150 2268 cwlum
1181 2230 1351 2284 usque
1377 2215 1652 2270 tendentia
1678 2233 1693 2282 ;
1743 2224 1798 2269 et
1822 2231 1982 2285 supra

414 2303 534 2359 haec
549 2304 848 2360 eminentes
871 2305 1058 2360 Libani
1083 2305 1504 2375 pretiosissimas
1521 2306 1618 2360 ced
1629 2321 1722 2361 ros
1739 2308 1984 2361 oratione

413 2395 697 2464 prosequi,
745 2410 976 2465 quarum
1027 2398 1356 2451 mentionem
1415 2413 1482 2452 ne
1533 2397 1716 2451 divina
1763 2398 1982 2466 quidem

414 2487 635 2541 oracula
685 2489 1173 2557 praetermiserunt,
1205 2490 1256 2544 in
1287 2489 1481 2558 quibus
1516 2488 1715 2543 dicitur
1746 2508 1759 2544 :
1817 2507 1836 2541 ι
1869 2488 1986 2544 [ιω-

418 2579 681 2633 tabuntur
712 2580 854 2649 ligna
890 2581 1127 2647 Domini,
1175 2592 1226 2636 et
1257 2581 1408 2636 cedri
1432 2579 1625 2635 Libani
1665 2596 1803 2651 quas
1831 2581 1986 2652 plan-

417 2671 646 2726 tavit".
682 2691 701 2725 ι
730 2673 867 2739 Quid
891 2675 1002 2738 iam
1045 2675 1237 2729 attinet
1265 2674 1331 2729 de
1378 2674 1558 2728 solerti
1604 2681 1659 2728 et
1703 2673 1980 2745 ingeniosa

416 2764 586 2817 totius
621 2761 841 2818 fabricae
862 2762 1242 2833 dispositione,
1269 2780 1334 2821 ac
1361 2766 1428 2820 de
1457 2764 1746 2820 excellenti
1793 2765 1980 2836 singu-

416 2853 596 2908 larum
624 2855 858 2922 partium
885 2855 1296 2924 pulchritudine
1323 2856 1636 2912 accuratius
1685 2857 1977 2922 disserere,

414 2944 719 3012 prmsertitn
797 2961 921 2999 cum
978 2946 1258 3002 oculorum
1329 2948 1698 3003 testimonium
1763 2963 1976 3003 omnem

411 3050 537 3107 qua:
557 3035 779 3090 auribus
804 3037 1006 3107 percipi
1033 3047 1208 3108 potest
1231 3039 1479 3093 notitiam
1509 3038 1784 3094 excludat.
1812 3037 1979 3092 Porro

2013 1816 2055 1868 Β

2097 563 2237 616 Ἀλλ’
2261 563 2382 616 οὐδὲ
2408 561 2675 632 τοῦδαφος
2701 563 2809 634 ἄρα
2829 563 2910 626 εἰς
2935 560 3133 632 ἀμελὲς
3155 561 3336 615 ἔκειτο
3363 558 3513 629 αὐτῷ
3529 577 3542 589 ·
3573 559 3664 612 καὶ

2082 659 2199 711 τόδε
2233 656 2364 726 γοῦν
2388 656 2522 727 λίθῳ
2552 658 2825 728 μαρμάρῳ
2857 652 2916 710 εὖ
2952 657 3095 727 μάλα
3121 655 3312 726 κόσμῳ
3337 647 3505 708 παντὶ
3524 654 3663 723 λαμ⁴

2083 744 2314 816 πρύνας,
2341 744 2442 816 ἢδη
2466 744 2650 798 λοιπὸν
2679 745 2773 798 καὶ
2796 745 2889 798 ἐπὶ
2918 745 2986 798 τά
3014 746 3170 808 ἐκτὸς
3193 745 3289 798 τοῦ
3317 743 3424 797 νεὼ
3457 746 3661 815 μετῄει,

2082 836 2304 908 ἐξέδρας
2356 837 2450 890 καὶ
2501 838 2680 901 οἴκους
2724 838 2850 901 τοὺς
2904 839 3033 909 παρ’
3087 826 3328 909 ’ἑκάτερα
3377 837 3663 906 μεγίστους

2085 927 2460 992 ἐπισκευάζων
2509 927 2793 998 εὐτέχνως,
2835 928 2930 980 ἐπὶ
2973 928 3166 981 ταύτὸν
3222 930 3302 991 είς
3346 926 3560 998 πλευρὰ
3589 925 3664 995 τῷ

2085 1017 2336 1089 βασιλείῳ
2394 1019 2856 1091 συνεζευγμένους
2918 1022 3013 1074 καὶ
3061 1023 3180 1084 ταῖς
3225 1020 3317 1072 ἐπὶ
3359 1017 3455 1072 τὸν
3504 1019 3662 1089 μέσον

2082 1106 2228 1163 οἶκον
2259 1110 2528 1175 είσῦολαῖς
2552 1112 2862 1182 ἡνωμένους
2917 1112 3026 1182 (9.8)
3043 1129 3057 1141 ο
3095 1112 3130 1165 ἃ.
3162 1103 3256 1166 καὶ
3285 1112 3426 1166 αὐτά
3451 1115 3564 1175 τοῖς
3587 1112 3662 1165 ἔτι

2083 1201 2403 1272 καθάρσεως
2433 1203 2526 1256 καὶ
2575 1204 3044 1274 περιρραντηρίων
3077 1204 3186 1257 τῶν
3223 1203 3311 1256 διὰ
3350 1202 3544 1267 ὓδατος
3572 1205 3664 1258 καὶ

2082 1293 2238 1361 ἁγίου
2265 1293 2577 1364 Πνεύματος
2603 1293 2978 1365 ὲγχρῄζουσιν,
3004 1295 3032 1346 ὁ
3057 1292 3485 1366 εἰρηνικὼτατος
3507 1293 3659 1364 ἡμῶν

2083 1384 2332 1456 Σολομῶν
2378 1387 2406 1437 ὁ
2441 1385 2533 1438 τὸν
2579 1385 2714 1438 νεὼν
2753 1385 2844 1438 τοῦ
2875 1386 3012 1439 Θεοῦ
3043 1386 3369 1457 δειμάμενος
3401 1387 3662 1456 ἀπειργά-

2083 1477 2225 1541 ζετο,
2252 1478 2328 1542 ὠς
2361 1479 2553 1549 μηκέτι
2579 1477 2754 1546 λόγον,
2789 1475 2901 1531 ἀλλ’
2932 1478 3091 1550 ἔργον
3112 1480 3395 1548 γεγονέναι
3427 1479 3528 1549 τὴν
3555 1479 3660 1531 ἄνω

2082 1569 2361 1640 λεχθεῖσαν
2391 1570 2743 1640 προφητείαν.
2793 1569 2987 1638 Γέγονε
3022 1570 3130 1642 γὰρ
3170 1573 3265 1624 καὶ
3305 1570 3403 1624 νῦν
3429 1570 3506 1633 ὡς
3532 1569 3657 1639 ἁλη-

2084 1660 2192 1725 θῶς
2239 1661 2384 1713 ἐστιν
2427 1662 2460 1731 ἡ
2498 1659 2622 1724 δόξα
2669 1660 2761 1714 τοῦ
2810 1662 2958 1714 οἴκου
2990 1661 3182 1714 τούτου
3212 1663 3246 1727 ή
3279 1662 3488 1730 ἐσχάτη
3524 1661 3662 1732 ὑπὲρ

2083 1751 2179 1821 τὴν
2206 1751 2497 1822 προτέραν.
2528 1752 2673 1804 Ἔδει
2711 1752 2818 1822 γὰρ
2858 1752 2952 1805 καὶ
2981 1751 3270 1805 ἀκόλουθον
3297 1746 3390 1822 ἦν,
3417 1751 3513 1804 τοῦ
3548 1769 3665 1804 ποι-

2091 1843 2246 1913 μένος
2273 1844 2440 1915 αὐτῆς
2483 1845 2575 1898 κα)⁸
2601 1844 2860 1896 δεσπότου
2901 1842 3047 1908 ἅπαξ
3082 1843 3174 1896 τὸν
3203 1844 3343 1913 ὑπὲρ
3376 1844 3550 1915 αὐτῆς
3571 1843 3664 1897 θά-

2087 1951 2244 1987 νατον
2291 1933 2750 2004 καταδεξαμένου,
2800 1935 2894 1987 καὶ
2943 1935 3080 2006 μετά
3125 1935 3186 1987 τὸ
3220 1934 3415 1998 πάθος,
3446 1935 3475 1987 ὃ
3507 1935 3660 2006 χάριν

2085 2025 2259 2096 αὐτῆς
2287 2025 2490 2098 ρυπούν
2523 2024 2802 2078 ἐνεδύσατο
2839 2025 3017 2096 σῶμα,
3069 2027 3162 2079 ἐπὶ
3206 2027 3267 2078 τὸ
3292 2025 3547 2100 λαμπρὸν
3573 2029 3662 2080 καὶ

2085 2117 2290 2181 ἔνδοξον
2318 2117 2800 2188 μεταϐεϐληκότος,
2847 2118 3014 2186 αὐτήν
3045 2133 3104 2170 τε
3140 2116 3319 2188 σάρκα
3360 2117 3464 2187 τὴν
3493 2117 3665 2170 λυθείδ

2088 2227 2206 2272 σαν,
2238 2212 2301 2264 ὲκ
2333 2210 2538 2281 φθορᾶς
2574 2211 2653 2272 είς
2694 2209 3003 2280 ἀφθαρσίαν
3029 2209 3352 2277 ἀγαγόντος,
3385 2209 3482 2260 καὶ
3509 2209 3661 2279 τήνδε

2084 2303 2284 2375 ὁμοίως
2325 2303 2432 2356 τῶν
2471 2302 2564 2356 τοῦ
2608 2302 2859 2374 Σωτῆρος
2895 2301 3214 2372 οἰκονομιῶν
3251 2301 3362 2373 (29)
3424 2301 3661 2374 ἐπαύραο

2087 2394 2248 2449 σθαι·
2279 2396 2360 2448 ὃτι
2383 2395 2447 2466 δὴ
2481 2394 2792 2448 καὶτούτων
2810 2394 2942 2461 πολὺ
2973 2395 3259 2466 κρείττονα
3282 2395 3394 2465 (50)
3425 2394 3660 2448 λαὸοὐσα

2085 2490 2217 2562 παρ’
2249 2487 2409 2542 αὐτοῦ
2441 2487 2536 2558 τὴν
2561 2478 2914 2556 ἐπαγγελίαν,
2959 2477 3057 2558 τὴν
3085 2486 3220 2540 πολὺ
3252 2487 3478 2558 μείζονα
3509 2489 3660 2555 δόξαν

2082 2581 2183 2650 τῆς
2207 2577 2642 2647 παλιγγενεσίας,
2670 2577 2726 2632 ὲν
2758 2577 3035 2650 ἀφθάρτου
3070 2576 3320 2648 σώματος
3349 2578 3659 2643 ἀναστάσει,

2087 2672 2225 2746 μετὰ
2269 2671 2443 2741 φωτὸς
2476 2672 2718 2739 ἀγγέλων
2757 2671 2995 2742 χορείας,
3027 2673 3084 2724 ἐν
3115 2674 3226 2735 τοῖς
3257 2671 3505 2743 οὐρανῶν
3567 2674 3658 2724 ἐπ-

2088 2764 2276 2820 έκεινα
2299 2763 2392 2831 τοῦ
2421 2763 2556 2815 Θεοῦ
2589 2762 2896 2833 βασιλείοις,
2928 2765 3023 2816 σὺν
3049 2763 3197 2835 αὐτῷ
3225 2765 3451 2836 Χριστῷ
3491 2765 3658 2835 Ἰησοῦ

2080 2855 2159 2927 τῷ
2184 2853 2558 2927 πανευεργέτῃ
2601 2855 2693 2907 καὶ
2721 2855 2932 2926 Σωτῆρι
2971 2855 3207 2927 διαρκῶς
3247 2857 3341 2910 ἐπὶ
3385 2859 3514 2922 τοὺς
3540 2857 3659 2928 ἑξῆς

2081 2948 2281 3011 αἰῶνας
2311 2946 2598 3001 ἀπολαϐεῖν
2627 2945 2795 2999 ποθεῖ.
2816 2946 2972 2999 Ἀλλά
2995 2946 3104 3017 γὰρ
3131 2947 3268 3012 τέως
3293 2948 3390 3002 ἐπὶ
3410 2948 3504 3002 τοῦ
3534 2967 3660 3020 παρ-

2079 3041 2249 3104 όντος,
2308 3039 2517 3102 τούτοις
2557 3041 2590 3108 ἠ
2634 3039 2800 3092 πάλαι
2840 3040 2984 3109 χήρα
3030 3040 3122 3092 καὶ
3160 3040 3370 3112 ἕρημος
3405 3041 3542 3096 θεοῦ
3567 3044 3659 3114 χά-

413 3140 536 3180 cum
573 3125 827 3194 templum
853 3126 905 3179 in
941 3128 1084 3182 hunc
1117 3129 1330 3182 modum
1361 3129 1701 3193 absolvisset,
1735 3128 1978 3184 thronis-

2085 3150 2192 3204 ριτι
2238 3129 2621 3202 περιϐληθεῖσα
2655 3132 2766 3194 τοῖς
2807 3129 3012 3195 ἄνθεσι,
3063 3132 3284 3200 γέγονεν
3328 3133 3548 3205 ἀληθῶς
3588 3134 3658 3197 ὡς

415 3233 528 3289 que
565 3219 847 3277 altissimis
902 3221 956 3276 in
989 3221 1253 3277 honorem
1293 3223 1719 3291 prazsidentium,
1747 3237 1812 3278 ac
1839 3237 1978 3292 prae-

415 3321 564 3367 terea
599 3311 872 3368 subselliis
898 3329 996 3384 per
1026 3315 1338 3370 universum
1373 3318 1631 3387 templum
1657 3317 1848 3371 ordine
1880 3315 1985 3370 dis-

414 3405 606 3472 positis
632 3416 992 3472 exornasset;
1035 3417 1312 3475 postremo
1344 3408 1605 3464 Sanctum
1643 3418 1979 3474 sanctorum,

413 3494 585 3549 altare
611 3495 890 3570 videlicet,
911 3499 967 3570 in_
991 3497 1170 3551 medio
1200 3499 1504 3554 constituit.
1543 3497 1720 3568 thue
1749 3500 1866 3553 haec
1893 3512 1983 3553 sa-

413 3585 592 3639 craria
649 3567 976 3642 multitudini
1006 3588 1282 3646 inaccessa
1311 3599 1515 3655 essenl,
1564 3605 1628 3645 ea
1685 3605 1874 3645 rursus
1918 3588 1983 3642 li-

485 3700 533 3733 "
571 3700 713 3756 Psal.
744 3717 862 3766 em,
898 3703 984 3758 16.

415 3834 756 3898 Mazarinus,
789 3837 842 3890 in
870 3851 976 3904 quo
1011 3835 1080 3890 ita
1107 3836 1306 3891 diserte
1341 3837 1604 3903 scriptum
1641 3835 1844 3888 inveni.
1879 3832 1986 3888 Sed

415 3906 592 3976 major
609 3905 892 3960 difﬁcultas
909 3915 1010 3972 est,
1028 3907 1238 3960 cuinam
1255 3909 1433 3976 generi
1460 3905 1735 3961 h0ntiuum
1761 3907 1873 3959 hac
1893 3904 1982 3974 βά·

417 3975 546 4047 θρα,
568 3990 674 4047 Aseu
701 3977 1172 4045 subsellia,parata
1207 3975 1426 4047 fuerint.
1457 3976 1565 4033 Leo
1591 3976 1809 4047 quidem
1832 3976 1980 4047 Alla-

420 4044 526 4099 tius
566 4045 617 4097 in
649 4047 871 4114 epistola
913 4063 951 4102 ll
987 4044 1060 4100 De
1089 4046 1294 4112 templis
1332 4044 1657 4109 ercorum,
1689 4046 1803 4098 haec
1848 4045 1980 4098 sub-

418 4115 570 4170 sellia
603 4113 1038 4171 adcommnnem
1066 4132 1217 4171 usum
1245 4117 1504 4171 laicorutn
1533 4116 1791 4184 disposita
1815 4113 1980 4169 fuisse

419 4186 774 4246 existimavit.
816 4189 956 4255 quod
1006 4187 1332 4240 confirmare
1379 4187 1588 4239 videtur
1622 4183 1883 4255 ’Clentens
1926 4187 1978 4238 in

419 4254 888 4310 Constitutionibits
916 4257 1216 4323 apostolicis
1256 4257 1348 4310 lib.
1378 4271 1413 4308 ll
1441 4293 1456 4316 ,
1507 4270 1626 4322 cap.
1663 4254 1750 4308 57.
1783 4254 1979 4307 Verum

418 4325 684 4380 Eusebius
714 4327 827 4393 ipse
853 4327 996 4379 aliud
1041 4327 1235 4379 innuit.
1265 4327 1405 4378 Infra
1433 4324 1575 4378 enim
1613 4333 1777 4377 totam
1820 4324 1980 4392 bujus

420 4394 662 4449 ecclesiae
686 4394 944 4461 fabricam
973 4394 1261 4461 allegorice
1285 4408 1581 4454 exponens.
1617 4393 1826 4461 thr_onis
1856 4396 1979 4454 qui-

417 4462 539 4516 dem
587 4460 859 4528 designari
905 4453 1113 4528 scribit"
1136 4453 1422 4528 episcopos
1467 4453 1912 4528 ac_presb_yteros
1942 4466 1975 4525 ⁷ε

415 4531 687 4586 subselliis
709 4521 868 4592 "vero,
900 4521 1250 4580 diaconos'et
1276 4521 1510 4590 reliquos
1538 4521 1982 4592 Ecclesiat_miui-

416 4613 578 4657 stros.
613 4597 792 4666 Quare
829 4588 944 4651 haec
974 4596 1230 4666 subsellia
1251 4635 1265 4658 ,
1301 4588 1565 4666 ministris
1595 4591 1772 4666 potius
1800 4588 1981 4666 Ecclef

415 4673 508 4726 sia:
540 4660 702 4742 quain
739 4668 896 4742 laicis
927 4675 1128 4742 parata
1173 4663 1340 4718 fuisse
1370 4664 1640 4742 Videllltll‘:
1675 4660 1831 4742 certe
1849 4661 1980 4742 laici

416 4730 636 4796 sedendi
669 4741 721 4792 itt
749 4730 976 4792 ecclesia
1002 4743 1321 4799 potestatem
1351 4749 1458 4786 non
1481 4730 1772 4794 habebant,
1805 4739 1864 4784 ut
1893 4730 1985 4781 dn-

415 4823 501 4868 cet
531 4812 758 4878 Optatus
783 4809 836 4861 in
872 4807 908 4861 l.
937 4822 1009 4861 tv.
1038 4803 1192 4878 Quod
1220 4803 1440 4878 quidem
1477 4802 1556 4878 ita
1581 4800 1979 4878 intelligendum

414 4891 520 4942 est,
551 4871 610 4931 u't
638 4880 692 4930 in
735 4885 1002 4930 conventu
1040 4871 1428 4935 ecclesiastico,
1459 4872 1586 4925 dum
1619 4871 1858 4942 tli_vin_um
1893 4885 1976 4921 ce-

414 4937 657 5008 lebratur
687 4946 936 5007 nllicium,
965 4944 1150 4999 sedere
1185 4957 1293 4996 non
1320 4942 1531 4996 licuerit
1561 4939 1732 4993 laicis.
1757 4937 1982 4992 Peracto

420 5030 597 5074 autem
637 5015 814 5070 ollicio
848 5016 1035 5069 sedere
1071 5013 1205 5082 ipsis
1227 5013 1445 5082 licebat,
1467 5020 1526 5064 ut
1561 5011 1718 5082 docet
1739 5008 1980 5082 A_thana-:

420 5090 532 5160 sius
568 5087 620 5139 in
658 5085 884 5160 epistola
911 5087 980 5160 ad
1012 5074 1284 5160 solitarios
1312 5098 1334 5160 :_
1358 5081 1497 5160 ᾜδῃ
1529 5079 1626 5149 μὲν
1656 5074 1905 5160 ebrila-av
1934 5079 1981 5129 οί

425 5158 658 5210 πλεῖστοι
688 5146 781 5208 τοῦ
809 5153 938 5208 λαοῦ
977 5153 1271 5223 γενομένης
1312 5146 1625 5223 ἀπολύσεως
1656 5146 1980 5223 εξελθύντες.

426 5223 480 5281 lit
521 5228 679 5295 paulo
713 5233 854 5295 post,
903 5215 1025 5296 ἄρτι
1053 5215 1162 5293 γάρ
1187 5215 1326 5288 ἦσαν
1355 5221 1460 5272 ἀπὸ
1492 5220 1591 5291 τῆς
1619 5218 1780 5289 εὐχῆς
1808 5215 1983 5284 ὀλίγαι

429 5297 796 5350 ιαθεζόμεναι.

429 5299 796 5352 ιαθεζόμεναι.

491 5316 891 5433 ῗὲἔῖιίἔέιαζαῖς
912 5365 1010 5417 ἐπὶ
1047 5364 1156 5416 τὸν
1209 5364 1405 5432 μέσον
1457 5362 1626 5418 οἷκον
1679 5367 1978 5434 εἰσϐολαῖς

425 5433 788 5502 ἡνωμένους.
826 5435 1348 5503 Christophorsunus
1377 5436 1539 5503 Xertit
1569 5456 1582 5488 :
1617 5435 1820 5502 «Atque
1844 5433 1978 5494 adeo

423 5506 490 5576 ait
511 5501 790 5576 lenestras
811 5501 1087 5576 inferioris
1125 5501 1518 5576 te_tnpli__allixit.
1552 5521 1571 5554 ι
1597 5573 1607 5576 _
1637 5501 1790 5570 Quod
1847 5510 1977 5576 quid

424 5571 697 5646 sibivelit,
745 5572 1243 5646 equidemAnescio.
1300 5571 1480 5646 lieque
1523 5573 1666 5646 enim
1693 5571 1974 5646 _intelligo,

423 5643 688 5710 quomodo
716 5639 966 5710 exhedrae
999 5639 1255 5696 fenestris
1278 5642 1416 5710 alIigi
1444 5644 1666 5710 possint.
1691 5639 1977 5701 ExistiniaL

421 5708 500 5761 vit
524 5708 731 5777 scilicet
753 5708 1300 5777 Christophorsonus,
1324 5708 1574 5775 εἰσϐολάς
1600 5712 1864 5769 fenestras
1904 5719 1978 5771 si-

423 5774 698 5846 gnificare.
733 5774 999 5835 Eusebius
1035 5780 1249 5848 quidem
1301 5783 1461 5850 paulo
1499 5774 1661 5852 supra
1709 5785 1773 5839 de
1831 5785 1976 5841 fene-

2082 3224 2288 3296 κρίνον,
2372 3239 2536 3293 φησιν
2559 3223 2591 3291 ή
2623 3219 2944 3292 προφητεία.
2971 3221 3080 3273 Καὶ
3105 3222 3204 3292 τὴν
3230 3223 3511 3293 νυμφικὴν
3537 3226 3660 3276 ἀνα-

2081 3313 2321 3368 λαϐοῦσα
2357 3310 2572 3382 στολὴν,
2608 3310 2699 3362 τόν
2727 3327 2788 3362 τε
2832 3310 2932 3380 τῆς
2968 3310 3303 3381 εὐπρεπείας
3331 3314 3655 3384 περιθεμένη

2085 3407 2367 3476 στέφανον,
2410 3399 2499 3457 οἷα
2545 3402 2789 3474 χορεύειν
2835 3401 2926 3455 διὰ
2967 3402 3188 3457 Ἡσαΐου
3224 3404 3564 3470 παιδεύεται,
3596 3405 3661 3459 τὰ

2082 3498 2410 3570 χαριστήρια
2442 3492 2518 3566 τῷ
2564 3491 2772 3562 βασιλεῖ
2799 3491 2916 3563 Θεῷ
2950 3496 3153 3563 φωναῖς
3182 3495 3454 3566 εὐφήμοις
3486 3498 3659 3569 γεραι.

2089 3607 2276 3662 ρουσα,
2307 3585 2477 3655 αὐτῆς
2500 3581 2761 3653 λεγούσης
2785 3583 3206 3651 ἐπακούσωμενο
3237 3604 3257 3636 ι
3293 3586 3660 3654 Ἀγαλλιάσθω

2075 3832 2208 3906 stris
2281 3831 2510 3900 loquens
2574 3847 2671 3902 per
2705 3851 2840 3906 quas
2870 3835 3048 3891 lumen
3097 3836 3150 3891 in
3192 3838 3440 3905 porticus
3494 3841 3657 3895 infun-

2087 3903 2335 3964 debatur,
2365 3915 2587 3972 eavoce
2616 3903 2744 3960 usus
2774 3917 2876 3966 est,
2903 3907 3107 3961 ἄνωθεν
3133 3903 3225 3962 ἐπὶ
3263 3909 3496 3972 ταύταις
3521 3912 3656 3972 ἄλλῳ

2085 3972 2288 4054 πλείονι
2318 3971 2461 4054 φενῧῖ
2489 3972 2774 4054 ξξᾳφρρους
2800 3965 2898 4039 τὰς
2931 3978 3021 4030 ἐπὶ
3057 3978 3149 4054 τὸν
3205 3975 3354 4034 οἶκον
3417 3965 3658 4044 εἰσϐολάς

2085 4043 2332 4115 επενόειη
2365 4040 2463 4096 Ubi
2485 4040 3022 4115 _Christophorsonus
3048 4066 3066 4098 ι
3107 4050 3377 4106 fenestras
3417 4070 3437 4103 ι
3475 4040 3654 4106 vertit.

2087 4112 2284 4188 verum
2320 4112 2423 4166 hoc
2457 4112 2537 4188 “in
2598 4112 2732 4188 loco
2764 4115 3002 4188 είσὸολαί
3053 4119 3374 4188 simpliciter
3435 4131 3493 4176 et
3544 4124 3657 4176 sine

2086 4179 2524 4259 adjectionelulla
2565 4185 2766 4259 posita:
2791 4225 2806 4245 ,
2857 4187 3122 4259 feueSIras
3157 4179 3496 4259 'signillcare
3555 4209 3653 4245 non

2047 4318 2056 4327 ,
2093 4244 2346 4327 Possunt.
2377 4244 2482 4303 Aut
2508 4244 2669 4327 igitur
2695 4244 2874 4322 portas
2905 4258 3149 4326 designat
3183 4244 3350 4327 ipsius
3383 4244 3652 4325 i'basilicae,

2093 4339 2231 4391 quas
2263 4323 2439 4394 etiam
2459 4322 2726 4392 παρόδους
2773 4340 2932 4394 supra
2990 4322 3233 4393 vocavit;
3287 4340 3384 4382 aut
3414 4322 3654 4383 ambula;

2088 4389 2262 4448 tiones
2275 4389 2665 4460 quasdam'per
2681 4410 2816 4463 quas
2839 4389 3017 4449 aditus
3039 4389 3258 4464 patebat
3277 4398 3326 4452 in
3346 4400 3650 4464 basilicam;

2091 4478 2228 4532 quas
2260 4473 2586 4535 transennas
2626 4475 2782 4535 vocat
2814 4465 3072 4535 Paulinus
3096 4467 3147 4521 in
3173 4469 3331 4535 epist.
3360 4468 3449 4522 12.
3481 4469 3650 4524 Malim

2020 4532 2063 4587 D
2094 4530 2273 4601 tamen
2307 4536 2490 4604 portas
2512 4530 2841 4604 intelligere.
2903 4534 3069 4590 Porro
3125 4530 3221 4604 per
3264 4553 3414 4592 meos
3449 4540 3572 4592 illos
3602 4550 3653 4593 et

2079 4595 2365 4674 exhedras,
2395 4599 2646 4674 intelligit
2687 4595 2951 4660 Eusebius
2982 4595 3385 4674 baptisterium,
3421 4619 3654 4663 secreta-

2079 4671 2686 4739 riutn,salutalorium;
2741 4690 2859 4743 qua:
2912 4671 3199 4742 conjuncta
3248 4687 3412 4732 erant
3473 4679 3653 4734 basili-

2077 4759 2174 4799 033.

2151 4811 2260 4883 (29)
2290 4816 2412 4870 Τῶν
2441 4815 2548 4871 τοῦ
2577 4811 2848 4880 Σωτῆρος
2886 4813 3259 4883 οἰκονομιῶν.
3302 4816 3360 4871 In
3417 4819 3654 4871 animad-

2079 4884 2424 4942 versiouibus
2449 4889 2515 4941 ad
2545 4887 2743 4940 librum
2771 4883 3003 4951 primum
3040 4886 3278 4951 Eusebii,
3337 4888 3648 4942 observavi-

2078 4966 2200 5028 mus
2225 4953 2534 5028 οἰκονομίαν
2571 4969 2676 5009 non
2739 4953 2973 5028 de__sola
3021 4955 3397 5028 incarnatione
3455 4953 3649 5012 Christi

2080 5022 2228 5098 dici;
2262 5028 2353 5080 sed
2387 5022 2722 5098 quacunque
2778 5022 3028 5098 Christus
3081 5027 3132 5078 in
3168 5041 3336 5098 carne
3381 5033 3549 5094 gessit
3586 5031 3645 5080 :ul

2078 5091 2307 5168 salutem
2335 5091 2547 5164 generis
2579 5091 2824 5168 humani.
2857 5106 2920 5168 ea
2970 5095 3296 5168 generaliter
3321 5091 3650 5168 Ῠοῖκονομίαν

2078 5166 2285 5236 vocari.
2319 5168 2470 5232 Quod
2508 5166 2726 5236 quidem
2755 5164 3002 5236 pluribus
3031 5166 3295 5236 exemplis
3317 5166 3430 5222 illic
3477 5164 3650 5221 allatis

2080 5232 2547 5305 confirmavimus.
2587 5234 2692 5288 Sed
2720 5244 2775 5305 et
2805 5233 2893 5286 hic
2940 5235 3090 5305 locus
3134 5235 3186 5286 id
3232 5237 3408 5303 ipsum
3463 5249 3644 5305 aperte

2079 5301 2439 5375 demonstrat,
2470 5307 2523 5360 in
2563 5318 2673 5373 quo
2716 5303 3027 5375 οἰκονομίας
3077 5301 3364 5372 pluraliter
3416 5301 3650 5375 appellat

2083 5369 2364 5440 Eusebius,
2399 5369 2503 5429 non
2543 5369 2772 5428 mortem
2799 5369 2999 5439 solum,
3039 5369 3135 5429 sed
3174 5375 3338 5429 etiam
3366 5369 3634 5432 resurrecv

2081 5441 2283 5496 tionem
2313 5445 2536 5500 Christi.

2149 5511 2264 5582 (50)
2297 5515 2525 5567 Τούτων
2555 5513 2710 5582 πολὺ
2753 5511 3087 5581 κρείττονα.
3117 5512 3173 5567 lu
3207 5514 3365 5568 codd.
3398 5514 3640 5569 Medicae

2077 5587 2132 5631 et
2173 5580 2446 5653 Mazarino
2503 5580 2758 5653 scribitur
2805 5585 3082 5653 κρεῖττον.
3144 5584 3235 5637 Sic
3277 5586 3446 5638 etiam
3501 5599 3640 5653 prius

2078 5652 2344 5774 :ctl'iptum
2369 5651 2545 5708 fuerat
2565 5653 2618 5708 in
2643 5651 2776 5708 Fult.
2803 5651 2966 5709 Forte
2998 5653 3326 5724 κρειττόνων
3362 5651 3637 5724 legendum

2113 5734 2140 5774 s
2167 5760 2186 5774 .

2113 5734 2186 5776 SI.
