3860 6540
179 359 270 417 869
1158 359 1509 420 Ηιδτοιιω
1547 360 1689 418 ΕΟΕ]

1795 361 2119 419 SIASTICE
2157 363 2286 423 LIB.
2326 363 2394 422 Χ.
3310 373 3416 433 870

176 473 357 547 ήψυχή
391 489 490 546 μου
518 472 614 527 ἐπὶ
643 472 722 546 τῷ
762 474 980 547 Κυρίῳ·
1012 473 1229 531 ἐνέδυσε
1258 477 1368 550 γάρ
1417 494 1483 549 με
1520 476 1689 549 ἱμάτιι

1795 503 1812 538 ι
1835 480 1991 550 guels
2014 479 2274 536 cancellis
2303 477 2554 543 munivit,
2588 477 2956 538 minutissime
2983 492 3149 553 Opere
3174 482 3240 538 ad
3269 499 3414 540 sum-

172 566 435 638 σωτηρίου.
460 565 555 621 καὶ
577 566 782 638 χιτῶνα
809 558 1147 640 εύφροσύνης
1163 586 1177 600 ·
1214 568 1504 644 περιέθηκέ
1536 588 1627 642 μοι
1652 569 1689 624 ὡ

1833 586 1979 626 mum
2003 571 2139 627 artis
2166 571 2441 644 fastigium
2473 570 2796 637 elaboratis,
2830 573 2965 629 adeo
2989 584 3050 628 ut
3083 575 3411 633 admirabile

172 657 365 729 νυμφίῳ
406 655 637 729 μῑτραν,
687 657 781 713 καὶ
828 654 903 723 ὡς
952 658 1170 732 νύμφην
1217 661 1598 733 κατεκόσμησε
1654 679 1689 732 μ

1831 664 2166 720 intuentibus
2197 664 2563 735 spectaculum
2596 666 2914 724 exhibeant.
2955 666 3284 735 Quinetiam
3338 686 3409 724 ne

173 750 353 819 κόσμῳ,
402 747 493 802 καὶ
525 746 601 812 ὡς
632 749 737 819 γῆν
782 747 1050 814 αὔξουσαν
1099 752 1161 806 τὸ
1197 752 1355 816 ἄνθος
1392 752 1592 824 αὐτῆς·
1630 771 1689 807 κο

1829 755 2004 826 ipsum
2048 758 2262 826 quidem
2307 757 2482 813 solum
2527 758 2910 829 negligendum
2957 759 3192 827 putavit.
3247 759 3403 827 Quod

171 840 230 904 ὡς
257 841 418 910 κῆπος
448 839 517 893 τὰ
566 839 858 911 σπέρματα
897 841 1063 896 αὑτοῦ
1113 843 1378 910 ἁνατελεί,
1413 842 1585 908 οὕτως
1609 844 1689 898 Κύ

1828 863 1951 903 cum
1980 849 2179 904 mirum
2209 851 2263 904 in
2295 850 2515 905 modum
2561 865 2834 905 marmore
2881 861 3229 918 exornasset,
3279 854 3402 907 inde

169 949 265 1002 ριος
306 930 540 986 ἀνέτειλε
591 931 940 1007 δικαιοσύνην
992 932 1088 990 καὶ
1131 936 1442 1008 ἀγαλλίαμα
1493 936 1689 1007 ἐνώπιο

1826 942 1893 995 ad
1920 956 1982 996 ea
2017 956 2136 1011 quae
2168 952 2321 998 extra
2368 944 2627 1014 templum
2679 944 2854 1012 posita
2905 952 3032 998 sunt
3081 959 3399 1009 conversus,

165 1024 355 1077 πάντων
384 1020 493 1075 τῶν
524 1021 717 1080 ἐθνῶν.
746 1045 764 1077 ι
804 1025 1027 1092 Τούτοις
1062 1024 1161 1100 μὲν
1191 1022 1285 1105 οὖν
1307 1029 1445 1100 αὕτη
1472 1028 1685 1101 χορεύει

1825 1031 2095 1088 e’xbedras
2143 1042 2197 1089 et
2242 1048 2393 1090 (neos
2435 1036 2800 1105 amplissimos
2880 1037 3136 1107 utrinque
3187 1054 3397 1092 summa

164 1115 276 1177 οἵοις
327 1115 379 1168 δὲ
444 1118 540 1169 καὶ
599 1118 629 1171 ὁ
701 1116 933 1189 νυμφίος
1006 1116 1181 1189 Λόγος
1245 1118 1275 1177 ὁ
1327 1121 1578 1194 οὐράνιος
1623 1122 1689 1175 αὐ

1823 1139 1947 1180 cum
1979 1126 2172 1195 peritia
2210 1127 2528 1209 fabricavit,
2554 1128 2646 1198 qui
2673 1130 2775 1183 sibi
2817 1129 3047 1185 invicem
3108 1130 3174 1184 ad
3226 1130 3394 1185 latera

164 1206 237 1270 τὸς
262 1206 455 1277 Ἰησοῦς
474 1208 713 1279 Χριστὸς
731 1207 901 1282 αὐτὴν
933 1209 1239 1282 ἀμείϐεται,
1272 1214 1433 1268 ἄκουε
1467 1214 1687 1284 λέγοντο

1821 1216 1991 1287 ipsius
2017 1218 2257 1274 basilica:
2289 1206 2722 1292 coniunguntur,
2759 1223 3040 1293 portisque
3094 1224 3293 1292 quibus
3340 1225 3393 1278 in

165 1301 241 1355 τοῦ
280 1299 510 1371 Κυρίου·
573 1304 708 1374 «Μὴ
764 1302 928 1371 φοϐοῦ
982 1301 1064 1358 ὃτι
1114 1306 1525 1378 κατῃσχύνθης,
1581 1307 1688 1379 μηδ

1820 1308 2057 1363 medium
2093 1310 2350 1380 templum
2381 1312 2635 1378 intratur,
2663 1314 2897 1368 connexi
2925 1324 3072 1368 sunt.
3102 1313 3246 1381 Quas
3269 1315 3395 1384 qni-

166 1395 405 1464 ἐντραπῇς
435 1393 516 1446 ὃτι
548 1392 898 1464 ὼνειδίσθης’
930 1396 1012 1449 ὅτι
1047 1397 1311 1470 αἰσχύνην
1345 1397 1560 1453 αἰώνιον
1593 1401 1689 1453 ἐπι

1819 1399 1941 1454 dem
1968 1400 2111 1456 aedes
2145 1400 2198 1455 in
2230 1402 2468 1472 gratiam
2505 1402 2671 1474 382
2709 1419 2896 1459 eorum
2944 1404 3036 1474 qui
3081 1406 3394 1473 expiatione

165 1484 302 1558 λήσῃ,
333 1485 422 1537 καὶ
451 1483 657 1549 ὄνειδος
690 1482 787 1557 τῆς
820 1487 1047 1559 χηρεεας
1075 1506 1168 1542 σου
1200 1490 1260 1543 οὐ
1298 1492 1372 1563 μὴ
1405 1492 1689 1566 μνησθήσῃ

1815 1501 1871 1550 et
1922 1494 2245 1565 purgatione
2302 1509 2402 1563 per
2454 1511 2650 1566 aquam
2703 1505 2758 1552 et
2815 1497 3079 1567 Spiritum
3137 1508 3389 1553 sanctum

165 1579 255 1647 05x
282 1577 351 1641 ὡς
378 1581 611 1646 γυναῖκα
656 1577 1226 1655 ἐγκαταλελειμμένην
1270 1583 1363 1637 καὶ
1395 1584 1689 1656 όλιγόψυχοε

1814 1600 1949 1655 opus
1987 1587 2209 1650 habent,
2238 1584 2499 1641 Salomon
2536 1596 2722 1642 noster
2754 1603 2880 1643 vere
2915 1588 3168 1658 pacificus
3204 1590 3393 1659 templi

164 1668 366 1740 κέκληκέ
394 1687 453 1723 σε
482 1670 710 1741 Κύριος,
745 1672 852 1725 οὐδ’
882 1672 958 1738 ὡς
989 1677 1223 1742 γυναῖκα
1253 1676 1316 1729 ἐκ
1341 1678 1589 1748 νεότητος
1625 1696 1689 1749 με

1812 1676 1973 1748 hujus
1998 1679 2246 1734 conditor
2276 1678 2569 1733 exstruxit.
2598 1679 2752 1734 Adeo
2777 1688 2835 1733 ut
2859 1681 3099 1736 cmlestis
3134 1680 3219 1734 illa
3252 1696 3393 1751 prte-

166 1762 453 1833 μισημένην.
488 1755 659 1816 Εἶπεν
689 1766 717 1817 ὁ
749 1761 879 1828 Θεός
914 1781 1026 1819 σου·
1046 1766 1249 1836 Χρόνον
1282 1769 1476 1841 μικρὸν
1508 1772 1689 1839 ἐγκατ-

1813 1769 1977 1825 dictio
2000 1769 2154 1839 cuius
2180 1785 2343 1839 supra
2393 1770 2638 1834 memini,
2693 1786 2800 1826 non
2854 1771 3088 1841 amplius
3141 1774 3300 1827 nudis
3332 1773 3387 1826 in

163 1851 314 1905 έλιπόν
338 1869 415 1917 σε,
447 1853 542 1907 καὶ
569 1855 627 1907 ἐν
658 1854 795 1926 ἐλέῳ
848 1855 1068 1927 μεγάλῳ
1093 1855 1302 1929 ἐλεήσω
1337 1845 1397 1911 σέ
1424 1876 1436 1889 ·
1472 1861 1529 1912 ἐν
1559 1858 1689 1931 Θυμῤ

1817 1861 1997 1917 verbis
2026 1863 2309 1928 subsistat,
2345 1862 2440 1916 sed
2474 1878 2641 1932 opere
2691 1862 2810 1933 ipso
2858 1863 3076 1932 impleta
3111 1878 3387 1920 cernatur.

164 1943 313 2016 μικρῷ
337 1945 745 2017 ἀπέστρεψακτὸ
777 1948 1065 2021 πρόσωπόν
1101 1966 1203 2019 μου
1232 1950 1341 2004 ἀπὸ
1374 1950 1488 2017 σού,
1524 1953 1617 2006 καὶ
1649 1953 1689 2004 ἐκ

1814 1951 1980 2006 Facta
2031 1962 2117 2007 est
2153 1952 2296 2007 enim
2354 1967 2499 2007 nunc
2542 1966 2729 2007 revera
2776 1953 2949 2024 gloria
2999 1955 3191 2009 domus
3231 1954 3391 2025 hujus

160 2038 270 2108 ἐλέῳ
298 2039 491 2110 αἰωνίῳ
519 2039 730 2112 ἐλεήσω
776 2059 854 2106 σε,
901 2037 1053 2095 εἶπεν
1094 2044 1124 2097 ό
1159 2043 1460 2115 ρυσάμενός
1492 2062 1551 2098 σε
1591 2044 1689 2098 Κύ‹

1815 2042 2086 2112 posterior
2114 2042 2273 2113 supra
2310 2045 2565 2112 priorem.
2602 2043 2737 2099 Nam
2769 2060 2890 2100 cum
2940 2043 3134 2100 Pastor
3179 2043 3295 2114 ejus
3321 2060 3388 2103 ac

162 2146 269 2203 ριος.
304 2130 629 2203 Ἐξεγείρου,
665 2127 964 2205 ὲξεγείρου,
1006 2135 1039 2201 ἡ
1067 2132 1268 2190 πιοῦσα
1291 2137 1356 2190 ὲκ
1388 2133 1570 2208 χειρὸς
1593 2136 1689 2190 Κυ·

1814 2134 2095 2200 Dominus,
2118 2152 2217 2206 pro
2246 2136 2418 2192 salute
2447 2135 2589 2191 illius
2619 2136 2785 2192 semel
2822 2145 3049 2192 mortem
3074 2152 3385 2208 perpessus,

162 2223 257 2295 pinu
283 2224 338 2277 τὸ
372 2226 633 2298 ποτήριον
681 2224 775 2279 τοῦ
822 2226 995 2298 θυμοῦ
1042 2227 1208 2282 αὐτοῦ
1232 2245 1245 2259 ’
1293 2231 1550 2301 ποτήριον
1596 2229 1689 2303 γὰρ

1811 2237 1936 2298 post
1969 2227 2281 2298 passionem
2320 2243 2519 2298 corpus
2571 2229 2714 2298 quod
2768 2229 2940 2298 ipsius
2992 2229 3167 2300 gratia
3206 2230 3387 2286 sordi-

159 2312 237 2381 τῆς
264 2312 530 2377 πτώσεως,
573 2313 634 2367 τὸ
664 2315 821 2369 κόνδυ
864 2315 955 2369 τοῦ
987 2316 1159 2389 θυμοῦ
1196 2335 1330 2389 μου,
1366 2319 1583 2386 ἐξέπιες
1611 2316 1689 2374 καλ

1812 2319 1937 2374 dum
1972 2318 2245 2383 induerat,
2292 2318 2345 2374 in
2390 2320 2730 2390 splendidum
2773 2330 2828 2374 et
2856 2320 3162 2392 gloriosum
3200 2331 3384 2378 trans-

162 2401 475 2469 ἑξεκένωσας.
512 2405 621 2459 Καὶ
654 2406 755 2460 οὐκ
791 2402 860 2477 ἧν
889 2410 918 2461 ὁ
955 2408 1283 2480 παρακαλῶν
1329 2427 1388 2462 σε
1422 2410 1530 2464 ἀπὸ
1563 2412 1689 2465 πάν‹

1811 2419 2097 2475 mutasset,
2151 2419 2205 2467 et
2254 2424 2474 2466 carnem
2524 2411 2636 2481 jam
2690 2413 3060 2467 tabescentem
3094 2429 3162 2468 ex
3196 2428 3386 2469 corru-

159 2509 243 2546 των
266 2495 366 2547 τῶν
392 2496 602 2551 τέκνων
636 2514 729 2551 σου
750 2537 765 2560 ,
800 2491 874 2552 ὧν
912 2498 1127 2563 ἔτεκες,
1159 2500 1253 2554 καὶ
1287 2500 1385 2553 ούκ
1411 2495 1478 2573 ἦν
1504 2501 1533 2553 ὁ
1555 2502 1689 2555 ἀντι-

1810 2503 1994 2572 ptione
2044 2503 2110 2558 ad
2163 2503 2630 2558 immortalitatem
2691 2503 3043 2569 traduxisset,
3090 2515 3383 2560 consenta-

160 2587 524 2659 λαμϐανόμενος
571 2590 670 2662 τῆς
720 2590 895 2661 χειρός
942 2609 1058 2647 σου.
1104 2592 1235 2646 Ἰδοὺ
1270 2592 1466 2665 εἴληφα
1504 2596 1568 2648 ἐκ
1598 2595 1689 2666 τῆς

1810 2607 1969 2646 neum
1999 2605 2119 2649 erat
2152 2604 2211 2648 ut
2256 2596 2371 2651 haec
2404 2610 2619 2666 quoque
2664 2593 2974 2650 Servatoris
3020 2594 3383 2664 diSpensatio-

160 2681 305 2749 χειρός
344 2698 434 2734 σου
475 2682 538 2735 τὸ
580 2684 836 2753 ποτήριον
880 2682 978 2753 τῆς
1018 2682 1295 2748 πτώσεως,
1331 2685 1391 2738 τὸ
1424 2686 1579 2740 κόνδυ
1606 2687 1689 2741 τοί

1810 2685 1969 2739 nibus
1993 2684 2242 2741 similiter
2276 2687 2569 2743 frueretur.
2604 2685 2815 2756 Quippe
2848 2700 2968 2755 quae
3001 2685 3169 2741 multo
3206 2686 3383 2756 potio-

160 2769 299 2842 θυμοῦ
342 2790 460 2842 μου,
506 2769 600 2826 καὶ
641 2773 702 2825 ού
747 2773 1076 2845 προσθήσεις
1105 2774 1185 2828 ἔτι
1228 2779 1373 2829 πιεῖν
1406 2777 1571 2831 attito“
1607 2778 1689 2833 ml

1811 2772 1964 2828 ribus
1992 2774 2061 2828 ah
2091 2774 2208 2844 ipso
2240 2776 2525 2844 promissis
2575 2774 2841 2844 acceptis,
2896 2775 3058 2845 longe
3108 2773 3379 2842 majorem

96 2893 99 2896 -
158 2861 280 2914 δώσω
317 2863 444 2917 αύτὺ
476 2864 559 2927 εἰς
590 2862 690 2926 τὰς
725 2860 915 2934 χεῖρας
955 2861 1064 2917 τῶν
1098 2864 1471 2936 ἀδικησάντων
1506 2884 1565 2921 σε
1607 2868 1689 2921 καΊ

1808 2867 2241 2936 regenerationis
2297 2867 2530 2938 gloriam
2572 2868 2629 2922 in
2660 2866 2905 2936 corporis
2956 2866 3380 2936 incorruptibil’s

158 2958 567 3011 ταπεινωσάντων
614 2974 694 3012 σε.
750 2958 1057 3029 Ἐξεγείρου
1080 2998 1095 3025 ,
1142 2957 1448 3032 ἐξεγείρου,
1484 2960 1689 3015 ἔνδυσαι

1807 2959 2228 3024 resurrectione,
2276 2975 2398 3015 cum
2449 2960 2762 3014 caelestibus
2819 2959 3135 3029 angelorum
3171 2960 3375 3026 choris,

159 3046 228 3118 τήν
272 3047 442 3119 ἰσχὺν,
491 3047 709 3103 ἔνδυσαι
755 3049 854 3121 τὴν
887 3026 1058 3113 ⁷δόξαν
1105 3065 1220 3103 σου.
1244 3026 1575 3116 ⁷Ἰέκτὶναξαι
1606 3051 1689 3104 τὸν

1795 3048 1861 3103 "in
1900 3050 2014 3119 ipsa
2049 3049 2144 3105 Dei
2175 3051 2319 3121 regia
2351 3050 2491 3104 ultra
2520 3050 2690 3104 caelos
2717 3051 2913 3121 posita,
2951 3066 3055 3105 una
3106 3066 3230 3105 cum
3259 3050 3377 3121 ipso

160 3138 256 3206 χοῦν
283 3141 370 3194 καὶ
396 3141 682 3212 ἀνάστηθι.
716 3141 973 3206 Κάθισον,
1008 3139 1232 3196 ἔκλυσαι
1258 3142 1349 3197 τὸν
1381 3141 1579 3215 δεσμὸν
1601 3141 1689 3197 τοῦ

1804 3143 2049 3197 omnium
2117 3144 2504 3199 beneﬁciorum
2561 3155 2783 3198 auctore
2827 3158 2892 3197 ac
2925 3142 3215 3200 Servatore
3240 3142 3373 3200 Jesn

159 3233 386 3304 τραχήλου
417 3250 541 3288 σουο
581 3229 717 3305 ἆρον
750 3235 935 3306 κύκλῳ
965 3236 1087 3301 τοὺς
1125 3233 1432 3308 ὀφθαλμούς
1466 3252 1559 3289 σου
1604 3235 1689 3291 καὶ

1800 3233 2018 3289 Christo
2050 3234 2103 3289 iu
2131 3244 2453 3305 perpetuum
2486 3234 2740 3305 deinceps
2767 3236 3047 3306 percipere
3076 3237 3371 3294 desiderat.
3426 3300 3445 3305 _

1801 3324 2022 3380 Interim
2056 3335 2232 3380 tamen
2276 3325 2329 3381 in
2374 3326 2623 3396 praesenti
2667 3326 2866 3381 saaculo
2917 3329 3032 3384 hac
3056 3329 3181 3383 olim
3211 3329 3373 3384 vidua

1801 3432 1866 3472 ac
1896 3418 2129 3485 deserta,
2161 3416 2309 3472 hisce
2335 3433 2431 3487 per
2476 3417 2571 3472 Dei
2629 3420 2859 3491 gratiam
2884 3429 3077 3474 ornata
3115 3419 3366 3484 ﬂoribus.

1799 3509 1940 3564 facta
1972 3518 2056 3564 est
2085 3524 2274 3564 revera
2317 3519 2374 3563 ut
2397 3508 2587 3574 lilium,
2613 3509 3066 3578 quemadmodum
3104 3511 3364 3584 propheta

1798 3602 1955 3657 dixit.
1982 3601 2227 3669 Qualiter
2252 3616 2379 3655 vero
2413 3599 2651 3671 sponsali
2683 3609 2835 3655 veste
2889 3601 3098 3667 induta,
3129 3617 3332 3658 corona
3353 3635 3366 3645 ο

1798 3709 1905 3764 que
1939 3695 2152 3749 decoris
2179 3692 2454 3759 redimita,
2483 3693 2552 3747 ab
2579 3690 2718 3746 Isaia
2748 3691 2953 3747 saltare
2981 3693 3265 3759 doceatur,
3311 3704 3367 3748 et

1797 3783 1992 3840 faustis
2046 3783 2265 3840 vocibus
2312 3784 2422 3838 Deo
2473 3784 2676 3853 gratias
2728 3797 2850 3837 cum
2894 3785 3243 3841 veneratione
3274 3801 3371 3840 ca-

1799 3889 1951 3941 nere,
2001 3875 2172 3944 ipsius
2214 3874 2399 3929 verbis
2452 3875 2789 3929 audiamus:
2834 3893 2854 3928 ι
2908 3876 3155 3931 Exsultet
3184 3877 3366 3932 anima

1798 3979 1914 4018 mea
1945 3964 1996 4017 in
2039 3964 2291 4018 Domino.
2337 3963 2516 4017 Induit
2559 3965 2706 4017 enim
2745 3979 2829 4017 me
2858 3967 3184 4021 vestimento
3214 3966 3368 4021 salu-

1797 4057 1884 4121 tis,
1921 4066 1976 4110 et
2008 4056 2189 4111 tunica
2221 4055 2422 4111 laetitia:
2443 4056 2803 4113 circumdedit
2834 4073 2942 4113 me.
2972 4058 3137 4126 Quasi
3169 4074 3368 4129 sponso

1794 4164 2052 4205 coronam
2086 4149 2475 4218 circumposuit
2502 4152 2655 4216 mihi,
2707 4161 2761 4205 et
2800 4152 2953 4220 quasi
2988 4166 3247 4221 sponsam
3276 4168 3367 4205 or-

1795 4242 1951 4296 navit
1982 4256 2069 4296 me
2107 4242 2359 4297 muliebri
2394 4245 2617 4298 mundo.
2672 4243 2739 4297 Et
2772 4246 2912 4297 sicut
2953 4253 3095 4298 terra
3120 4258 3240 4313 qua:
3270 4258 3365 4296 au;

162 4330 260 4405 ςιθην
291 4336 440 4409 μόνη.
474 4328 644 4391 Οὗτοι
670 4335 727 4388 δέ
755 4353 844 4406 μοι
871 4335 972 4388 ποῦ
1005 4331 1145 4408 ἦσαν
1167 4355 1181 4404 ;
1204 4358 1222 4390 r
1252 4338 1435 4393 Ταῦτα
1467 4337 1689 4402 Ἡσαΐας

1795 4343 1884 4403 get
1917 4332 2104 4389 ﬂorem
2139 4350 2318 4399 suum,
2353 4344 2409 4390 et
2432 4337 2574 4391 sicut
2602 4337 2793 4390 hortus
2842 4338 3112 4407 germinat
3156 4337 3363 4390 semina

162 4427 498 4494 προεθέσπισε,
531 4426 709 4481 ταῦτα
742 4426 1015 4498 πρόπαλαι
1064 4431 1192 4503 περὶ
1227 4430 1383 4503 ήμῶν
1417 4433 1474 4484 ἐν
1516 4432 1689 4503 ἱεραῖς

1795 4443 1928 4495 sua;
1965 4427 2043 4481 sic
2074 4425 2337 4480 Dominus
2369 4427 2697 4496 germinabit
2734 4424 3002 4493 justitiam
3055 4435 3109 4480 et
3150 4431 3365 4480 exulta-

161 4514 314 4585 Βίϐλοις
358 4519 763 4589 καταϐέϐλητο.
834 4519 1030 4591 Ἐχρῆν
1083 4521 1140 4575 δέ
1184 4540 1285 4575 που
1338 4522 1540 4575 τούτων
1588 4522 1686 4593 τὴν

1795 4521 1992 4574 tionem
2019 4533 2203 4573 coram
2229 4518 2495 4573 universis
2526 4518 2775 4585 gentibus
2804 4517 2872 4573 ".
2937 4536 2957 4569 ι
2995 4515 3064 4571 Ει
3097 4517 3210 4572 lucc
3245 4519 3366 4588 qui-

162 4605 384 4676 ἀψεύδειαν
424 4612 533 4684 ἠδη
569 4609 704 4664 ποτὲ
747 4608 929 4682 ἔργοις
976 4604 1325 4683 παραλαϐεῖν.
1376 4612 1536 4666 Ἀλλὰ
1576 4615 1684 4685 γὰρ

1795 4611 1912 4665 dem
1961 4623 2163 4667 canens
2212 4609 2298 4665 illa
2350 4608 2635 4680 tripudiat.
2677 4610 2889 4677 Quibus
2941 4618 3122 4663 autem
3177 4610 3366 4666 verbis

159 4699 325 4756 τοιαῦτα
346 4702 439 4757 τοῦ
472 4700 715 4773 νυμφίου
748 4702 921 4770 Λόγου
951 4701 1085 4774 πρὸς
1116 4704 1212 4775 τὴν
1246 4703 1437 4757 ἑαυτοῦ
1466 4703 1683 4775 νύμφην

1795 4715 2023 4771 sponsus
2076 4700 2339 4768 cmlestis,
2370 4701 2489 4773 ipse
2531 4702 2743 4758 scilicet
2795 4701 2955 4758 Jesus
2983 4700 3238 4757 Christus
3270 4701 3363 4771 qui

159 4788 227 4858 τὴν
251 4794 378 4866 ἱερὰν
408 4797 510 4849 καὶ
544 4795 710 4863 ἁγίαν
751 4794 1073 4868 Ἐκκλησῖαν
1097 4796 1518 4867 ἐπιφωνοῦντος,
1550 4799 1685 4851 εἰκό-

1795 4803 1872 4849 est
1901 4793 2137 4849 Verbum
2172 4793 2374 4859 Patris,
2434 4794 2508 4849 illi
2553 4793 2794 4850 vicissim
2843 4795 3185 4864 respondeat,
3237 4795 3363 4850 audi

159 4886 273 4942 τωςὸ
294 4887 655 4960 νυμφοστόλος
687 4887 772 4940 ὅδε
813 4886 955 4959 (51),
989 4889 1155 4961 αὐτὴν
1181 4890 1281 4962 τὴν
1312 4889 1515 4961 ἔρημον
1535 4928 1551 4954 ,
1584 4889 1682 4962 τὴν

1795 4885 2076 4941 Dominum
2111 4887 2425 4943 dicentem:
2461 4905 2480 4939 ι
2510 4886 2633 4944 Noli
2670 4888 2865 4943 timere
2909 4901 2977 4942 eo
3029 4886 3173 4957 quod
3204 4887 3362 4958 igno-

162 4980 307 5043 πτῶμει
353 4979 651 5051 κειμένην,
704 4978 802 5050 τὴν
846 4979 996 5052 παρὰ
1047 4981 1352 5053 ἀνθρώποις
1404 4981 1683 5044 ἀνέλπιδα,

1795 4976 1957 5031 minia
2010 4966 2223 5035 aﬂ'ecta'
2261 4977 2432 5034 fueris
2486 4996 2501 5034 :
2572 4993 2674 5034 nec
2722 4978 3026 5033 reverearis
3091 4993 3158 5033 eo
3214 4981 3359 5046 quod

159 5065 243 5128 ταῖς
266 5077 445 5137 κοιναῖς
474 5072 736 5127 ἁπάντων
762 5071 915 5144 ὑμῶν
939 5073 1124 5144 εὐχαῖς
1144 5114 1159 5137 ,
1194 5077 1382 5145 χεῖρας
1407 5072 1507 5136 τὰς
1530 5073 1559 5126 ὑ
1567 5074 1684 5145 μῶν

1795 5068 2079 5138 opprobria
2154 5084 2317 5138 passa
2392 5070 2492 5125 sis.
2556 5067 2826 5136 Quoniam
2871 5078 3148 5140 perpetua:
3211 5070 3358 5141 igno-

165 5153 292 5212 αὐτῶν
317 5151 536 5236 ὀρέξας,
574 5163 826 5235 ἐξήγειρε
872 5165 965 5217 καὶ
1010 5164 1372 5236 ἐξανέστησε,
1407 5163 1543 5217 Θεοῦ
1587 5164 1682 5219 τοῦ

1795 5160 1968 5215 minia:
2025 5160 2388 5229 obliviaceris,
2448 5169 2503 5216 et
2562 5160 2751 5230 probri
2792 5160 3074 5216 viduitatis
3117 5170 3222 5216 tua:
3252 5176 3353 5217 nou

164 5252 485 5322 παμϐασιλέως
513 5258 770 5328 νεύματι,
800 5257 895 5311 καὶ
927 5257 1025 5327 τῆς
1060 5256 1234 5328 Ἰησοῦ
1262 5255 1498 5329 Χριστοῦ
1525 5255 1683 5310 δυνά-

1795 5254 2186 5322 recordaberis,
2236 5268 2341 5309 non
2387 5263 2448 5308 ut
2503 5253 2785 5308 mulierem
2836 5253 3109 5310 desertam
3149 5264 3206 5308 et
3260 5268 3345 5323 pn-

166 5353 270 5407 μεως
305 5350 588 5421 ἐπιφανείᾳ
611 5389 626 5413 ,
665 5349 920 5420 τοιαύτην
969 5366 1030 5403 τε
1068 5351 1376 5422 ἀναστήσας
1410 5349 1678 5419 κατεστή-

1795 5345 2108 5403 sillauimem
2152 5346 2367 5402 vocavit
2419 5354 2470 5401 te
2524 5345 2807 5413 Dominus,
2861 5360 3036 5416 neque
3117 5352 3178 5399 nt
3235 5359 3336 5397 mn

166 5443 284 5499 οπο,
309 5442 410 5497 οἵαν
438 5444 507 5495 ἐκ
541 5445 647 5513 τῆς
681 5439 787 5493 τῶν
823 5440 981 5513 ἱερῶν
1010 5441 1274 5513 χρησμῶν
1313 5439 1677 5512 καταγραφῆς

1795 5438 1975 5492 lierem
2043 5438 2114 5494 ab
2204 5436 2570 5493 adolescentia
2650 5438 2780 5495 odio
2868 5437 3134 5495 habitam.
3207 5433 3356 5489 Dixit

213 5545 484 5623 "lsa.t.xt,
507 5556 599 5620 10,
632 5556 720 5611 il.

161 3323 212 3377 ἴδε
236 3327 541 3399 συνηγμένα
572 3326 643 3380 τὰ
678 3326 842 3382 τέκνα
888 3344 981 3381 σου
1003 3344 1015 3357 ·
1070 3328 1180 3384 ἰδοὺ
1229 3329 1569 3401 συνήχθησαν
1603 3328 1700 3383 καὶ

158 3409 280 3485 ἦλθον
321 3417 456 3490 πρὸς
502 3422 591 3472 σέ·
632 3418 710 3484 ζῶ
743 3419 887 3487 ἐγὼ,
919 3419 1066 3489 λέγει
1095 3421 1298 3494 Κύριος
1320 3438 1335 3452 ο
1378 3421 1459 3474 ὅτι
1492 3421 1700 3486 πάντας

160 3508 312 3572 αὐτοὺς
356 3510 431 3574 ὡς
474 3512 682 3583 κόσμον
713 3510 909 3585 ἐνδύσῃ
942 3512 1036 3566 καὶ
1082 3513 1354 3587 περιθήσῃ
1391 3514 1588 3577 αὐτοὺς
1621 3512 1699 3577 ὡς

160 3599 314 3671 κόσμον
358 3602 579 3675 νύμφης
607 3619 623 3634 ·
663 3604 746 3657 ὅτι
778 3603 845 3657 τὰ
879 3603 1060 3677 ἔρημά
1094 3623 1190 3659 σου
1222 3605 1316 3659 καὶ
1347 3605 1415 3659 τὰ
1441 3604 1697 3676 διεφθαρ-

163 3692 261 3760 μένα
282 3695 372 3750 καὶ
402 3697 471 3749 τὰ
498 3696 996 3762 καταπεπτωκότα,
1037 3697 1133 3751 νῦν
1170 3699 1563 3771 στενοχωρήσει
1590 3695 1698 3751 ἀπὸ

160 3784 235 3837 τῶν
259 3788 654 3842 κατοικούντων
684 3805 744 3841 σε
771 3806 785 3819 ο
827 3790 921 3843 καὶ
952 3789 1424 3862 μακρυνθήσονται
1461 3789 1567 3843 ἀπὸ
1602 3789 1696 3843 σοῦ

160 3876 580 3945 οὶκαταπένοντές
618 3897 702 3936 σε.
746 3879 960 3951 Ἐροῦσι
996 3879 1105 3953 γὰρ
1135 3883 1213 3946 εἰς
1246 3882 1313 3935 τὰ
1355 3874 1467 3935 ὧτά
1506 3898 1600 3935 σου
1645 3880 1695 3933 οἱ

161 3966 233 4019 υἱοί
254 3986 330 4023 σου
353 3969 450 4035 οὓς
475 3967 833 4032 ἀπολώλεκας
860 3983 873 3996 ’
893 3970 1087 4034 Στενός
1123 3989 1211 4043 μοι
1240 3972 1268 4024 ὁ
1311 3972 1503 4035 τόπος’
1533 3971 1695 4042 ποίη-

162 4057 223 4109 σόν
242 4077 312 4130 μοι
334 4063 504 4118 τόπον
530 4060 621 4116 ἵνα
650 4062 964 4133 κατοικήσω
986 4079 999 4092 ·
1032 4063 1126 4116 καὶ
1156 4064 1299 4136 ἐρεῖς
1326 4067 1383 4118 ἐν
1409 4065 1474 4133 τῇ
1500 4062 1695 4135 καρδίᾳ

162 4154 345 4218 σουοτίς
372 4152 641 4226 ἐγέννησέ
678 4170 768 4224 μοι
794 4150 1052 4218 τούτουςς
1088 4153 1200 4225 ἐγὼ
1256 4155 1312 4208 δὲ
1356 4155 1578 4218 ἄτεκνος
1603 4154 1695 4209 καὶ

161 4242 291 4314 κῆρα·
320 4246 550 4310 τούτους
575 4244 633 4299 δὲ
659 4246 744 4307 τίς
768 4244 1025 4317 ἐξέθρεψέ
1061 4265 1184 4319 μοι;
1217 4248 1326 4317 ἐγὼ
1355 4246 1412 4301 δὲ
1449 4248 1692 4301 κατελεί-

1782 5691 2004 5751 Theclm.
2035 5704 2158 5757 pag.
2189 5689 2256 5744 10
2291 5688 2545 5745 editionis
2577 5684 3033 5757 Antwerpiensis,
3057 5693 3326 5757 Δειινυμ.‹ρο

1781 5752 2133 5831 στολισθῆναῖ
2159 5761 2299 5827 apud
2324 5763 2592 5831 eumdem,
2632 5774 2685 5827 p.
2712 5752 2821 5831 4οξ
2867 5752 3139 5811 Musculus
3168 5764 3351 5808 tamen

1786 5851 1804 5886 ι
1839 5827 2267 5900 paranvmphum
2309 5848 2328 5882 ι
2362 5830 2540 5896 vertit,
2571 5841 2682 5883 non
2711 5827 2877 5886 male.

218 5680 302 5752 (3|)
339 5691 383 5744 ’0
405 5695 834 5764 νυμφοστόλος
860 5694 982 5750 ὅδε.
1020 5689 1188 5764 Recte
1215 5688 1670 5764 Christophorso-

171 5760 278 5830 {‘E'St
303 5760 497 5830 δροππεξὲ
515 5760 896 5819 exornatorem
935 5783 955 5814 ι
983 5762 1168 5817 vertit.
1208 5761 1340 5830 hinc
1370 5775 1645 5830 νυμφοστο

173 5777 243 5827 ηξιδ
263 5777 278 5805 ι
303 5777 494 5830 sponsa:
515 5777 896 5819 exornatorem
935 5783 955 5814 ι
983 5777 1168 5817 vertit.
1214 5777 1340 5819 nmc
1370 5777 1432 5812 νυ
1481 5777 1645 5829 φοστο

171 5812 378 5893 humu]
400 5834 660 5889 Basiliam
693 5833 1074 5890 Seleucensem
1116 5834 1170 5886 in
1205 5829 1344 5885 libro
1378 5846 1394 5884 I
1427 5777 1504 5884 Bc
1566 5831 1670 5885 vita
