3860 6532
3458 12 3747 61 Υπθττ

464 375 572 433 οτι
1182 373 1453 434 EUSEBI!
1488 372 1977 432 CESARIENSIS
2012 373 2166 436 ουρ.
2208 376 2391 435 PARS
2426 362 2469 433 l.
2507 405 2582 420 --
2617 375 3017 435 HISTORICA.
3602 386 3700 444 87!

470 499 616 553 Deus
659 503 848 554 tuus:
904 493 1117 551 Modico
1183 504 1426 567 tempore
1488 495 1753 568 dereliqui
1818 507 1913 564 te;
2000 512 2039 553 ει

2155 497 2486 555 ἑδιδάσκετο.
2514 496 2711 571 Θαῦμα
2741 499 2839 571 μὲν
2868 493 2961 553 οὖν
2990 498 3244 572 μέγιστον
3274 499 3432 556 τοῦτο
3459 503 3545 557 καί
3571 505 3702 578 πέρα

470 589 635 661 383
675 590 728 644 in
762 589 1138 645 misericordia
1170 603 1364 659 magna
1404 588 1708 645 miserebor
1737 589 1837 644 tui.
1878 589 1933 644 lu
1963 590 2039 645 ira

2148 591 2329 661 πάσης
2376 590 2722 664 ἐκπλήξεως,
2770 592 3007 664 μάλιστα
3054 596 3168 659 τοῖς
3212 595 3307 648 ἐπὶ
3341 593 3473 667 μόνῃ
3506 599 3567 669 τῇ
3602 599 3703 654 τῶν

474 681 577 735 levi
602 681 773 736 averti
805 680 1000 735 faciem
1019 694 1195 734 meam
1238 680 1337 735 abs
1373 690 1468 748 te;
1503 689 1559 735 et
1588 683 1641 735 in
1674 682 2039 736 misericordia

2147 685 2348 753 ἔξωθεν
2387 686 2659 760 φαντασίᾳ
2682 687 2774 742 τὸν
2806 687 2932 743 νοῦν
2970 688 3385 761 προσανέχουσι.
3424 689 3704 762 Θαυμάτων

474 784 672 831 mlerna
702 775 999 829 miserebor
1021 774 1095 828 tui
1120 774 1289 836 .dixit
1312 774 1643 845 Redemptor
1672 775 1936 833 Dominus
1954 776 2041 836 ”:

471 864 740 933 Exsurge,
794 879 1044 931 exsurge,
1106 879 1228 934 qua:
1265 865 1452 921 bibisti
1519 867 1585 922 de
1621 882 1781 921 manu
1831 867 2045 924 Domini

472 959 700 1014 calicem
736 957 940 1012 furoris
972 956 1116 1027 ejus.
1144 957 1384 1014 Calicem
1438 960 1581 1015 enim
1635 962 1829 1028 ruinae,
1878 977 2046 1032 pocu-

469 1050 585 1105 lum
620 1050 825 1107 furoris
862 1051 963 1106 mei
1009 1052 1224 1107 ebibisti
1256 1062 1421 1123 atque
1463 1054 1797 1109 erbansisti:
1838 1063 1895 1109 et
1932 1069 2043 1109 non

467 1150 591 1197 erat
617 1143 713 1212 qui
742 1144 1119 1199 consolaretur
1146 1153 1199 1199 te
1228 1145 1281 1199 in
1313 1146 1569 1202 omnibus
1592 1146 1723 1202 {iliis
1764 1148 1873 1203 tuis
1907 1162 2045 1217 quos

464 1234 735 1306 genuisti:
772 1250 873 1290 nec
897 1246 1016 1290 erat
1040 1237 1130 1307 qui
1158 1236 1592 1307 apprehenderct
1620 1253 1840 1292 manum
1871 1248 2041 1294 tuam.

467 1329 611 1385 Ecce
658 1331 756 1385 tuli
801 1331 867 1387 de
912 1348 1075 1386 manu
1135 1342 1226 1388 tua
1272 1333 1500 1389 calicem
1547 1334 1739 1401 ruina,
1786 1336 2040 1404 poculum

465 1422 673 1480 furoris
704 1426 833 1479 mei.
872 1423 980 1481 Nec
1013 1426 1237 1498 adjicies
1277 1427 1419 1481 uitra
1458 1434 1518 1481 ut
1564 1427 1719 1483 bibas
1748 1427 1937 1483 illum:
1976 1428 2042 1483 Et

466 1516 609 1571 dabo
648 1515 797 1571 illum
847 1516 900 1571 in
951 1533 1144 1573 manus
1167 1534 1357 1573 eorum
1392 1520 1486 1588 qui
1528 1528 1581 1575 te
1609 1519 1871 1590 iniustitia
1914 1519 2042 1576 οπο-

467 1617 664 1663 cerunt
702 1624 767 1663 ac
812 1609 1221 1679 depresserunt.
1263 1610 1537 1681 Exsurge,
1582 1627 1836 1683 exsurge,
1881 1612 2043 1667 indue

464 1699 873 1768 fortitudinem,
924 1701 1089 1756 indue
1133 1701 1357 1770 gloriam
1393 1711 1560 1757 tuam.
1604 1702 1813 1758 Excute
1847 1703 2043 1775 pulve-

465 1808 583 1848 rem
623 1806 679 1848 et
718 1809 899 1865 surge.
948 1793 1123 1859 Sede,
1180 1794 1327 1848 solve
1376 1793 1658 1848 vinculum
1699 1795 1821 1850 colli
1865 1795 2037 1851 tui“.

463 1887 672 1942 Attolle
701 1889 1127 1958 circumquaque
1154 1888 1342 1944 oculos
1386 1899 1529 1954 tuos,
1559 1899 1615 1944 et
1641 1888 1762 1945 vide
1803 1904 2039 1958 congre-

465 1986 625 2048 gatos
671 1979 812 2034 filios
864 1989 1003 2034 tuos.
1046 1979 1188 2033 Ecce
1236 1980 1550 2050 congregati
1604 1989 1730 2035 sunt
1772 1991 1829 2036 et
1874 1995 2031 2036 vene-

467 2079 597 2124 runt
633 2070 700 2124 ad
740 2082 813 2126 te.
847 2069 988 2126 Vivo
1021 2085 1143 2142 ego,
1185 2071 1318 2127 dicit
1355 2071 1649 2127 Dominus:
1695 2072 1821 2141 quia
1858 2074 2042 2129 omni-

468 2166 572 2218 bus
610 2162 698 2217 bis
741 2163 886 2217 velut
910 2172 1240 2218 ornamento
1281 2164 1552 2224 vestieris.
1592 2175 1644 2218 et
1671 2165 2042 2223 circumdabis

469 2255 567 2310 tibi
601 2270 697 2311 eos
738 2256 893 2325 quasi
940 2266 1202 2311 ornatum
1238 2272 1456 2328 sponsa.
1504 2256 1642 2325 Quia
1686 2259 1903 2314 deserta
1952 2269 2041 2315 tua

466 2357 522 2401 et
568 2362 695 2417 quze
733 2357 988 2418 corrupta
1017 2359 1173 2403 erant
1203 2364 1267 2403 ac
1311 2348 1585 2419 prolapsa,
1630 2365 1774 2405 nunc
1809 2362 2040 2422 angusta

466 2451 631 2493 erunt
662 2439 1027 2510 iucolistuis;
1072 2452 1126 2497 et
1157 2440 1317 2511 longe
1354 2439 1483 2495 ﬁent
1527 2444 1625 2496 abs
1660 2450 1713 2496 te
1743 2442 1835 2512 qui
1880 2442 2043 2497 devo—

464 2534 669 2589 rabaut
699 2543 770 2588 te.
812 2535 1008 2589 Dicent
1047 2535 1191 2591 enim
1222 2534 1278 2589 in
1315 2548 1477 2589 aures
1508 2542 1634 2589 tuas
1668 2534 1763 2589 ﬁlii
1795 2535 1869 2589 tui
1904 2552 2039 2605 quos

466 2625 1102 2696 perdidistizhuguslus
1149 2636 1232 2681 est
1272 2626 1404 2681 mihi
1457 2627 1641 2695 locus;
1690 2629 1855 2684 facito
1907 2631 2038 2685 mihi

470 2716 647 2773 locum
681 2727 742 2772 ut
784 2717 1110 2774 inhabilem.
1158 2720 1225 2774 Et
1271 2719 1418 2776 dices
1460 2720 1515 2775 in
1548 2722 1713 2776 corde
1745 2730 1869 2776 tuo:
1908 2721 2042 2789 Quis

463 2806 603 2864 Istos
650 2808 837 2877 genuit
878 2808 1049 2863 mihi?
1090 2808 1200 2878 Ego
1242 2810 1375 2865 orba
1406 2819 1459 2865 et
1490 2811 1674 2867 vidua.
1717 2811 1830 2869 llos
1862 2825 2042 2870 autem

462 2901 592 2972 quis
631 2901 889 2955 educavit
928 2900 1101 2954 mihi?
1150 2901 1260 2967 Ego
1301 2902 1558 2957 derelicta
1606 2919 1725 2959 sum
1775 2906 1924 2961 sola:
1974 2905 2039 2962 Hi

466 3007 600 3048 vero
647 2993 872 3048 ubinam
918 3001 1077 3047 erant
1118 2992 1296 3047 mihi?
1331 3011 1349 3045 ι
1402 2991 1528 3049 llaec
1576 2994 1744 3051 Isaias
1781 2997 2043 3053 vaticina-

465 3092 553 3138 ius
583 3084 758 3140 est”:
797 3085 911 3139 haec
939 3084 990 3138 in
1014 3085 1183 3140 sacris
1210 3084 1665 3142 Voluminibusde
1695 3087 1851 3143 nobis
1873 3089 2043 3143 multo

380 3210 387 3219 ο
465 3186 594 3232 ante
625 3179 940 3248 praescripta
975 3188 1157 3233 erant.
1200 3175 1466 3233 Caeterum
1511 3181 1802 3251 Oportebat
1840 3190 1899 3235 ut
1940 3184 2040 3237 ho-

2144 777 2205 831 δὲ
2246 776 2670 853 θαυμασιώτερα
2711 781 2783 836 τά
2822 799 2883 835 τε
2932 780 3245 854 ἀρχέτυπα,
3288 782 3382 836 καὶ
3422 781 3613 837 τούτων
3639 787 3704 841 τὲ

2146 871 2481 943 πρωτότυπα
2506 871 2674 944 νοητά
2702 873 2796 926 καὶ
2823 872 3103 944 θεοπρεπῆ
3143 873 3583 946 παραδείγματα,
3612 877 3703 949 τῆς

2145 962 2330 1016 ἐνθέου
2375 962 2519 1034 φημὶ
2564 964 2660 1017 καλ⁵
2697 963 2923 1035 λογικῆς
2949 956 3007 1017 ἐν
3034 965 3233 1036 ψυχαῖς
3265 966 3543 1040 οἰκοδομῆς
3580 966 3701 1023 ἀνα-

2143 1052 2430 1124 νεὼματω
2464 1054 2531 1126 ἥν
2562 1053 2725 1119 αὐτὸς
2760 1054 2790 1106 ὁ
2816 1055 3050 1123 Θεόπαις
3084 1060 3206 1111 κατ’
3240 1058 3421 1112 εἰκόνα
3444 1058 3536 1130 τὴν
3558 1061 3702 1126 αὐτὸς

2143 1141 2311 1198 αὐτοῦ
2355 1143 2765 1217 δημιουργήσας
2786 1185 2801 1210 ,
2838 1146 3012 1218 πάντη
3046 1163 3106 1199 τε
3147 1146 3242 1201 καὶ¹
3269 1147 3411 1201 κατά
3452 1147 3617 1202 πάντα
3645 1150 3702 1204 τὸ

2144 1231 2443 1286 θεοείκελον
2468 1233 2672 1307 δεδωρη
2682 1235 2859 1305 μένος,
2899 1235 3176 1308 ἄφθαρτον
3207 1236 3389 1307 φύσιν,
3416 1238 3700 1311 ἀσώματον,

2141 1325 2389 1397 λογικὴν,
2425 1326 2604 1398 πάσης
2636 1325 2873 1394 γεώδους
2907 1327 3040 1400 ὕλης
3066 1327 3373 1402 ἀλλοτρίαν,
3403 1330 3702 1405 αὑτονοεράν

2141 1421 2332 1475 οὐσίαν
2360 1421 2472 1493 (⁸52)
2493 1462 2508 1488 ,
2540 1421 2688 1487 ἅπαξ
2712 1422 2773 1475 τὸ
2805 1422 3023 1495 πρῶτον
3051 1424 3117 1477 ὲκ
3147 1423 3243 1477 τοῦ
3279 1423 3355 1496 μὴ
3384 1424 3530 1488 ὄντος
3555 1428 3622 1489 εἰς
3645 1426 3702 1480 τὸ

2143 1509 2282 1569 εἶναι
2321 1515 2750 1586 συστησάμενος,
2775 1514 2994 1588 νύμφην
3030 1516 3191 1586 ἁγίαν
3211 1555 3227 1581 ,
3257 1517 3354 1569 καί
3377 1516 3509 1571 νεὼν
3536 1519 3702 1572 πανπ-

2143 1623 2265 1679 ρον,
2313 1605 2491 1678 ἑαυτῷ
2522 1624 2581 1660 τε
2616 1608 2711 1660 καὶ¹
2751 1606 2830 1679 τῷ
2857 1608 3030 1678 Πατρὶ
3076 1608 3496 1680 κατειργάσατο.
3531 1612 3590 1663 Ὀ
3620 1612 3703 1664 καὶ

2143 1696 2332 1766 σαφῶς
2356 1698 2518 1762 αὐτὸς
2539 1698 2816 1770 ὁμολογῶν
2840 1699 3087 1769 ἐκφαίνει
3105 1740 3120 1765 ,
3145 1700 3323 1770 λέγων
3347 1716 3363 1730 ⁶
3395 1719 3416 1752 ι
3437 1700 3704 1773 Ἐνοικήσω

2144 1789 2202 1843 ἐν
2232 1790 2415 1855 αὐτοῖς
2439 1792 2533 1846 καὶ
2555 1792 3013 1865 ὲμπεριπατήσω,
3040 1793 3133 1846 καὶ
3156 1791 3352 1866 ἔσομαι
3377 1793 3549 1847 αὐτῶν
3568 1794 3702 1859 Θεὸς,

2148 1880 2245 1934 καὶ
2278 1880 2433 1935 αὐτοὶ
2476 1880 2690 1935 ἔσονταί
2733 1899 2826 1953 μοι
2871 1881 3017 1946 λαός.
3046 1899 3065 1932 ι
3117 1882 3229 1936 Καὶ
3275 1882 3499 1954 τοιαύτη
3542 1882 3628 1954 μὲν
3667 1885 3701 1957 δι

2147 1972 2329 2026 τελεία
2360 1974 2456 2027 καὶ
2484 1972 2871 2046 κεκαθαρμένη
2905 1973 3051 2046 ψυχὴ
3070 2013 3085 2037 ,
3134 1973 3375 2046 ἀρχῆθεν
3406 1973 3543 2027 οὕτω
3567 1991 3705 2044 γεγε-

2148 2066 2355 2137 νημένη
2381 2105 2409 2145 ,1
2454 2066 2540 2120 οἵα
2590 2067 2683 2120 τὸν
2730 2066 2982 2141 οὐράνιον
3029 2067 3186 2135 λόγον
3235 2066 3702 2139 ἀγαλματοφορεῖν.

2161 2157 2322 2213 Ἀλλά
2357 2157 2467 2230 γὰρ
2498 2158 2677 2231 φθόνῳ
2702 2158 2799 2212 καὶ
2834 2157 2981 2232 ζήλῳ
3021 2159 3115 2213 τοῦ
3147 2159 3508 2232 φιλοπονὴρου
3533 2161 3703 2232 δαίμοο

2148 2271 2257 2319 νος,
2288 2253 2590 2327 φιλοπαθὴς
2610 2254 2705 2308 καὶ
2727 2253 3086 2325 φιλοπόνηρος
3120 2252 3179 2319 ἐξ
3204 2252 3547 2319 αὐτεξουσὶου
3574 2251 3705 2325 αἱρέ-

2150 2362 2288 2410 σεως
2322 2344 2587 2418 γενομένη
2607 2385 2622 2408 ,
2652 2344 3184 2416 ὑπαναχωρήσαντος
3225 2343 3401 2414 αὐτῆς
3429 2342 3522 2397 τοῦ
3548 2343 3702 2406 Galea,

2148 2438 2227 2501 ῶς
2250 2436 2316 2491 ἂν
2344 2436 2550 2509 ἔρημος
2572 2436 2899 2508 προστάτου,
2928 2434 3195 2498 εὐάλωτος
3216 2435 3311 2488 καὶ
3336 2435 3418 2499 είς
3439 2434 3707 2505 ἐπιϐουλὴν

2147 2528 2380 2601 εὐχερὴς
2395 2532 2505 2593 τοῖς
2523 2529 2587 2582 ὲκ
2609 2528 2820 2600 μακροῦ
2840 2526 3123 2595 διαφθονου
3131 2525 3311 2597 μένοις
3329 2525 3705 2597 ἀπεληλεγκται

2150 2622 2283 2693 (35),
2295 2623 2417 2685 ταῖς
2435 2637 2495 2673 τε
2513 2619 2620 2674 τῶν
2636 2618 2883 2689 ἀοράτων
2899 2617 3107 2690 ἐχθρῶν
3127 2617 3220 2672 καὶ
3236 2617 3444 2690 νοητῶν
3459 2618 3708 2689 πολεμίων

2148 2710 2424 2766 ἑλεπόλεσι
2454 2710 2548 2764 καὶ
2593 2712 2861 2782 μηχαναῖς
2895 2707 3320 2778 καταϐληθεῖσα.
3351 2708 3548 2779 πτῶμα
3580 2706 3710 2775 ἐξαί-

2151 2821 2264 2859 σιον
2297 2803 2751 2863 καταπέπτωκεν,
2782 2803 2862 2866 εἰς
2890 2802 3012 2855 ὅσον
3050 2801 3161 2854 οὐδ’
3183 2801 3277 2853 ἐπὶ
3309 2800 3445 2872 λίθῳ
3466 2799 3609 2853 λίθον
3623 2801 3711 2872 τῆς

2148 2897 2352 2969 ἀρετῆς
2376 2896 2587 2949 ἑστῶτα
2612 2896 2669 2949 ἐν
2696 2895 2832 2965 αὐτῇ
2860 2892 3152 2965 διαμεῖναι,
3187 2893 3318 2965 ὃλην
3337 2892 3396 2946 δὲ
3425 2890 3593 2945 διόλου
3621 2907 3712 2962 χα-

2151 2991 2253 3063 μαὶ
2284 2989 2496 3045 κεῖσθαι
2546 2988 2767 3062 νεκρὰν,
2798 2987 2905 3041 τῶν
2927 2988 3054 3060 περὶ
3077 2985 3209 3040 Θεοῦ
3241 2984 3488 3056 φυσικῶν
3511 2983 3712 3038 ἐννοιῶν

2150 3082 2381 3154 πάμπαν
2401 3079 2875 3153 ἀπεστερημένην.
2896 3078 3257 3131 Πεπτωκυῖαν
3281 3075 3348 3148 δὴ
3373 3075 3573 3146 ταύτην
3595 3074 3712 3129 ὲκει

2148 3190 2248 3247 νην
2275 3173 2373 3247 τὴν
2404 3174 2527 3228 κατ’
2557 3172 2739 3227 εἰκόνα
2764 3169 2898 3225 Θεοῦ
2936 3170 3496 3235 κατασκευασθεῖσαν,
3529 3170 3710 3242 ἐλυμηι

465 3287 590 3326 rum
640 3272 930 3326 verborum
983 3271 1269 3326 veritatem
1324 3272 1489 3326 rebus
1547 3272 1678 3343 ipsis
1714 3274 2039 3343 completam

2144 3284 2272 3322 varo
2298 3268 2398 3339 οὐχ
2423 3259 2489 3332 ὗς
2515 3258 2669 3330 οὗτος
2691 3267 2721 3319 ὁ
2748 3266 2813 3318 ὲκ
2840 3263 3044 3337 δρυμοῦ
3074 3261 3168 3316 τοῦ
3196 3265 3325 3334 παρ’
3349 3263 3482 3333 ἡμῖν
3508 3262 3711 3334 ὁρατοῦ,

466 3362 687 3417 tandem
720 3360 1118 3430 acciperemus.
1151 3359 1420 3425 Quoniam
1450 3360 1615 3430 igitur
1642 3377 1873 3433 sponsus
1902 3364 2041 3420 Ver-

464 3453 596 3508 bum
630 3454 725 3507 Dei
767 3455 881 3507 haec
910 3466 1126 3522 sponsa:
1156 3467 1289 3516 sum,
1316 3464 1680 3511 sacrosancta:
1704 3457 1913 3513 scilicet
1941 3459 2045 3513 Ec-

466 3545 673 3609 clesiae,
724 3546 1046 3615 prolocutus
1088 3549 1285 3612 fuerat,
1322 3554 1470 3600 recte
1510 3556 1678 3617 atque
1721 3548 1911 3605 ordine
1942 3565 2043 3604 no-

465 3645 583 3692 ster
632 3638 735 3691 iste
790 3651 1002 3707 sponsa:
1047 3636 1315 3703 vestitur,
1361 3637 1502 3692 hanc
1552 3640 1819 3692 desertam
1855 3649 1910 3695 et
1948 3656 2042 3694 va-

464 3743 655 3792 cuam,
692 3737 748 3781 et
787 3735 1040 3798 tanquam
1079 3729 1312 3783 cadaver
1346 3728 1495 3784 humi
1533 3731 1829 3797 iacentem,
1866 3733 2043 3788 omni-

465 3834 577 3891 que
615 3819 855 3875 humana
890 3834 985 3888 spe
1016 3819 1357 3886 destitutam,
1388 3821 1767 3876 communibus
1799 3823 2039 3877 omnium

465 3921 714 3967 vestrum
775 3909 1059 3981 precibus,
1112 3926 1308 3967 manus
1358 3913 1407 3968 ei
1460 3921 1673 3968 vestras
1718 3913 2038 3984 porrigens,

467 4002 567 4057 Dei
601 4002 803 4057 summi
851 4002 1091 4055 onmium
1125 4002 1287 4073 Regis
1314 4012 1474 4070 nutu,
1516 4012 1573 4058 et
1617 4006 1868 4073 praesenti
1914 4004 2040 4060 Jesu

462 4093 673 4149 Christi
711 4093 953 4162 potentia
1001 4094 1177 4149 erexit
1221 4104 1387 4166 atque
1417 4095 1696 4150 excitavit.
1738 4095 2041 4152 Excitatam

462 4200 601 4241 vero
633 4185 701 4239 ad
748 4199 871 4239 eum
906 4187 1123 4240 modum
1156 4186 1442 4242 constituit
1469 4202 1536 4241 ac
1565 4187 1852 4258 disposuit,
1880 4203 2040 4259 quem

457 4293 534 4333 ex
586 4293 866 4334 sacrorum
919 4279 1267 4334 oraculorum
1331 4279 1703 4349 descriptione
1751 4280 2038 4335 didicerat.

462 4370 567 4425 Est
614 4365 829 4439 quidem
876 4368 979 4423 hoc
1027 4384 1161 4439 opus
1201 4366 1548 4438 miraculum,
1586 4380 1640 4424 et
1676 4371 1823 4425 omni
1870 4372 2044 4429 admi-

469 4461 681 4516 ratione
718 4458 913 4528 majus,
961 4460 1028 4516 iis
1053 4461 1358 4531 praesertim
1383 4458 1478 4532 qui
1523 4462 1590 4517 ad
1630 4462 1804 4517 solam
1855 4478 2039 4518 rerum

2142 3356 2280 3412 ἀλλά
2313 3374 2397 3421 τις
2427 3356 2749 3429 φθοροποιὸς
2773 3355 3012 3427 δαίμων,
3056 3352 3152 3406 καὶ
3191 3351 3360 3424 θῆρες
3388 3353 3569 3427 ἄγριοι
3605 3370 3712 3423 νοη-

2141 3450 2263 3503 τοί·
2308 3448 2357 3502 οἳ
2397 3448 2637 3512 καὶτοῖς
2679 3438 2911 3502 πάθεσιν
2944 3440 3033 3499 οἷα
3076 3446 3597 3517 πεπυρακτωμένοις
3623 3445 3711 3515 τῆς

2144 3541 2293 3610 σφῶν
2322 3542 2520 3605 κακίας
2549 3540 2760 3612 βέλεσιν
2784 3539 2895 3608 (54)
2923 3537 3091 3610 αὐτὴν
3117 3537 3512 3609 ὲξυφάψαντες.
3537 3540 3710 3593 Evam}-

2146 3650 2302 3706 ρισαν
2344 3635 2402 3686 ὲν
2447 3632 2582 3705 πυρὶ
2614 3632 2675 3686 τὸ
2701 3632 2844 3685 θεῖον
2872 3630 3038 3695 ὅντως
3065 3631 3423 3705 ἀγιαστήριον
3450 3633 3543 3687 τοῦ
3568 3632 3709 3696 Θεοῦ,

2143 3728 2225 3790 εἰς
2251 3725 2347 3798 τὴν
2371 3726 2474 3798 γῆν
2500 3741 2559 3779 τε
2585 3725 2929 3797 ὲὸεϐήλωσαν
2959 3724 3018 3778 τὸ
3047 3725 3312 3796 σκήνωμα
3343 3723 3441 3778 τοῦ
3471 3725 3709 3797 ὀνόματος

2142 3817 2334 3872 αὐτοῦ·
2370 3813 2489 3871 εἶτα
2524 3816 2703 3888 πολλῷ
2731 3816 2809 3888 τῷ
2836 3816 3192 3889 προσχώματι
3235 3816 3335 3887 τῆν
3376 3816 3564 3870 ἀθλίαν
3596 3833 3707 3871 κατ-

2144 3910 2462 3982 ορύξαντες,
2487 3912 2566 3975 είς
2596 3908 2916 3964 ἀνέλπιστον
2946 3909 3125 3980 πάσης
3152 3909 3519 3983 περιέτρεψαν
3552 3926 3706 3980 σωτη-

2145 4003 2285 4076 ρίας.
2326 4002 2464 4056 Ἀλλ’
2497 4003 2591 4072 ὅγε
2620 4000 2872 4073 κηδεμὼν
2905 4002 3076 4073 αὐτῆς
3106 4003 3310 4072 Λόγος,
3354 4005 3385 4057 ὁ
3426 4002 3705 4074 θεοφεγγὴς

2143 4094 2240 4149 καὶ
2269 4094 2555 4167 σωτήριος,
2586 4094 2685 4165 τὴν
2715 4094 2836 4147 κατ’
2870 4094 3028 4161 ἀξίαν
3073 4094 3227 4166 δίκην
3258 4096 3370 4149 τῶν
3396 4096 3706 4170 ἁμάρτημά·
3786 4150 3790 4159 ,

2141 4204 2250 4241 των
2280 4186 2644 4257 ὖποσχοῦσαν,
2678 4181 2835 4251 αὖθις
2865 4186 3180 4259 ὲξυπαρχῆς
3212 4186 3579 4260 ἀνελάμϐανε,
3611 4189 3708 4242 Πα-

2142 4277 2271 4350 τρὸς
2301 4276 2615 4348 παναγάθου
2647 4276 3026 4351 φιλανθρωπίᾳ
3069 4277 3412 4350 πειθόμενος.
3456 4280 3627 4342 Δῦτάς
3650 4280 3705 4350 δὴ

2141 4366 2235 4424 οὖν
2267 4370 2487 4443 πρώτας
2531 4370 2630 4436 τὰς
2665 4371 2774 4425 τῶν
2818 4371 3077 4426 ἀνωτάτω
3109 4370 3510 4441 βασιλευόντων
3548 4372 3705 4443 ψυχὰς

2144 4461 2535 4533 προελόμενος,
2578 4463 2689 4518 τῶν
2730 4464 2827 4536 μὲν
2865 4463 3140 4517 δυσσεόῶν
3166 4466 3263 4519 καὶ
3294 4466 3554 4539 ὀλεθρίων
3587 4465 3707 4520 πάν-

469 4554 797 4608 exteriorum
845 4551 1081 4621 speciem
1117 4552 1425 4607 attendunt.
1468 4550 1733 4608 Omnibus
1771 4568 1902 4609 vero
1931 4555 2038 4609 mi-

2144 4569 2250 4605 των
2273 4592 2289 4617 ,
2320 4548 2501 4606 αὐτῶν
2529 4571 2589 4607 τε
2620 4553 2727 4609 τῶν
2758 4553 2945 4607 δεινῶν
2980 4554 3075 4608 καὶ
3107 4554 3381 4626 θεομισῶν
3424 4556 3704 4628 τυράννων,

469 4647 672 4702 racnlis
709 4644 1040 4699 mirabiliora
1076 4645 1243 4718 384
1285 4654 1410 4701 sunt
1452 4647 1785 4718 archetypa,
1823 4656 1878 4702 et
1920 4648 2036 4717 pri-

469 4740 669 4792 mitivae
713 4753 899 4794 eorum
949 4738 1252 4809 imagines,
1294 4738 1561 4810 spiritalia
1609 4738 1829 4808 Deoque
1877 4739 2038 4809 digna

2143 4644 2242 4715 τὴν
2267 4644 2590 4718 οἰκουμένην
2621 4646 2836 4701 ἅπασαν
2864 4646 2932 4699 δι’
2955 4646 3134 4700 αὐτῶν
3162 4647 3272 4702 τῶν
3295 4646 3705 4719 θεοφιλεστάτων

2146 4735 2485 4809 ὲκαθήρατο,
2527 4734 2647 4792 εἶτα
2690 4738 2745 4793 δὲ
2790 4739 2916 4804 τοὺς
2959 4738 3108 4811 αὑτῷ
3150 4738 3463 4812 γνωρίμους
3503 4740 3704 4814 ἄνδρας,

538 4878 586 4911 ⁸³
619 4876 721 4932 lsa.
757 4892 866 4942 uv,
905 4877 1020 4933 4-8.
1096 4877 1277 4934 ⁸⁸1ςιι.
1315 4894 1390 4944 ιι,
1426 4879 1632 4951 17-25;
1658 4897 1767 4948 ιιι,
1810 4883 1927 4937 1-2.
1996 4882 2039 4916 ⁸·

2144 4896 2181 4937 ι.
2209 4895 2356 4944 xux,
2385 4879 2591 4947 ιδεμ,

541 5010 1065 5083 (52).Αῠτονοερὰν
1090 5015 1329 5069 οὐσίαν.
1364 5014 1456 5071 Sic
1479 5015 1711 5069 animam
1744 5016 2036 5073 humanam

467 5092 627 5155 vocat
657 5080 1114 5155 Eusebius,'qnod
1154 5087 1223 5140 sit
1255 5100 1353 5155 per
1377 5100 1435 5140 se
1475 5095 1531 5139 et
1557 5097 1749 5139 natura
1804 5103 1899 5142 sua
1953 5089 2038 5142 in-

472 5152 736 5229 telligens.
800 5152 1270 5229 Sic_phi_losophi'
1315 5156 1539 5229 vespae
1577 5155 1766 5229 οὐσίας
1833 5167 2038 5229 vocant

474 5223 802 5297 substantias
823 5224 1137 5297 __spi_ritales,
1164 5223 1300 5294 quas
1332 5223 1491 5297 vulgo
1509 5226 1915 5297 iintelligentias
1941 5243 2037 5281 vo-

475 5309 676 5347 ramus.
708 5296 777 5346 At
814 5294 1337 5368 Christophorsonus
1364 5294 1556 5368 νοέράν
1622 5294 1762 5351 idein
1828 5299 2035 5368 putavit

476 5377 588 5416 esse
625 5377 690 5417 ac
748 5365 975 5434 νοητήν,
1032 5368 1178 5433 gravi
1237 5381 1447 5420 errore.
1502 5366 1591 5421 Sic
1629 5369 1771 5421 enim
1829 5365 2032 5422 vertit:

480 5450 496 5480 ι
528 5435 894 5507 substantiam
922 5436 1032 5507 sola
1071 5435 1667 5507 mentisintelligentim
1689 5438 1960 5507 cognitam
1984 5440 2033 5493 ei

476 5502 739 5579 tribuens.
754 5505 940 5579 “liqui
965 5520 1216 5579 magnum
1237 5502 1530 5579 discrimen
1560 5502 1807 5579 estinter
1821 5508 2033 5579 νοητόν,

476 5572 525 5646 id
561 5573 1057 5646 cst_,_intelligibile.
1077 5575 1504 5646 etvoepévmnod
1533 5585 1615 5629 est
1645 5572 2029 5632 intellectuale.

476 5641 607 5703 Nam
629 5643 899 5713 liliimmra
952 5644 1102 5713 verbi
1134 5641 1331 5713 gratia,
1370 5656 1424 5699 et
1457 5647 1760 5713 hnjusmodi
1820 5647 2034 5702 intelle-

475 5721 591 5788 ctus
621 5709 893 5778 ﬁgmenta,
929 5712 1110 5788 νοητάΔ
1138 5709 1629 5788 ξιιιιιεξεεά-νοέρᾷ
1672 5731 2031 5788 nequaquam.

476 5776 673 5857 Eadem
699 5795 814 5857 vox_
832 5776 1074 5837 occurrit
1099 5783 1261 5838 inlra.
1288 5776 1579 5857 Nebridius
1617 5776 1936 5857 inﬂepistdla
1964 5788 2027 5843 7l

477 5848 545 5901 aii
592 5848 951 5916 Augustinum
1022 5862 1310 5921 utrumque
1381 5854 1585 5923 optime
1652 5848 1903 5910 disiinxit
1950 5859 2034 5913 his

2144 5020 2349 5076 verbis.
2396 5020 2609 5092 Potest,
2638 5022 2783 5076 enim
2828 5021 3278 5092 quemadmodum
3335 5023 3704 5080 intellectualis

2145 5092 2358 5146 animus
2385 5091 2451 5145 ad
2487 5091 2975 5162 iutelligibilia’sua
3008 5094 3233 5148 videnda
3268 5109 3300 5148 a
3332 5110 3500 5150 sensu
3529 5097 3704 5150 admo-

2143 5171 2909 5304 nezggifd‘izzgworovpérmc
2968 5230 3436 5304 ἀπελήλργκται.
3507 5235 3596 5289 Sic
3654 5234 3699 5287 in

2144 5303 2299 5377 codd.
2329 5301 2859 5377 Medicmo__et_'bla_z.
2894 5305 3148 5377 scribitur
3194 5301 3294 5377 pro
3326 5306 3478 5377 vulg.
3518 5304 3699 5377 ἀπολέ-

2141 5372 2376 5429 λειπται.
2413 5374 2564 5437 Quod
2597 5373 2734 5428 Rob.
2790 5375 3098 5443 Stephanus
3137 5372 3524 5443 adnotavefat.
3556 5375 3700 5428 Eatu-

2135 5445 2254 5524 (ιε-ιη
2290 5458 2505 5513 quoque
2541 5445 2870 5514 scripturam
2893 5441 3078 5499 habet
3105 5448 3283 5500 codex
3330 5441 3473 5500 Fuk.
3504 5456 3559 5501 et
3609 5445 3699 5499 Sa-

2133 5514 2966 5654 _HI(.54)IIs:wpaxtwpér0t¢...
2987 5584 3262 5650 βέλεσιν.
3289 5584 3545 5654 lnteiligit
3573 5582 3696 5639 male

2133 5652 2324 5725 leolos,
2356 5664 2410 5725 et
2438 5652 2745 5725 hujusmodi
2800 5656 3132 5711 incendiaria
3190 5656 3317 5720 tela,
3356 5665 3419 5709 ut
3474 5652 3698 5725 loquitur

2131 5724 2315 5776 Amm.
2359 5722 2728 5781 Marcellinus.
2758 5724 2957 5780 Alludit
2998 5734 3176 5779 autem
3233 5727 3300 5779 ad
3335 5726 3514 5782 locum
3546 5722 3694 5779 'Pauli
3788 5762 3791 5767 ς

2132 5791 2387 5866 apostoli,
2429 5795 2519 5863 qui
2549 5795 2767 5852 Satanae
2822 5795 3009 5852 tribuit
3050 5795 3158 5850 tela
3205 5796 3458 5853 ardentia
3510 5796 3697 5866 quibus

2133 5863 2378 5919 homines
2402 5873 2700 5934 Oppugnat.
