  <div class='ocr_page' id='page_1' title='image "/cluster/home/n/w/nwhite01/storage/ocr_20150623/20/hvd.32044012984548/444.png"; bbox 0 0 3860 6488; ppageno 0'>
   <div class='ocr_carea' id='block_1_1' title="bbox 145 327 2469 432">
    <p class='ocr_par' dir='ltr' id='par_1_1' title="bbox 145 327 2469 432">
     <span class='ocr_line' id='line_1_1' title="bbox 145 327 2469 432; baseline -0.005 0"><span class='ocrx_word' id='word_1_1' title='bbox 145 376 226 432; x_wconf 73' lang='grc' dir='ltr'>ςπ</span> <span class='ocrx_word' id='word_1_2' title='bbox 502 370 506 377; x_wconf 83' lang='grc'><strong>’</strong></span> <span class='ocrx_word' id='word_1_3' title='bbox 1123 327 1481 428; x_wconf 56' lang='lat' dir='ltr'><strong>merome:</strong></span> <span class='ocrx_word' id='word_1_4' title='bbox 1522 366 2092 427; x_wconf 65' lang='lat' dir='ltr'><strong>ECCLESIASTICE</strong></span> <span class='ocrx_word' id='word_1_5' title='bbox 2132 368 2262 423; x_wconf 83' lang='lat' dir='ltr'><strong>LIB.</strong></span> <span class='ocrx_word' id='word_1_6' title='bbox 2307 367 2374 422; x_wconf 84' lang='lat' dir='ltr'><strong>x.</strong></span> <span class='ocrx_word' id='word_1_7' title='bbox 2464 398 2469 405; x_wconf 67' lang='grc' dir='ltr'>ς</span> 
     </span>
    </p>
   </div>
   <div class='ocr_carea' id='block_1_2' title="bbox 3270 369 3379 425">
    <p class='ocr_par' dir='ltr' id='par_1_2' title="bbox 3270 369 3379 425">
     <span class='ocr_line' id='line_1_2' title="bbox 3270 369 3379 425; baseline 0 -1"><span class='ocrx_word' id='word_1_8' title='bbox 3270 369 3379 425; x_wconf 81' lang='lat'><strong>878</strong></span> 
     </span>
    </p>
   </div>
   <div class='ocr_carea' id='block_1_3' title="bbox 145 464 1690 563">
    <p class='ocr_par' dir='ltr' id='par_1_3' title="bbox 145 466 1690 563">
     <span class='ocr_line' id='line_1_3' title="bbox 145 466 1690 563; baseline 0.002 -20"><span class='ocrx_word' id='word_1_9' title='bbox 145 488 386 563; x_wconf 76' lang='grc' dir='ltr'>ριζόμεναι</span> <span class='ocrx_word' id='word_1_10' title='bbox 415 466 676 557; x_wconf 27' lang='grc' dir='ltr'>γλῶσσαι.</span> <span class='ocrx_word' id='word_1_11' title='bbox 701 470 834 542; x_wconf 72' lang='grc' dir='ltr'>ὧσεὶ</span> <span class='ocrx_word' id='word_1_12' title='bbox 868 490 1043 562; x_wconf 79' lang='grc' dir='ltr'>πυρός</span> <span class='ocrx_word' id='word_1_13' title='bbox 1066 507 1081 521; x_wconf 80' lang='grc'><em>’</em></span> <span class='ocrx_word' id='word_1_14' title='bbox 1118 491 1344 546; x_wconf 75' lang='grc' dir='ltr'>ἐκάθισέ</span> <span class='ocrx_word' id='word_1_15' title='bbox 1377 508 1437 544; x_wconf 84' lang='grc' dir='ltr'><strong>τε</strong></span> <span class='ocrx_word' id='word_1_16' title='bbox 1468 492 1557 561; x_wconf 75' lang='grc' dir='ltr'><strong>ἐφ’</strong></span> <span class='ocrx_word' id='word_1_17' title='bbox 1590 490 1690 546; x_wconf 71' lang='grc' dir='ltr'><strong>ἕνα</strong></span> 
     </span>
    </p>
   </div>
   <div class='ocr_carea' id='block_1_4' title="bbox 1798 464 3376 563">
    <p class='ocr_par' dir='ltr' id='par_1_4' title="bbox 1798 464 3376 560">
     <span class='ocr_line' id='line_1_4' title="bbox 1798 464 3376 560; baseline -0.001 -15"><span class='ocrx_word' id='word_1_18' title='bbox 1798 498 2039 545; x_wconf 87' lang='lat' dir='ltr'><strong>vestrum</strong></span> <span class='ocrx_word' id='word_1_19' title='bbox 2075 464 2508 559; x_wconf 80' lang='lat' dir='ltr'><strong>coagmentans;</strong></span> <span class='ocrx_word' id='word_1_20' title='bbox 2546 496 2607 544; x_wconf 94' lang='lat' dir='ltr'><strong>ut</strong></span> <span class='ocrx_word' id='word_1_21' title='bbox 2640 487 2760 545; x_wconf 83' lang='lat' dir='ltr'><strong>suis</strong></span> <span class='ocrx_word' id='word_1_22' title='bbox 2783 471 2931 560; x_wconf 76' lang='lat' dir='ltr'><strong>erga</strong></span> <span class='ocrx_word' id='word_1_23' title='bbox 2976 502 3074 545; x_wconf 79' lang='lat' dir='ltr'><strong>vos</strong></span> <span class='ocrx_word' id='word_1_24' title='bbox 3118 488 3376 560; x_wconf 74' lang='lat' dir='ltr'><strong>operibus</strong></span> 
     </span>
    </p>
   </div>
   <div class='ocr_carea' id='block_1_5' title="bbox 141 578 1686 655">
    <p class='ocr_par' dir='ltr' id='par_1_5' title="bbox 141 578 1686 655">
     <span class='ocr_line' id='line_1_5' title="bbox 141 578 1686 655; baseline -0.001 -19"><span class='ocrx_word' id='word_1_25' title='bbox 141 584 333 636; x_wconf 76' lang='grc' dir='ltr'>ἕκαστον</span> <span class='ocrx_word' id='word_1_26' title='bbox 376 579 575 633; x_wconf 83' lang='grc' dir='ltr'>αὐτῶν.</span> <span class='ocrx_word' id='word_1_27' title='bbox 627 578 765 633; x_wconf 86' lang='grc' dir='ltr'>Ἀλλ’</span> <span class='ocrx_word' id='word_1_28' title='bbox 807 583 866 634; x_wconf 83' lang='grc' dir='ltr'>ὲν</span> <span class='ocrx_word' id='word_1_29' title='bbox 911 582 1008 652; x_wconf 84' lang='grc' dir='ltr'>μὲν</span> <span class='ocrx_word' id='word_1_30' title='bbox 1061 581 1142 653; x_wconf 81' lang='grc' dir='ltr'>τῷ</span> <span class='ocrx_word' id='word_1_31' title='bbox 1184 583 1404 638; x_wconf 87' lang='grc' dir='ltr'>πάντων</span> <span class='ocrx_word' id='word_1_32' title='bbox 1444 582 1686 655; x_wconf 80' lang='grc' dir='ltr'>ἄρχοντι,</span> 
     </span>
    </p>
   </div>
   <div class='ocr_carea' id='block_1_6' title="bbox 140 670 1688 745">
    <p class='ocr_par' dir='ltr' id='par_1_6' title="bbox 140 670 1688 745">
     <span class='ocr_line' id='line_1_6' title="bbox 140 670 1688 745; baseline -0.001 -17"><span class='ocrx_word' id='word_1_33' title='bbox 140 674 247 736; x_wconf 72' lang='grc' dir='ltr'>ἴσως</span> <span class='ocrx_word' id='word_1_34' title='bbox 272 671 424 735; x_wconf 77' lang='grc' dir='ltr'>αὐτὸς</span> <span class='ocrx_word' id='word_1_35' title='bbox 453 670 573 735; x_wconf 85' lang='grc' dir='ltr'>ὅλος</span> <span class='ocrx_word' id='word_1_36' title='bbox 602 671 902 743; x_wconf 74' lang='grc' dir='ltr'><strong>ἐγκάθηται</strong></span> <span class='ocrx_word' id='word_1_37' title='bbox 936 672 1194 745; x_wconf 77' lang='grc' dir='ltr'>Χριστὸς,</span> <span class='ocrx_word' id='word_1_38' title='bbox 1223 674 1282 727; x_wconf 80' lang='grc' dir='ltr'>ὲν</span> <span class='ocrx_word' id='word_1_39' title='bbox 1323 672 1382 726; x_wconf 85' lang='grc' dir='ltr'>δὲ</span> <span class='ocrx_word' id='word_1_40' title='bbox 1422 676 1538 738; x_wconf 85' lang='grc' dir='ltr'>τοῖς</span> <span class='ocrx_word' id='word_1_41' title='bbox 1572 675 1688 745; x_wconf 86' lang='grc' dir='ltr'>μετ’</span> 
     </span>
    </p>
   </div>
   <div class='ocr_carea' id='block_1_7' title="bbox 138 762 1694 836">
    <p class='ocr_par' dir='ltr' id='par_1_7' title="bbox 138 762 1694 836">
     <span class='ocr_line' id='line_1_7' title="bbox 138 762 1694 836; baseline 0.001 -17"><span class='ocrx_word' id='word_1_42' title='bbox 138 765 271 820; x_wconf 82' lang='grc' dir='ltr'>αὑτὸν</span> <span class='ocrx_word' id='word_1_43' title='bbox 313 763 718 834; x_wconf 74' lang='grc' dir='ltr'>δευτερεύουσιν</span> <span class='ocrx_word' id='word_1_44' title='bbox 763 762 874 836; x_wconf 73' lang='grc'><strong>(46)</strong></span> <span class='ocrx_word' id='word_1_45' title='bbox 900 804 915 828; x_wconf 92' lang='grc'><strong>,</strong></span> <span class='ocrx_word' id='word_1_46' title='bbox 956 764 1238 835; x_wconf 82' lang='grc' dir='ltr'><strong>ἀναλόγως</strong></span> <span class='ocrx_word' id='word_1_47' title='bbox 1289 765 1520 820; x_wconf 83' lang='grc' dir='ltr'><strong>καθόσον</strong></span> <span class='ocrx_word' id='word_1_48' title='bbox 1561 768 1694 820; x_wconf 76' lang='grc' dir='ltr'>ἕκα-</span> 
     </span>
    </p>
   </div>
   <div class='ocr_carea' id='block_1_8' title="bbox 139 856 1687 928">
    <p class='ocr_par' dir='ltr' id='par_1_8' title="bbox 139 856 1687 928">
     <span class='ocr_line' id='line_1_8' title="bbox 139 856 1687 928; baseline 0.001 -17"><span class='ocrx_word' id='word_1_49' title='bbox 139 875 243 920; x_wconf 87' lang='grc' dir='ltr'>στος</span> <span class='ocrx_word' id='word_1_50' title='bbox 266 858 424 927; x_wconf 79' lang='grc' dir='ltr'>χωρεῖ</span> <span class='ocrx_word' id='word_1_51' title='bbox 452 856 694 927; x_wconf 75' lang='grc' dir='ltr'><strong>Χριστοῦ</strong></span> <span class='ocrx_word' id='word_1_52' title='bbox 728 856 1012 928; x_wconf 85' lang='grc' dir='ltr'>δυνάμεως</span> <span class='ocrx_word' id='word_1_53' title='bbox 1054 856 1151 911; x_wconf 79' lang='grc' dir='ltr'>καὶ</span> <span class='ocrx_word' id='word_1_54' title='bbox 1185 857 1505 928; x_wconf 84' lang='grc' dir='ltr'>Πνεύματος</span> <span class='ocrx_word' id='word_1_55' title='bbox 1528 858 1687 928; x_wconf 80' lang='grc' dir='ltr'>ἁγίου</span> 
     </span>
    </p>
   </div>
   <div class='ocr_carea' id='block_1_9' title="bbox 140 942 1691 1019">
    <p class='ocr_par' dir='ltr' id='par_1_9' title="bbox 140 942 1691 1019">
     <span class='ocr_line' id='line_1_9' title="bbox 140 942 1691 1019; baseline 0.002 -20"><span class='ocrx_word' id='word_1_56' title='bbox 140 946 425 1019; x_wconf 80' lang='grc' dir='ltr'>μερισμούς.</span> <span class='ocrx_word' id='word_1_57' title='bbox 463 946 653 1017; x_wconf 84' lang='grc' dir='ltr'>Βάθρα</span> <span class='ocrx_word' id='word_1_58' title='bbox 683 947 728 1000; x_wconf 90' lang='grc' dir='ltr'>δ’</span> <span class='ocrx_word' id='word_1_59' title='bbox 749 945 817 1000; x_wconf 83' lang='grc' dir='ltr'><strong>ἂν</strong></span> <span class='ocrx_word' id='word_1_60' title='bbox 842 942 952 1000; x_wconf 88' lang='grc' dir='ltr'>εἷεν</span> <span class='ocrx_word' id='word_1_61' title='bbox 978 948 1072 1001; x_wconf 76' lang='grc' dir='ltr'><strong>καὶ</strong></span> <span class='ocrx_word' id='word_1_62' title='bbox 1100 947 1369 1017; x_wconf 85' lang='grc' dir='ltr'>ἀγγέλων,</span> <span class='ocrx_word' id='word_1_63' title='bbox 1400 947 1496 1003; x_wconf 79' lang='grc' dir='ltr'>καὶ</span> <span class='ocrx_word' id='word_1_64' title='bbox 1519 950 1577 1002; x_wconf 88' lang='grc' dir='ltr'>αἱ</span> <span class='ocrx_word' id='word_1_65' title='bbox 1608 966 1691 1002; x_wconf 87' lang='grc' dir='ltr'>τι-</span> 
     </span>
    </p>
   </div>
   <div class='ocr_carea' id='block_1_10' title="bbox 137 1037 1688 1113">
    <p class='ocr_par' dir='ltr' id='par_1_10' title="bbox 137 1037 1688 1113">
     <span class='ocr_line' id='line_1_10' title="bbox 137 1037 1688 1113; baseline 0 -18"><span class='ocrx_word' id='word_1_66' title='bbox 137 1039 225 1095; x_wconf 83' lang='grc' dir='ltr'>νῶν</span> <span class='ocrx_word' id='word_1_67' title='bbox 246 1037 425 1109; x_wconf 75' lang='grc' dir='ltr'>ψυχαὶ,</span> <span class='ocrx_word' id='word_1_68' title='bbox 468 1037 579 1091; x_wconf 86' lang='grc' dir='ltr'><strong>τῶν</strong></span> <span class='ocrx_word' id='word_1_69' title='bbox 618 1040 699 1102; x_wconf 76' lang='grc' dir='ltr'>εἰς</span> <span class='ocrx_word' id='word_1_70' title='bbox 739 1037 1120 1108; x_wconf 88' lang='grc' dir='ltr'>παιδαγωγίαν</span> <span class='ocrx_word' id='word_1_71' title='bbox 1162 1040 1254 1093; x_wconf 78' lang='grc' dir='ltr'><strong>καὶ</strong></span> <span class='ocrx_word' id='word_1_72' title='bbox 1281 1039 1524 1113; x_wconf 77' lang='grc' dir='ltr'>φρουρὰν</span> <span class='ocrx_word' id='word_1_73' title='bbox 1557 1041 1688 1095; x_wconf 65' lang='grc' dir='ltr'>ἑκάς</span> 
     </span>
    </p>
   </div>
   <div class='ocr_carea' id='block_1_11' title="bbox 138 1130 1691 1204">
    <p class='ocr_par' dir='ltr' id='par_1_11' title="bbox 138 1130 1691 1204">
     <span class='ocr_line' id='line_1_11' title="bbox 138 1130 1691 1204; baseline 0.002 -21"><span class='ocrx_word' id='word_1_74' title='bbox 138 1149 229 1203; x_wconf 87' lang='grc' dir='ltr'>στῳ</span> <span class='ocrx_word' id='word_1_75' title='bbox 252 1130 718 1203; x_wconf 78' lang='grc' dir='ltr'><strong>παραδεδομένων.</strong></span> <span class='ocrx_word' id='word_1_76' title='bbox 760 1131 965 1202; x_wconf 81' lang='grc' dir='ltr'>Σεμνὺν</span> <span class='ocrx_word' id='word_1_77' title='bbox 995 1130 1056 1184; x_wconf 78' lang='grc' dir='ltr'>δὲ</span> <span class='ocrx_word' id='word_1_78' title='bbox 1088 1132 1183 1185; x_wconf 77' lang='grc' dir='ltr'>καὶ</span> <span class='ocrx_word' id='word_1_79' title='bbox 1232 1131 1375 1201; x_wconf 86' lang='grc' dir='ltr'>μέγα</span> <span class='ocrx_word' id='word_1_80' title='bbox 1407 1132 1503 1186; x_wconf 78' lang='grc' dir='ltr'>καὶ</span> <span class='ocrx_word' id='word_1_81' title='bbox 1535 1149 1691 1204; x_wconf 87' lang='grc' dir='ltr'>μονο-</span> 
     </span>
    </p>
   </div>
   <div class='ocr_carea' id='block_1_12' title="bbox 135 1222 1687 1296">
    <p class='ocr_par' dir='ltr' id='par_1_12' title="bbox 135 1222 1687 1296">
     <span class='ocr_line' id='line_1_12' title="bbox 135 1222 1687 1296; baseline 0.003 -20"><span class='ocrx_word' id='word_1_82' title='bbox 135 1225 264 1294; x_wconf 80' lang='grc' dir='ltr'>γενὲς</span> <span class='ocrx_word' id='word_1_83' title='bbox 287 1222 704 1295; x_wconf 78' lang='grc' dir='ltr'><strong>θυσιαστήριον,</strong></span> <span class='ocrx_word' id='word_1_84' title='bbox 744 1225 897 1277; x_wconf 86' lang='grc' dir='ltr'>ποῖον</span> <span class='ocrx_word' id='word_1_85' title='bbox 939 1222 1006 1277; x_wconf 85' lang='grc' dir='ltr'>ἂν</span> <span class='ocrx_word' id='word_1_86' title='bbox 1049 1223 1137 1295; x_wconf 77' lang='grc' dir='ltr'>εἴη</span> <span class='ocrx_word' id='word_1_87' title='bbox 1181 1223 1214 1296; x_wconf 84' lang='grc' dir='ltr'>ἦ</span> <span class='ocrx_word' id='word_1_88' title='bbox 1250 1225 1352 1294; x_wconf 85' lang='grc' dir='ltr'><strong>τῆς</strong></span> <span class='ocrx_word' id='word_1_89' title='bbox 1378 1224 1474 1280; x_wconf 82' lang='grc' dir='ltr'>τοῦ</span> <span class='ocrx_word' id='word_1_90' title='bbox 1507 1225 1687 1281; x_wconf 81' lang='grc' dir='ltr'>κοινοῦ</span> 
     </span>
    </p>
   </div>
   <div class='ocr_carea' id='block_1_13' title="bbox 135 1313 1689 1387">
    <p class='ocr_par' dir='ltr' id='par_1_13' title="bbox 135 1313 1689 1387">
     <span class='ocr_line' id='line_1_13' title="bbox 135 1313 1689 1387; baseline 0.001 -17"><span class='ocrx_word' id='word_1_91' title='bbox 135 1316 323 1370; x_wconf 80' lang='grc' dir='ltr'>πάντων</span> <span class='ocrx_word' id='word_1_92' title='bbox 367 1315 560 1387; x_wconf 76' lang='grc' dir='ltr'>ἱερέως</span> <span class='ocrx_word' id='word_1_93' title='bbox 598 1315 701 1386; x_wconf 81' lang='grc' dir='ltr'>τῆς</span> <span class='ocrx_word' id='word_1_94' title='bbox 740 1313 923 1385; x_wconf 81' lang='grc' dir='ltr'>ψυχῆς</span> <span class='ocrx_word' id='word_1_95' title='bbox 966 1313 1029 1367; x_wconf 78' lang='grc' dir='ltr'>τὸ</span> <span class='ocrx_word' id='word_1_96' title='bbox 1059 1316 1349 1387; x_wconf 76' lang='grc' dir='ltr'>εἰλικρινὲς</span> <span class='ocrx_word' id='word_1_97' title='bbox 1392 1317 1486 1370; x_wconf 82' lang='grc' dir='ltr'>καὶ</span> <span class='ocrx_word' id='word_1_98' title='bbox 1517 1316 1689 1386; x_wconf 80' lang='grc' dir='ltr'>ἁγίων</span> 
     </span>
    </p>
   </div>
   <div class='ocr_carea' id='block_1_14' title="bbox 139 1399 1690 1478">
    <p class='ocr_par' dir='ltr' id='par_1_14' title="bbox 139 1399 1690 1478">
     <span class='ocr_line' id='line_1_14' title="bbox 139 1399 1690 1478; baseline 0.003 -19"><span class='ocrx_word' id='word_1_99' title='bbox 139 1408 332 1475; x_wconf 79' lang='grc' dir='ltr'>Ἀγιον;</span> <span class='ocrx_word' id='word_1_100' title='bbox 362 1399 406 1475; x_wconf 83' lang='grc' dir='ltr'>ᾧ</span> <span class='ocrx_word' id='word_1_101' title='bbox 460 1404 757 1477; x_wconf 84' lang='grc' dir='ltr'>παρεστὼς</span> <span class='ocrx_word' id='word_1_102' title='bbox 788 1406 884 1459; x_wconf 79' lang='grc' dir='ltr'><strong>ἐπὶ</strong></span> <span class='ocrx_word' id='word_1_103' title='bbox 923 1405 1073 1477; x_wconf 80' lang='grc' dir='ltr'>δεξιᾷ</span> <span class='ocrx_word' id='word_1_104' title='bbox 1117 1408 1147 1460; x_wconf 81' lang='grc' dir='ltr'>ὀ</span> <span class='ocrx_word' id='word_1_105' title='bbox 1189 1408 1363 1478; x_wconf 83' lang='grc' dir='ltr'>μέγας</span> <span class='ocrx_word' id='word_1_106' title='bbox 1403 1408 1513 1462; x_wconf 85' lang='grc' dir='ltr'><strong>τῶν</strong></span> <span class='ocrx_word' id='word_1_107' title='bbox 1552 1410 1690 1463; x_wconf 81' lang='grc' dir='ltr'>ὅλων</span> 
     </span>
    </p>
   </div>
   <div class='ocr_carea' id='block_1_15' title="bbox 134 1495 1690 1569">
    <p class='ocr_par' dir='ltr' id='par_1_15' title="bbox 134 1495 1690 1569">
     <span class='ocr_line' id='line_1_15' title="bbox 134 1495 1690 1569; baseline 0.001 -17"><span class='ocrx_word' id='word_1_108' title='bbox 134 1497 390 1568; x_wconf 78' lang='grc' dir='ltr'>ἀρχιερεὺς</span> <span class='ocrx_word' id='word_1_109' title='bbox 419 1496 585 1561; x_wconf 82' lang='grc' dir='ltr'>αὐτὸς</span> <span class='ocrx_word' id='word_1_110' title='bbox 632 1495 842 1568; x_wconf 82' lang='grc' dir='ltr'>Ἰησοῦς</span> <span class='ocrx_word' id='word_1_111' title='bbox 888 1498 916 1550; x_wconf 85' lang='grc' dir='ltr'><strong>ὁ</strong></span> <span class='ocrx_word' id='word_1_112' title='bbox 944 1497 1255 1569; x_wconf 82' lang='grc' dir='ltr'>Μονογενὴς</span> <span class='ocrx_word' id='word_1_113' title='bbox 1298 1498 1391 1552; x_wconf 78' lang='grc' dir='ltr'>τοῦ</span> <span class='ocrx_word' id='word_1_114' title='bbox 1421 1499 1555 1553; x_wconf 87' lang='grc' dir='ltr'><strong>Θεοῦ</strong></span> <span class='ocrx_word' id='word_1_115' title='bbox 1579 1540 1594 1564; x_wconf 89' lang='grc'><strong>,</strong></span> <span class='ocrx_word' id='word_1_116' title='bbox 1629 1499 1690 1554; x_wconf 81' lang='grc' dir='ltr'>τὸ</span> 
     </span>
    </p>
   </div>
   <div class='ocr_carea' id='block_1_16' title="bbox 133 1584 1690 1658">
    <p class='ocr_par' dir='ltr' id='par_1_16' title="bbox 133 1584 1690 1658">
     <span class='ocr_line' id='line_1_16' title="bbox 133 1584 1690 1658; baseline 0.003 -19"><span class='ocrx_word' id='word_1_117' title='bbox 133 1585 262 1658; x_wconf 79' lang='grc' dir='ltr'><strong>παρά</strong></span> <span class='ocrx_word' id='word_1_118' title='bbox 298 1586 514 1640; x_wconf 86' lang='grc' dir='ltr'>πάντων</span> <span class='ocrx_word' id='word_1_119' title='bbox 556 1584 759 1650; x_wconf 81' lang='grc' dir='ltr'>εὐῶδες</span> <span class='ocrx_word' id='word_1_120' title='bbox 806 1586 1079 1657; x_wconf 82' lang='grc' dir='ltr'>θυμίαμα,</span> <span class='ocrx_word' id='word_1_121' title='bbox 1131 1586 1225 1640; x_wconf 75' lang='grc' dir='ltr'><strong>καὶ</strong></span> <span class='ocrx_word' id='word_1_122' title='bbox 1257 1586 1356 1651; x_wconf 72' lang='grc' dir='ltr'><strong>τὰς</strong></span> <span class='ocrx_word' id='word_1_123' title='bbox 1403 1587 1473 1640; x_wconf 84' lang='grc' dir='ltr'><strong>δι’</strong></span> <span class='ocrx_word' id='word_1_124' title='bbox 1514 1588 1690 1658; x_wconf 76' lang='grc' dir='ltr'>εὐχῶν</span> 
     </span>
    </p>
   </div>
   <div class='ocr_carea' id='block_1_17' title="bbox 131 1677 1690 1752">
    <p class='ocr_par' dir='ltr' id='par_1_17' title="bbox 131 1677 1690 1752">
     <span class='ocr_line' id='line_1_17' title="bbox 131 1677 1690 1752; baseline -0.001 -19"><span class='ocrx_word' id='word_1_125' title='bbox 131 1677 361 1749; x_wconf 81' lang='grc' dir='ltr'>ἀναίμους</span> <span class='ocrx_word' id='word_1_126' title='bbox 408 1678 505 1731; x_wconf 75' lang='grc' dir='ltr'><strong>καὶ</strong></span> <span class='ocrx_word' id='word_1_127' title='bbox 546 1677 747 1741; x_wconf 79' lang='grc' dir='ltr'>ἀΰλους</span> <span class='ocrx_word' id='word_1_128' title='bbox 781 1677 992 1742; x_wconf 83' lang='grc' dir='ltr'>θυσίας,</span> <span class='ocrx_word' id='word_1_129' title='bbox 1040 1677 1251 1750; x_wconf 80' lang='grc' dir='ltr'>φαιδρῷ</span> <span class='ocrx_word' id='word_1_130' title='bbox 1291 1679 1372 1750; x_wconf 81' lang='grc' dir='ltr'>τῷ</span> <span class='ocrx_word' id='word_1_131' title='bbox 1416 1678 1690 1752; x_wconf 76' lang='grc' dir='ltr'><strong>βλέμματι</strong></span> 
     </span>
    </p>
   </div>
   <div class='ocr_carea' id='block_1_18' title="bbox 131 1768 1689 1844">
    <p class='ocr_par' dir='ltr' id='par_1_18' title="bbox 131 1768 1689 1844">
     <span class='ocr_line' id='line_1_18' title="bbox 131 1768 1689 1844; baseline 0.001 -21"><span class='ocrx_word' id='word_1_132' title='bbox 131 1769 210 1823; x_wconf 83' lang='grc' dir='ltr'>καὶ</span> <span class='ocrx_word' id='word_1_133' title='bbox 252 1768 462 1833; x_wconf 81' lang='grc' dir='ltr'><strong>ὑπτίαις</strong></span> <span class='ocrx_word' id='word_1_134' title='bbox 511 1769 908 1840; x_wconf 81' lang='grc' dir='ltr'>ὑποδεχόμενος</span> <span class='ocrx_word' id='word_1_135' title='bbox 956 1771 1132 1841; x_wconf 81' lang='grc' dir='ltr'>χερσὶ,</span> <span class='ocrx_word' id='word_1_136' title='bbox 1174 1770 1252 1841; x_wconf 84' lang='grc' dir='ltr'><strong>τῷ</strong></span> <span class='ocrx_word' id='word_1_137' title='bbox 1297 1772 1417 1824; x_wconf 83' lang='grc' dir='ltr'>κατ’</span> <span class='ocrx_word' id='word_1_138' title='bbox 1458 1770 1689 1844; x_wconf 83' lang='grc' dir='ltr'>οὐρανὸν</span> 
     </span>
    </p>
   </div>
   <div class='ocr_carea' id='block_1_19' title="bbox 1795 580 3373 653">
    <p class='ocr_par' dir='ltr' id='par_1_19' title="bbox 1795 580 3373 653">
     <span class='ocr_line' id='line_1_19' title="bbox 1795 580 3373 653; baseline -0.002 -16"><span class='ocrx_word' id='word_1_139' title='bbox 1795 595 2013 637; x_wconf 86' lang='lat' dir='ltr'><strong>sacram</strong></span> <span class='ocrx_word' id='word_1_140' title='bbox 2037 580 2220 636; x_wconf 90' lang='lat' dir='ltr'><strong>denuo</strong></span> <span class='ocrx_word' id='word_1_141' title='bbox 2245 590 2300 636; x_wconf 89' lang='lat' dir='ltr'><strong>et</strong></span> <span class='ocrx_word' id='word_1_142' title='bbox 2323 595 2582 637; x_wconf 83' lang='lat' dir='ltr'><strong>arcanam</strong></span> <span class='ocrx_word' id='word_1_143' title='bbox 2604 583 3017 653; x_wconf 58' lang='lat' dir='ltr'><strong>praedictionem</strong></span> <span class='ocrx_word' id='word_1_144' title='bbox 3041 581 3336 653; x_wconf 84' lang='lat' dir='ltr'><strong>adimplcat</strong></span> <span class='ocrx_word' id='word_1_145' title='bbox 3356 621 3373 647; x_wconf 90' lang='lat'><strong>,</strong></span> 
     </span>
    </p>
   </div>
   <div class='ocr_carea' id='block_1_20' title="bbox 1791 672 3409 746">
    <p class='ocr_par' dir='ltr' id='par_1_20' title="bbox 1791 672 3409 746">
     <span class='ocr_line' id='line_1_20' title="bbox 1791 672 3409 746; baseline -0.001 -18"><span class='ocrx_word' id='word_1_146' title='bbox 1791 689 1913 743; x_wconf 80' lang='lat' dir='ltr'><strong>quae</strong></span> <span class='ocrx_word' id='word_1_147' title='bbox 1950 673 2029 729; x_wconf 90' lang='lat' dir='ltr'><strong>sic</strong></span> <span class='ocrx_word' id='word_1_148' title='bbox 2062 673 2261 729; x_wconf 88' lang='lat' dir='ltr'><strong>habet:</strong></span> <span class='ocrx_word' id='word_1_149' title='bbox 2302 692 2322 724; x_wconf 84' lang='grc' dir='ltr'><strong>ι</strong></span> <span class='ocrx_word' id='word_1_150' title='bbox 2359 672 2500 729; x_wconf 86' lang='lat' dir='ltr'><strong>Ecce</strong></span> <span class='ocrx_word' id='word_1_151' title='bbox 2530 690 2629 745; x_wconf 84' lang='lat' dir='ltr'><strong>ego</strong></span> <span class='ocrx_word' id='word_1_152' title='bbox 2654 688 2901 746; x_wconf 67' lang='lat' dir='ltr'><strong>praaparo</strong></span> <span class='ocrx_word' id='word_1_153' title='bbox 2940 673 3036 729; x_wconf 91' lang='lat' dir='ltr'><strong>tibi</strong></span> <span class='ocrx_word' id='word_1_154' title='bbox 3067 673 3409 731; x_wconf 57' lang='lat' dir='ltr'><strong>carbonem.</strong></span> 
     </span>
    </p>
   </div>
   <div class='ocr_carea' id='block_1_21' title="bbox 1793 767 3374 839">
    <p class='ocr_par' dir='ltr' id='par_1_21' title="bbox 1793 767 3374 839">
     <span class='ocr_line' id='line_1_21' title="bbox 1793 767 3374 839; baseline -0.001 -16"><span class='ocrx_word' id='word_1_155' title='bbox 1793 767 1905 823; x_wconf 91' lang='lat' dir='ltr'><strong>lum</strong></span> <span class='ocrx_word' id='word_1_156' title='bbox 1948 767 2182 837; x_wconf 88' lang='lat' dir='ltr'><strong>lapidem</strong></span> <span class='ocrx_word' id='word_1_157' title='bbox 2223 775 2393 828; x_wconf 79' lang='lat' dir='ltr'><strong>tuum.</strong></span> <span class='ocrx_word' id='word_1_158' title='bbox 2430 777 2487 824; x_wconf 90' lang='lat' dir='ltr'><strong>et</strong></span> <span class='ocrx_word' id='word_1_159' title='bbox 2526 768 2878 824; x_wconf 77' lang='lat' dir='ltr'><strong>fundamenta</strong></span> <span class='ocrx_word' id='word_1_160' title='bbox 2909 778 3000 823; x_wconf 88' lang='lat' dir='ltr'><strong>tua</strong></span> <span class='ocrx_word' id='word_1_161' title='bbox 3031 768 3374 839; x_wconf 83' lang='lat' dir='ltr'><strong>sapphirum,</strong></span> 
     </span>
    </p>
   </div>
   <div class='ocr_carea' id='block_1_22' title="bbox 1792 857 3380 937">
    <p class='ocr_par' dir='ltr' id='par_1_22' title="bbox 1792 857 3380 937">
     <span class='ocr_line' id='line_1_22' title="bbox 1792 857 3380 937; baseline 0.001 -25"><span class='ocrx_word' id='word_1_162' title='bbox 1792 868 1847 913; x_wconf 86' lang='lat' dir='ltr'><strong>et</strong></span> <span class='ocrx_word' id='word_1_163' title='bbox 1879 857 2286 929; x_wconf 89' lang='lat' dir='ltr'><strong>propugnacula</strong></span> <span class='ocrx_word' id='word_1_164' title='bbox 2316 870 2403 915; x_wconf 87' lang='lat' dir='ltr'><strong>tua</strong></span> <span class='ocrx_word' id='word_1_165' title='bbox 2432 860 2728 931; x_wconf 72' lang='lat' dir='ltr'><strong>iaspidem,</strong></span> <span class='ocrx_word' id='word_1_166' title='bbox 2771 870 2827 916; x_wconf 88' lang='lat' dir='ltr'><strong>et</strong></span> <span class='ocrx_word' id='word_1_167' title='bbox 2858 870 3043 930; x_wconf 84' lang='lat' dir='ltr'><strong>portas</strong></span> <span class='ocrx_word' id='word_1_168' title='bbox 3082 870 3206 916; x_wconf 90' lang='lat' dir='ltr'><strong>tuas</strong></span> <span class='ocrx_word' id='word_1_169' title='bbox 3239 859 3380 937; x_wconf 65' lang='lat' dir='ltr'><strong>lapi.</strong></span> 
     </span>
    </p>
   </div>
   <div class='ocr_carea' id='block_1_23' title="bbox 1793 950 3376 1024">
    <p class='ocr_par' dir='ltr' id='par_1_23' title="bbox 1793 950 3376 1024">
     <span class='ocr_line' id='line_1_23' title="bbox 1793 950 3376 1024; baseline 0 -17"><span class='ocrx_word' id='word_1_170' title='bbox 1793 952 1891 1007; x_wconf 90' lang='lat' dir='ltr'><strong>des</strong></span> <span class='ocrx_word' id='word_1_171' title='bbox 1926 950 2190 1023; x_wconf 75' lang='lat' dir='ltr'><strong>crystalli,</strong></span> <span class='ocrx_word' id='word_1_172' title='bbox 2232 963 2283 1007; x_wconf 86' lang='lat' dir='ltr'><strong>et</strong></span> <span class='ocrx_word' id='word_1_173' title='bbox 2329 969 2544 1009; x_wconf 90' lang='lat' dir='ltr'><strong>murum</strong></span> <span class='ocrx_word' id='word_1_174' title='bbox 2594 964 2744 1009; x_wconf 88' lang='lat' dir='ltr'><strong>tuum</strong></span> <span class='ocrx_word' id='word_1_175' title='bbox 2790 953 3000 1024; x_wconf 83' lang='lat' dir='ltr'><strong>lapides</strong></span> <span class='ocrx_word' id='word_1_176' title='bbox 3037 952 3275 1009; x_wconf 88' lang='lat' dir='ltr'><strong>electos:</strong></span> <span class='ocrx_word' id='word_1_177' title='bbox 3317 962 3376 1009; x_wconf 87' lang='lat' dir='ltr'><strong>et</strong></span> 
     </span>
    </p>
   </div>
   <div class='ocr_carea' id='block_1_24' title="bbox 1792 1043 3376 1116">
    <p class='ocr_par' dir='ltr' id='par_1_24' title="bbox 1792 1043 3376 1116">
     <span class='ocr_line' id='line_1_24' title="bbox 1792 1043 3376 1116; baseline 0.003 -19"><span class='ocrx_word' id='word_1_178' title='bbox 1792 1057 1988 1098; x_wconf 79' lang='lat' dir='ltr'><strong>onines</strong></span> <span class='ocrx_word' id='word_1_179' title='bbox 2018 1043 2161 1099; x_wconf 87' lang='lat' dir='ltr'><strong>ﬁlios</strong></span> <span class='ocrx_word' id='word_1_180' title='bbox 2201 1055 2324 1099; x_wconf 91' lang='lat' dir='ltr'><strong>tuos</strong></span> <span class='ocrx_word' id='word_1_181' title='bbox 2354 1046 2549 1102; x_wconf 87' lang='lat' dir='ltr'><strong>doctos</strong></span> <span class='ocrx_word' id='word_1_182' title='bbox 2594 1060 2625 1100; x_wconf 87' lang='lat' dir='ltr'><strong>a</strong></span> <span class='ocrx_word' id='word_1_183' title='bbox 2658 1045 2791 1112; x_wconf 87' lang='lat' dir='ltr'><strong>Deo,</strong></span> <span class='ocrx_word' id='word_1_184' title='bbox 2838 1057 2894 1100; x_wconf 91' lang='lat' dir='ltr'><strong>et</strong></span> <span class='ocrx_word' id='word_1_185' title='bbox 2926 1045 2980 1100; x_wconf 91' lang='lat' dir='ltr'><strong>in</strong></span> <span class='ocrx_word' id='word_1_186' title='bbox 3027 1044 3197 1100; x_wconf 87' lang='lat' dir='ltr'><strong>multa</strong></span> <span class='ocrx_word' id='word_1_187' title='bbox 3236 1060 3376 1116; x_wconf 87' lang='lat' dir='ltr'><strong>pace</strong></span> 
     </span>
    </p>
   </div>
   <div class='ocr_carea' id='block_1_25' title="bbox 1794 1134 3374 1206">
    <p class='ocr_par' dir='ltr' id='par_1_25' title="bbox 1794 1134 3374 1206">
     <span class='ocr_line' id='line_1_25' title="bbox 1794 1134 3374 1206; baseline 0.004 -18"><span class='ocrx_word' id='word_1_188' title='bbox 1794 1134 1934 1189; x_wconf 89' lang='lat' dir='ltr'><strong>ﬁlios</strong></span> <span class='ocrx_word' id='word_1_189' title='bbox 1978 1145 2131 1203; x_wconf 87' lang='lat' dir='ltr'><strong>tuos;</strong></span> <span class='ocrx_word' id='word_1_190' title='bbox 2162 1147 2219 1193; x_wconf 91' lang='lat' dir='ltr'><strong>et</strong></span> <span class='ocrx_word' id='word_1_191' title='bbox 2266 1138 2321 1191; x_wconf 91' lang='lat' dir='ltr'><strong>in</strong></span> <span class='ocrx_word' id='word_1_192' title='bbox 2347 1136 2561 1206; x_wconf 77' lang='lat' dir='ltr'><strong>iustitia</strong></span> <span class='ocrx_word' id='word_1_193' title='bbox 2588 1137 2951 1194; x_wconf 63' lang='lat' dir='ltr'><strong>mdiﬁcaberis</strong></span> <span class='ocrx_word' id='word_1_194' title='bbox 2970 1135 3137 1191; x_wconf 72' lang='lat' dir='ltr'><strong>&quot;.«ln</strong></span> <span class='ocrx_word' id='word_1_195' title='bbox 3159 1135 3374 1205; x_wconf 79' lang='lat' dir='ltr'><strong>iustitia</strong></span> 
     </span>
    </p>
   </div>
   <div class='ocr_carea' id='block_1_26' title="bbox 1792 1215 3375 1299">
    <p class='ocr_par' dir='ltr' id='par_1_26' title="bbox 1792 1215 3375 1299">
     <span class='ocr_line' id='line_1_26' title="bbox 1792 1215 3375 1299; baseline 0.004 -18"><span class='ocrx_word' id='word_1_196' title='bbox 1792 1226 1960 1297; x_wconf 90' lang='lat' dir='ltr'><strong>igitur</strong></span> <span class='ocrx_word' id='word_1_197' title='bbox 1997 1229 2317 1296; x_wconf 67' lang='lat' dir='ltr'><strong>mdilicans,</strong></span> <span class='ocrx_word' id='word_1_198' title='bbox 2360 1230 2527 1286; x_wconf 88' lang='lat' dir='ltr'><strong>totius</strong></span> <span class='ocrx_word' id='word_1_199' title='bbox 2561 1229 2750 1299; x_wconf 85' lang='lat' dir='ltr'><strong>populi</strong></span> <span class='ocrx_word' id='word_1_200' title='bbox 2790 1230 2936 1286; x_wconf 89' lang='lat' dir='ltr'><strong>vires</strong></span> <span class='ocrx_word' id='word_1_201' title='bbox 2977 1245 3044 1286; x_wconf 89' lang='lat' dir='ltr'><strong>ac</strong></span> <span class='ocrx_word' id='word_1_202' title='bbox 3084 1215 3375 1287; x_wconf 78' lang='lat' dir='ltr'><strong>facultates</strong></span> 
     </span>
    </p>
   </div>
   <div class='ocr_carea' id='block_1_27' title="bbox 1791 1316 3376 1388">
    <p class='ocr_par' dir='ltr' id='par_1_27' title="bbox 1791 1316 3376 1388">
     <span class='ocr_line' id='line_1_27' title="bbox 1791 1316 3376 1388; baseline 0.004 -17"><span class='ocrx_word' id='word_1_203' title='bbox 1791 1331 2033 1388; x_wconf 84' lang='lat' dir='ltr'><strong>congrua</strong></span> <span class='ocrx_word' id='word_1_204' title='bbox 2070 1316 2285 1373; x_wconf 77' lang='lat' dir='ltr'><strong>ratione</strong></span> <span class='ocrx_word' id='word_1_205' title='bbox 2337 1316 2590 1373; x_wconf 79' lang='lat' dir='ltr'><strong>distinxit</strong></span> <span class='ocrx_word' id='word_1_206' title='bbox 2635 1332 2652 1382; x_wconf 89' lang='lat'><strong>;</strong></span> <span class='ocrx_word' id='word_1_207' title='bbox 2715 1316 2818 1371; x_wconf 83' lang='lat' dir='ltr'><strong>hos</strong></span> <span class='ocrx_word' id='word_1_208' title='bbox 2868 1317 3088 1388; x_wconf 89' lang='lat' dir='ltr'><strong>quidem</strong></span> <span class='ocrx_word' id='word_1_209' title='bbox 3143 1321 3376 1379; x_wconf 81' lang='lat' dir='ltr'><strong>exterio-</strong></span> 
     </span>
    </p>
   </div>
   <div class='ocr_carea' id='block_1_28' title="bbox 1790 1411 3376 1482">
    <p class='ocr_par' dir='ltr' id='par_1_28' title="bbox 1790 1411 3376 1482">
     <span class='ocr_line' id='line_1_28' title="bbox 1790 1411 3376 1482; baseline 0.003 -17"><span class='ocrx_word' id='word_1_210' title='bbox 1790 1424 1853 1465; x_wconf 88' lang='lat' dir='ltr'><strong>re</strong></span> <span class='ocrx_word' id='word_1_211' title='bbox 1883 1411 2154 1467; x_wconf 74' lang='lat' dir='ltr'><strong>duntaxat</strong></span> <span class='ocrx_word' id='word_1_212' title='bbox 2190 1414 2418 1482; x_wconf 79' lang='lat' dir='ltr'><strong>cingens</strong></span> <span class='ocrx_word' id='word_1_213' title='bbox 2475 1426 2656 1481; x_wconf 91' lang='lat' dir='ltr'><strong>muro,</strong></span> <span class='ocrx_word' id='word_1_214' title='bbox 2697 1412 2752 1470; x_wconf 93' lang='lat' dir='ltr'><strong>id</strong></span> <span class='ocrx_word' id='word_1_215' title='bbox 2783 1424 2869 1469; x_wconf 90' lang='lat' dir='ltr'><strong>est</strong></span> <span class='ocrx_word' id='word_1_216' title='bbox 2905 1413 3061 1468; x_wconf 85' lang='lat' dir='ltr'><strong>ﬁrma</strong></span> <span class='ocrx_word' id='word_1_217' title='bbox 3093 1413 3220 1471; x_wconf 80' lang='lat' dir='ltr'><strong>fide.</strong></span> <span class='ocrx_word' id='word_1_218' title='bbox 3260 1415 3376 1470; x_wconf 79' lang='lat' dir='ltr'><strong>Cu-</strong></span> 
     </span>
    </p>
   </div>
   <div class='ocr_carea' id='block_1_29' title="bbox 1785 1501 3376 1575">
    <p class='ocr_par' dir='ltr' id='par_1_29' title="bbox 1785 1501 3376 1575">
     <span class='ocr_line' id='line_1_29' title="bbox 1785 1501 3376 1575; baseline 0.004 -19"><span class='ocrx_word' id='word_1_219' title='bbox 1785 1501 1878 1573; x_wconf 86' lang='lat' dir='ltr'><strong>jus</strong></span> <span class='ocrx_word' id='word_1_220' title='bbox 1905 1504 2126 1572; x_wconf 76' lang='lat' dir='ltr'><strong>generis</strong></span> <span class='ocrx_word' id='word_1_221' title='bbox 2164 1504 2378 1561; x_wconf 88' lang='lat' dir='ltr'><strong>inﬁnita</strong></span> <span class='ocrx_word' id='word_1_222' title='bbox 2405 1513 2491 1559; x_wconf 89' lang='lat' dir='ltr'><strong>est</strong></span> <span class='ocrx_word' id='word_1_223' title='bbox 2526 1505 2850 1571; x_wconf 85' lang='lat' dir='ltr'><strong>multitudo,</strong></span> <span class='ocrx_word' id='word_1_224' title='bbox 2880 1520 2999 1575; x_wconf 66' lang='lat' dir='ltr'><strong>quae</strong></span> <span class='ocrx_word' id='word_1_225' title='bbox 3032 1507 3376 1575; x_wconf 58' lang='lat' dir='ltr'><strong>praestantio-</strong></span> 
     </span>
    </p>
   </div>
   <div class='ocr_carea' id='block_1_30' title="bbox 1794 1595 3376 1667">
    <p class='ocr_par' dir='ltr' id='par_1_30' title="bbox 1794 1595 3376 1667">
     <span class='ocr_line' id='line_1_30' title="bbox 1794 1595 3376 1667; baseline 0.003 -20"><span class='ocrx_word' id='word_1_226' title='bbox 1794 1608 1908 1648; x_wconf 89' lang='lat' dir='ltr'><strong>rem</strong></span> <span class='ocrx_word' id='word_1_227' title='bbox 1940 1603 2277 1649; x_wconf 86' lang='lat' dir='ltr'><strong>structuram</strong></span> <span class='ocrx_word' id='word_1_228' title='bbox 2326 1595 2472 1651; x_wconf 83' lang='lat' dir='ltr'><strong>ferre</strong></span> <span class='ocrx_word' id='word_1_229' title='bbox 2513 1611 2624 1650; x_wconf 91' lang='lat' dir='ltr'><strong>non</strong></span> <span class='ocrx_word' id='word_1_230' title='bbox 2654 1605 2861 1667; x_wconf 86' lang='lat' dir='ltr'><strong>potest.</strong></span> <span class='ocrx_word' id='word_1_231' title='bbox 2890 1596 3002 1651; x_wconf 84' lang='lat' dir='ltr'><strong>Illis</strong></span> <span class='ocrx_word' id='word_1_232' title='bbox 3036 1610 3165 1652; x_wconf 85' lang='lat' dir='ltr'><strong>vero</strong></span> <span class='ocrx_word' id='word_1_233' title='bbox 3194 1597 3376 1653; x_wconf 89' lang='lat' dir='ltr'><strong>aditus</strong></span> 
     </span>
    </p>
   </div>
   <div class='ocr_carea' id='block_1_31' title="bbox 1792 1686 3377 1757">
    <p class='ocr_par' dir='ltr' id='par_1_31' title="bbox 1792 1686 3377 1757">
     <span class='ocr_line' id='line_1_31' title="bbox 1792 1686 3377 1757; baseline 0.001 -16"><span class='ocrx_word' id='word_1_234' title='bbox 1792 1686 1847 1741; x_wconf 90' lang='lat' dir='ltr'><strong>in</strong></span> <span class='ocrx_word' id='word_1_235' title='bbox 1882 1686 2153 1757; x_wconf 87' lang='lat' dir='ltr'><strong>templum</strong></span> <span class='ocrx_word' id='word_1_236' title='bbox 2184 1687 2546 1757; x_wconf 81' lang='lat' dir='ltr'><strong>permittens;</strong></span> <span class='ocrx_word' id='word_1_237' title='bbox 2582 1688 2648 1742; x_wconf 86' lang='lat' dir='ltr'><strong>ad</strong></span> <span class='ocrx_word' id='word_1_238' title='bbox 2676 1698 2865 1757; x_wconf 87' lang='lat' dir='ltr'><strong>portas</strong></span> <span class='ocrx_word' id='word_1_239' title='bbox 2892 1699 3041 1744; x_wconf 87' lang='lat' dir='ltr'><strong>stare</strong></span> <span class='ocrx_word' id='word_1_240' title='bbox 3070 1698 3125 1744; x_wconf 87' lang='lat' dir='ltr'><strong>et</strong></span> <span class='ocrx_word' id='word_1_241' title='bbox 3163 1689 3377 1745; x_wconf 87' lang='lat' dir='ltr'><strong>intran-</strong></span> 
     </span>
    </p>
   </div>
   <div class='ocr_carea' id='block_1_32' title="bbox 1793 1776 3375 1849">
    <p class='ocr_par' dir='ltr' id='par_1_32' title="bbox 1793 1776 3375 1849">
     <span class='ocr_line' id='line_1_32' title="bbox 1793 1776 3375 1849; baseline 0.003 -18"><span class='ocrx_word' id='word_1_242' title='bbox 1793 1784 1878 1832; x_wconf 84' lang='lat' dir='ltr'><strong>tes</strong></span> <span class='ocrx_word' id='word_1_243' title='bbox 1916 1777 2188 1832; x_wconf 82' lang='lat' dir='ltr'><strong>deducere</strong></span> <span class='ocrx_word' id='word_1_244' title='bbox 2229 1791 2325 1831; x_wconf 87' lang='lat' dir='ltr'><strong>eos</strong></span> <span class='ocrx_word' id='word_1_245' title='bbox 2363 1776 2547 1845; x_wconf 82' lang='lat' dir='ltr'><strong>jubet:</strong></span> <span class='ocrx_word' id='word_1_246' title='bbox 2607 1776 2701 1846; x_wconf 89' lang='lat' dir='ltr'><strong>qui</strong></span> <span class='ocrx_word' id='word_1_247' title='bbox 2752 1793 2861 1833; x_wconf 91' lang='lat' dir='ltr'><strong>non</strong></span> <span class='ocrx_word' id='word_1_248' title='bbox 2901 1778 3142 1833; x_wconf 84' lang='lat' dir='ltr'><strong>absurde</strong></span> <span class='ocrx_word' id='word_1_249' title='bbox 3189 1780 3375 1849; x_wconf 88' lang='lat' dir='ltr'><strong>templi</strong></span> 
     </span>
    </p>
   </div>
   <div class='ocr_carea' id='block_1_33' title="bbox 132 1861 1690 1942">
    <p class='ocr_par' dir='ltr' id='par_1_33' title="bbox 132 1861 1689 1934">
     <span class='ocr_line' id='line_1_33' title="bbox 132 1861 1689 1934; baseline 0.001 -18"><span class='ocrx_word' id='word_1_250' title='bbox 132 1863 279 1934; x_wconf 74' lang='grc' dir='ltr'>Πατρὶ</span> <span class='ocrx_word' id='word_1_251' title='bbox 324 1862 418 1915; x_wconf 79' lang='grc' dir='ltr'><strong>καὶ</strong></span> <span class='ocrx_word' id='word_1_252' title='bbox 462 1861 585 1932; x_wconf 86' lang='grc' dir='ltr'><strong>Θεῷ</strong></span> <span class='ocrx_word' id='word_1_253' title='bbox 626 1861 738 1914; x_wconf 86' lang='grc' dir='ltr'><strong>τῶν</strong></span> <span class='ocrx_word' id='word_1_254' title='bbox 789 1862 927 1916; x_wconf 77' lang='grc' dir='ltr'>ὅλων</span> <span class='ocrx_word' id='word_1_255' title='bbox 974 1861 1428 1933; x_wconf 78' lang='grc' dir='ltr'><strong>παραπέμπεται,</strong></span> <span class='ocrx_word' id='word_1_256' title='bbox 1474 1862 1689 1933; x_wconf 76' lang='grc' dir='ltr'>πρῶτος</span> 
     </span>
    </p>
   </div>
   <div class='ocr_carea' id='block_1_34' title="bbox 1798 1861 3377 1942">
    <p class='ocr_par' dir='ltr' id='par_1_34' title="bbox 1798 1867 3377 1941">
     <span class='ocr_line' id='line_1_34' title="bbox 1798 1867 3377 1941; baseline 0.004 -21"><span class='ocrx_word' id='word_1_257' title='bbox 1798 1867 2076 1923; x_wconf 83' lang='lat' dir='ltr'><strong>vestibulis</strong></span> <span class='ocrx_word' id='word_1_258' title='bbox 2110 1879 2522 1939; x_wconf 82' lang='lat' dir='ltr'><strong>comparantur.</strong></span> <span class='ocrx_word' id='word_1_259' title='bbox 2555 1869 2709 1925; x_wconf 79' lang='lat' dir='ltr'><strong>Alios</strong></span> <span class='ocrx_word' id='word_1_260' title='bbox 2735 1870 2931 1939; x_wconf 82' lang='lat' dir='ltr'><strong>primis</strong></span> <span class='ocrx_word' id='word_1_261' title='bbox 2951 1871 3220 1926; x_wconf 84' lang='lat' dir='ltr'><strong>columnis</strong></span> <span class='ocrx_word' id='word_1_262' title='bbox 3254 1887 3377 1941; x_wconf 68' lang='lat' dir='ltr'><strong>quae</strong></span> 
     </span>
    </p>
   </div>
   <div class='ocr_carea' id='block_1_35' title="bbox 130 1953 1689 2026">
    <p class='ocr_par' dir='ltr' id='par_1_35' title="bbox 130 1953 1689 2026">
     <span class='ocr_line' id='line_1_35' title="bbox 130 1953 1689 2026; baseline 0.001 -17"><span class='ocrx_word' id='word_1_263' title='bbox 130 1955 268 2019; x_wconf 74' lang='grc' dir='ltr'>αὐτὸς</span> <span class='ocrx_word' id='word_1_264' title='bbox 292 1953 633 2026; x_wconf 82' lang='grc' dir='ltr'><strong>προσκυνῶν,</strong></span> <span class='ocrx_word' id='word_1_265' title='bbox 665 1953 762 2008; x_wconf 75' lang='grc' dir='ltr'>καὶ</span> <span class='ocrx_word' id='word_1_266' title='bbox 794 1954 953 2025; x_wconf 81' lang='grc' dir='ltr'>μόνος</span> <span class='ocrx_word' id='word_1_267' title='bbox 989 1953 1068 2025; x_wconf 82' lang='grc' dir='ltr'>τῷ</span> <span class='ocrx_word' id='word_1_268' title='bbox 1093 1954 1272 2026; x_wconf 78' lang='grc' dir='ltr'>Πατρὶ</span> <span class='ocrx_word' id='word_1_269' title='bbox 1302 1955 1364 2009; x_wconf 84' lang='grc' dir='ltr'>τὸ</span> <span class='ocrx_word' id='word_1_270' title='bbox 1389 1958 1509 2010; x_wconf 85' lang='grc' dir='ltr'>κατ’</span> <span class='ocrx_word' id='word_1_271' title='bbox 1530 1955 1689 2021; x_wconf 80' lang='grc' dir='ltr'><strong>ἀξίαν</strong></span> 
     </span>
    </p>
   </div>
   <div class='ocr_carea' id='block_1_36' title="bbox 130 2043 1688 2121">
    <p class='ocr_par' dir='ltr' id='par_1_36' title="bbox 130 2043 1688 2121">
     <span class='ocr_line' id='line_1_36' title="bbox 130 2043 1688 2121; baseline 0.001 -19"><span class='ocrx_word' id='word_1_272' title='bbox 130 2049 386 2120; x_wconf 77' lang='grc' dir='ltr'><strong>ἀπονέμων</strong></span> <span class='ocrx_word' id='word_1_273' title='bbox 438 2047 607 2112; x_wconf 73' lang='grc' dir='ltr'>σέϐας</span> <span class='ocrx_word' id='word_1_274' title='bbox 632 2088 648 2113; x_wconf 91' lang='grc'><strong>,</strong></span> <span class='ocrx_word' id='word_1_275' title='bbox 688 2043 809 2101; x_wconf 75' lang='grc' dir='ltr'>εἶτα</span> <span class='ocrx_word' id='word_1_276' title='bbox 856 2047 915 2102; x_wconf 87' lang='grc' dir='ltr'>δὲ</span> <span class='ocrx_word' id='word_1_277' title='bbox 953 2047 1048 2100; x_wconf 78' lang='grc' dir='ltr'>καὶ</span> <span class='ocrx_word' id='word_1_278' title='bbox 1096 2049 1262 2102; x_wconf 81' lang='grc' dir='ltr'>πᾶσιν</span> <span class='ocrx_word' id='word_1_279' title='bbox 1310 2051 1439 2120; x_wconf 77' lang='grc' dir='ltr'>ἡμῖν</span> <span class='ocrx_word' id='word_1_280' title='bbox 1482 2050 1688 2121; x_wconf 79' lang='grc' dir='ltr'><strong>εὐμενῆ</strong></span> 
     </span>
    </p>
   </div>
   <div class='ocr_carea' id='block_1_37' title="bbox 130 2139 1688 2220">
    <p class='ocr_par' dir='ltr' id='par_1_37' title="bbox 130 2139 1688 2220">
     <span class='ocr_line' id='line_1_37' title="bbox 130 2139 1688 2220; baseline 0 -24"><span class='ocrx_word' id='word_1_281' title='bbox 130 2143 370 2220; x_wconf 80' lang='grc' dir='ltr'>διαμένειν</span> <span class='ocrx_word' id='word_1_282' title='bbox 397 2143 494 2197; x_wconf 85' lang='grc' dir='ltr'><strong>καί</strong></span> <span class='ocrx_word' id='word_1_283' title='bbox 516 2140 692 2209; x_wconf 80' lang='grc' dir='ltr'>δεξιὸν</span> <span class='ocrx_word' id='word_1_284' title='bbox 720 2141 800 2203; x_wconf 84' lang='grc' dir='ltr'>εἰς</span> <span class='ocrx_word' id='word_1_285' title='bbox 830 2139 918 2194; x_wconf 76' lang='grc' dir='ltr'>ἀεὶ</span> <span class='ocrx_word' id='word_1_286' title='bbox 946 2139 1398 2213; x_wconf 71' lang='grc' dir='ltr'><strong>παραιτούμενος.</strong></span> <span class='ocrx_word' id='word_1_287' title='bbox 1435 2141 1688 2207; x_wconf 82' lang='grc' dir='ltr'>Τοιοῦτος</span> 
     </span>
    </p>
   </div>
   <div class='ocr_carea' id='block_1_38' title="bbox 128 2233 1689 2307">
    <p class='ocr_par' dir='ltr' id='par_1_38' title="bbox 128 2233 1689 2307">
     <span class='ocr_line' id='line_1_38' title="bbox 128 2233 1689 2307; baseline 0 -19"><span class='ocrx_word' id='word_1_288' title='bbox 128 2238 153 2288; x_wconf 76' lang='grc' dir='ltr'><strong>ὁ</strong></span> <span class='ocrx_word' id='word_1_289' title='bbox 180 2237 336 2307; x_wconf 84' lang='grc' dir='ltr'>μέγας</span> <span class='ocrx_word' id='word_1_290' title='bbox 366 2234 526 2299; x_wconf 85' lang='grc' dir='ltr'>νεὼς,</span> <span class='ocrx_word' id='word_1_291' title='bbox 556 2234 618 2288; x_wconf 80' lang='grc' dir='ltr'><strong>ὃν</strong></span> <span class='ocrx_word' id='word_1_292' title='bbox 647 2234 768 2289; x_wconf 79' lang='grc' dir='ltr'>καθ’</span> <span class='ocrx_word' id='word_1_293' title='bbox 791 2234 920 2306; x_wconf 83' lang='grc' dir='ltr'>ὅλης</span> <span class='ocrx_word' id='word_1_294' title='bbox 945 2234 1046 2306; x_wconf 82' lang='grc' dir='ltr'>τῆς</span> <span class='ocrx_word' id='word_1_295' title='bbox 1075 2235 1165 2304; x_wconf 77' lang='grc' dir='ltr'><strong>ὑφ’</strong></span> <span class='ocrx_word' id='word_1_296' title='bbox 1187 2233 1339 2305; x_wconf 77' lang='grc' dir='ltr'>ἣλιον</span> <span class='ocrx_word' id='word_1_297' title='bbox 1364 2234 1689 2307; x_wconf 80' lang='grc' dir='ltr'><strong>οἰκουμένης</strong></span> 
     </span>
    </p>
   </div>
   <div class='ocr_carea' id='block_1_39' title="bbox 129 2325 1688 2400">
    <p class='ocr_par' dir='ltr' id='par_1_39' title="bbox 129 2325 1688 2400">
     <span class='ocr_line' id='line_1_39' title="bbox 129 2325 1688 2400; baseline -0.001 -19"><span class='ocrx_word' id='word_1_298' title='bbox 129 2331 154 2381; x_wconf 81' lang='grc' dir='ltr'>ὀ</span> <span class='ocrx_word' id='word_1_299' title='bbox 191 2329 345 2400; x_wconf 81' lang='grc' dir='ltr'>μέγας</span> <span class='ocrx_word' id='word_1_300' title='bbox 386 2327 495 2381; x_wconf 87' lang='grc' dir='ltr'><strong>τῶν</strong></span> <span class='ocrx_word' id='word_1_301' title='bbox 539 2325 681 2382; x_wconf 82' lang='grc' dir='ltr'>ὅλων</span> <span class='ocrx_word' id='word_1_302' title='bbox 720 2326 1055 2397; x_wconf 85' lang='grc' dir='ltr'>δημιουργὸς</span> <span class='ocrx_word' id='word_1_303' title='bbox 1085 2326 1259 2394; x_wconf 87' lang='grc' dir='ltr'>Λόγος</span> <span class='ocrx_word' id='word_1_304' title='bbox 1299 2328 1688 2398; x_wconf 77' lang='grc' dir='ltr'><strong>συνεστήσατο,</strong></span> 
     </span>
    </p>
   </div>
   <div class='ocr_carea' id='block_1_40' title="bbox 70 2408 1689 2493">
    <p class='ocr_par' dir='ltr' id='par_1_40' title="bbox 70 2408 1689 2493">
     <span class='ocr_line' id='line_1_40' title="bbox 70 2408 1689 2493; baseline -0.001 -17"><span class='ocrx_word' id='word_1_305' title='bbox 70 2408 75 2417; x_wconf 60' lang='grc'><em>’</em></span> <span class='ocrx_word' id='word_1_306' title='bbox 131 2422 218 2476; x_wconf 75' lang='grc' dir='ltr'>τιῖιν</span> <span class='ocrx_word' id='word_1_307' title='bbox 249 2422 501 2476; x_wconf 81' lang='grc' dir='ltr'><strong>ἐπέκεινα</strong></span> <span class='ocrx_word' id='word_1_308' title='bbox 521 2419 789 2493; x_wconf 77' lang='grc' dir='ltr'>οὐρανίων</span> <span class='ocrx_word' id='word_1_309' title='bbox 815 2418 1017 2490; x_wconf 73' lang='grc' dir='ltr'>ἀψίδων</span> <span class='ocrx_word' id='word_1_310' title='bbox 1046 2419 1208 2473; x_wconf 89' lang='grc' dir='ltr'>πάλιν</span> <span class='ocrx_word' id='word_1_311' title='bbox 1245 2420 1340 2475; x_wconf 76' lang='grc' dir='ltr'>καὶ</span> <span class='ocrx_word' id='word_1_312' title='bbox 1362 2420 1525 2486; x_wconf 76' lang='grc' dir='ltr'>αὐτὸς</span> <span class='ocrx_word' id='word_1_313' title='bbox 1563 2437 1689 2474; x_wconf 90' lang='grc' dir='ltr'>νοε-</span> 
     </span>
    </p>
   </div>
   <div class='ocr_carea' id='block_1_41' title="bbox 134 2510 1689 2587">
    <p class='ocr_par' dir='ltr' id='par_1_41' title="bbox 134 2510 1689 2587">
     <span class='ocr_line' id='line_1_41' title="bbox 134 2510 1689 2587; baseline -0.003 -18"><span class='ocrx_word' id='word_1_314' title='bbox 134 2514 216 2587; x_wconf 80' lang='grc' dir='ltr'><strong>ράν</strong></span> <span class='ocrx_word' id='word_1_315' title='bbox 256 2514 455 2586; x_wconf 76' lang='grc' dir='ltr'>ταύτην</span> <span class='ocrx_word' id='word_1_316' title='bbox 498 2512 598 2567; x_wconf 61' lang='lat' dir='ltr'><strong>ent</strong></span> <span class='ocrx_word' id='word_1_317' title='bbox 625 2513 731 2584; x_wconf 80' lang='grc' dir='ltr'>γῆς</span> <span class='ocrx_word' id='word_1_318' title='bbox 762 2511 947 2566; x_wconf 80' lang='grc' dir='ltr'>εἰκόνα</span> <span class='ocrx_word' id='word_1_319' title='bbox 982 2511 1483 2583; x_wconf 86' lang='grc' dir='ltr'>κατεργασάμενος,</span> <span class='ocrx_word' id='word_1_320' title='bbox 1512 2513 1590 2576; x_wconf 83' lang='grc' dir='ltr'>ὼς</span> <span class='ocrx_word' id='word_1_321' title='bbox 1620 2510 1689 2565; x_wconf 82' lang='grc' dir='ltr'>ἂν</span> 
     </span>
    </p>
   </div>
   <div class='ocr_carea' id='block_1_42' title="bbox 130 2601 1689 2678">
    <p class='ocr_par' dir='ltr' id='par_1_42' title="bbox 130 2601 1689 2678">
     <span class='ocr_line' id='line_1_42' title="bbox 130 2601 1689 2678; baseline -0.003 -18"><span class='ocrx_word' id='word_1_322' title='bbox 130 2606 202 2661; x_wconf 71' lang='grc' dir='ltr'><strong>διὰ</strong></span> <span class='ocrx_word' id='word_1_323' title='bbox 243 2608 416 2678; x_wconf 80' lang='grc' dir='ltr'>πάσης</span> <span class='ocrx_word' id='word_1_324' title='bbox 457 2606 561 2678; x_wconf 84' lang='grc' dir='ltr'>τῆς</span> <span class='ocrx_word' id='word_1_325' title='bbox 603 2605 867 2670; x_wconf 82' lang='grc' dir='ltr'>κτίσεως,</span> <span class='ocrx_word' id='word_1_326' title='bbox 911 2601 1021 2658; x_wconf 87' lang='grc' dir='ltr'><strong>τῶν</strong></span> <span class='ocrx_word' id='word_1_327' title='bbox 1078 2620 1138 2657; x_wconf 90' lang='grc' dir='ltr'><strong>τε</strong></span> <span class='ocrx_word' id='word_1_328' title='bbox 1182 2604 1277 2658; x_wconf 75' lang='grc' dir='ltr'><strong>ἐπὶ</strong></span> <span class='ocrx_word' id='word_1_329' title='bbox 1309 2604 1412 2676; x_wconf 83' lang='grc' dir='ltr'>γῆς</span> <span class='ocrx_word' id='word_1_330' title='bbox 1455 2603 1689 2673; x_wconf 84' lang='grc' dir='ltr'>λογικῶν</span> 
     </span>
    </p>
   </div>
   <div class='ocr_carea' id='block_1_43' title="bbox 131 2694 1687 2769">
    <p class='ocr_par' dir='ltr' id='par_1_43' title="bbox 131 2694 1687 2769">
     <span class='ocr_line' id='line_1_43' title="bbox 131 2694 1687 2769; baseline -0.004 -16"><span class='ocrx_word' id='word_1_331' title='bbox 131 2698 259 2763; x_wconf 80' lang='grc' dir='ltr'>ζώων</span> <span class='ocrx_word' id='word_1_332' title='bbox 284 2702 311 2753; x_wconf 83' lang='grc' dir='ltr'>ὁ</span> <span class='ocrx_word' id='word_1_333' title='bbox 338 2699 535 2769; x_wconf 83' lang='grc' dir='ltr'>Πατὴρ</span> <span class='ocrx_word' id='word_1_334' title='bbox 566 2696 716 2768; x_wconf 81' lang='grc' dir='ltr'><strong>αὐτῷ</strong></span> <span class='ocrx_word' id='word_1_335' title='bbox 746 2694 954 2766; x_wconf 81' lang='grc' dir='ltr'>τιμῷτό</span> <span class='ocrx_word' id='word_1_336' title='bbox 988 2712 1049 2748; x_wconf 89' lang='grc' dir='ltr'><strong>τε</strong></span> <span class='ocrx_word' id='word_1_337' title='bbox 1082 2695 1177 2763; x_wconf 80' lang='grc' dir='ltr'><strong>καὶ</strong></span> <span class='ocrx_word' id='word_1_338' title='bbox 1210 2695 1443 2750; x_wconf 66' lang='grc' dir='ltr'>σέὼιτο.</span> <span class='ocrx_word' id='word_1_339' title='bbox 1493 2694 1605 2751; x_wconf 83' lang='grc' dir='ltr'>Τὸν</span> <span class='ocrx_word' id='word_1_340' title='bbox 1629 2694 1687 2748; x_wconf 84' lang='grc' dir='ltr'>δὲ</span> 
     </span>
    </p>
   </div>
   <div class='ocr_carea' id='block_1_44' title="bbox 129 2786 1687 2863">
    <p class='ocr_par' dir='ltr' id='par_1_44' title="bbox 129 2786 1687 2863">
     <span class='ocr_line' id='line_1_44' title="bbox 129 2786 1687 2863; baseline -0.001 -21"><span class='ocrx_word' id='word_1_341' title='bbox 129 2789 492 2863; x_wconf 79' lang='grc' dir='ltr'>ὑπερουράνιον</span> <span class='ocrx_word' id='word_1_342' title='bbox 535 2788 717 2861; x_wconf 87' lang='grc' dir='ltr'>χῶρον</span> <span class='ocrx_word' id='word_1_343' title='bbox 759 2787 872 2860; x_wconf 65' lang='grc' dir='ltr'><strong>(Η)</strong></span> <span class='ocrx_word' id='word_1_344' title='bbox 920 2788 1014 2842; x_wconf 73' lang='grc' dir='ltr'>καὶ</span> <span class='ocrx_word' id='word_1_345' title='bbox 1066 2787 1137 2843; x_wconf 89' lang='grc' dir='ltr'><strong>τά</strong></span> <span class='ocrx_word' id='word_1_346' title='bbox 1193 2788 1373 2842; x_wconf 83' lang='grc' dir='ltr'>ὲκεῖσε</span> <span class='ocrx_word' id='word_1_347' title='bbox 1417 2786 1526 2843; x_wconf 88' lang='grc' dir='ltr'><strong>τῶν</strong></span> <span class='ocrx_word' id='word_1_348' title='bbox 1559 2787 1687 2860; x_wconf 83' lang='grc' dir='ltr'>τῇδε</span> 
     </span>
    </p>
   </div>
   <div class='ocr_carea' id='block_1_45' title="bbox 131 2876 1690 2952">
    <p class='ocr_par' dir='ltr' id='par_1_45' title="bbox 131 2876 1690 2952">
     <span class='ocr_line' id='line_1_45' title="bbox 131 2876 1690 2952; baseline 0.002 -23"><span class='ocrx_word' id='word_1_349' title='bbox 131 2880 526 2952; x_wconf 74' lang='grc' dir='ltr'>παραδείγματα</span> <span class='ocrx_word' id='word_1_350' title='bbox 549 2920 564 2944; x_wconf 93' lang='grc'><strong>,</strong></span> <span class='ocrx_word' id='word_1_351' title='bbox 602 2876 706 2950; x_wconf 80' lang='grc' dir='ltr'>τήν</span> <span class='ocrx_word' id='word_1_352' title='bbox 752 2895 813 2931; x_wconf 88' lang='grc' dir='ltr'><strong>τε</strong></span> <span class='ocrx_word' id='word_1_353' title='bbox 852 2878 965 2934; x_wconf 78' lang='grc' dir='ltr'><strong>ἀνω</strong></span> <span class='ocrx_word' id='word_1_354' title='bbox 995 2878 1293 2951; x_wconf 79' lang='grc' dir='ltr'>λεγομένην</span> <span class='ocrx_word' id='word_1_355' title='bbox 1334 2878 1690 2951; x_wconf 66' lang='grc' dir='ltr'>Ἰερουσαλὴμ</span> 
     </span>
    </p>
   </div>
   <div class='ocr_carea' id='block_1_46' title="bbox 128 2971 1689 3046">
    <p class='ocr_par' dir='ltr' id='par_1_46' title="bbox 128 2971 1689 3046">
     <span class='ocr_line' id='line_1_46' title="bbox 128 2971 1689 3046; baseline 0.002 -22"><span class='ocrx_word' id='word_1_356' title='bbox 128 2973 206 3024; x_wconf 72' lang='grc' dir='ltr'><strong>καὶ</strong></span> <span class='ocrx_word' id='word_1_357' title='bbox 224 2973 281 3026; x_wconf 83' lang='grc' dir='ltr'><strong>τὺ</strong></span> <span class='ocrx_word' id='word_1_358' title='bbox 304 2972 444 3025; x_wconf 84' lang='grc' dir='ltr'>Σιὼν</span> <span class='ocrx_word' id='word_1_359' title='bbox 462 2972 593 3044; x_wconf 76' lang='grc' dir='ltr'>ὄρος</span> <span class='ocrx_word' id='word_1_360' title='bbox 612 2971 676 3025; x_wconf 86' lang='grc' dir='ltr'>τὸ</span> <span class='ocrx_word' id='word_1_361' title='bbox 700 2971 1039 3043; x_wconf 76' lang='grc' dir='ltr'>ἐπουράνιον,</span> <span class='ocrx_word' id='word_1_362' title='bbox 1068 2974 1163 3027; x_wconf 73' lang='grc' dir='ltr'>καὶ</span> <span class='ocrx_word' id='word_1_363' title='bbox 1193 2973 1289 3045; x_wconf 75' lang='grc' dir='ltr'><strong>τὴν</strong></span> <span class='ocrx_word' id='word_1_364' title='bbox 1316 2973 1689 3046; x_wconf 79' lang='grc' dir='ltr'>ὑπερκόσμιον</span> 
     </span>
    </p>
   </div>
   <div class='ocr_carea' id='block_1_47' title="bbox 130 3057 1690 3137">
    <p class='ocr_par' dir='ltr' id='par_1_47' title="bbox 130 3057 1690 3137">
     <span class='ocr_line' id='line_1_47' title="bbox 130 3057 1690 3137; baseline 0.002 -21"><span class='ocrx_word' id='word_1_365' title='bbox 130 3064 259 3116; x_wconf 77' lang='grc' dir='ltr'>πόλιν</span> <span class='ocrx_word' id='word_1_366' title='bbox 288 3063 382 3118; x_wconf 75' lang='grc' dir='ltr'><strong>τοῦ</strong></span> <span class='ocrx_word' id='word_1_367' title='bbox 413 3063 622 3129; x_wconf 82' lang='grc' dir='ltr'>ζῶντος</span> <span class='ocrx_word' id='word_1_368' title='bbox 644 3062 805 3128; x_wconf 76' lang='grc' dir='ltr'>Θεοῦ,</span> <span class='ocrx_word' id='word_1_369' title='bbox 833 3064 891 3117; x_wconf 82' lang='grc' dir='ltr'>ὲν</span> <span class='ocrx_word' id='word_1_370' title='bbox 994 3065 1250 3137; x_wconf 84' lang='grc' dir='ltr'>μυριάδες</span> <span class='ocrx_word' id='word_1_371' title='bbox 1272 3064 1520 3134; x_wconf 83' lang='grc' dir='ltr'>ἀγγέλων</span> <span class='ocrx_word' id='word_1_372' title='bbox 1551 3083 1690 3119; x_wconf 82' lang='grc' dir='ltr'>παν-</span> 
     </span>
    </p>
   </div>
   <div class='ocr_carea' id='block_1_48' title="bbox 129 3154 1691 3230">
    <p class='ocr_par' dir='ltr' id='par_1_48' title="bbox 129 3154 1691 3230">
     <span class='ocr_line' id='line_1_48' title="bbox 129 3154 1691 3230; baseline 0.001 -21"><span class='ocrx_word' id='word_1_373' title='bbox 129 3154 324 3228; x_wconf 55' lang='lat' dir='ltr'><strong>incipit;</strong></span> <span class='ocrx_word' id='word_1_374' title='bbox 371 3156 468 3210; x_wconf 68' lang='lat' dir='ltr'><strong>xui.</strong></span> <span class='ocrx_word' id='word_1_375' title='bbox 508 3155 811 3227; x_wconf 74' lang='grc' dir='ltr'>Ἐκκλησία</span> <span class='ocrx_word' id='word_1_376' title='bbox 856 3157 1217 3230; x_wconf 85' lang='grc' dir='ltr'>πρωτοτόκων</span> <span class='ocrx_word' id='word_1_377' title='bbox 1254 3157 1691 3229; x_wconf 83' lang='grc' dir='ltr'>ἀπογεγραμμέ-</span> 
     </span>
    </p>
   </div>
   <div class='ocr_carea' id='block_1_49' title="bbox 129 3232 1760 3323">
    <p class='ocr_par' dir='ltr' id='par_1_49' title="bbox 129 3232 1760 3323">
     <span class='ocr_line' id='line_1_49' title="bbox 129 3232 1760 3323; baseline 0.002 -20"><span class='ocrx_word' id='word_1_378' title='bbox 129 3267 215 3303; x_wconf 85' lang='grc' dir='ltr'><strong>νων</strong></span> <span class='ocrx_word' id='word_1_379' title='bbox 242 3253 297 3304; x_wconf 82' lang='grc' dir='ltr'>ἐν</span> <span class='ocrx_word' id='word_1_380' title='bbox 329 3250 618 3322; x_wconf 74' lang='grc' dir='ltr'>οὐρανοῖς,</span> <span class='ocrx_word' id='word_1_381' title='bbox 664 3251 787 3313; x_wconf 85' lang='grc' dir='ltr'>ταῖς</span> <span class='ocrx_word' id='word_1_382' title='bbox 827 3250 1088 3323; x_wconf 74' lang='grc' dir='ltr'>ἀρρήτοις</span> <span class='ocrx_word' id='word_1_383' title='bbox 1124 3250 1219 3303; x_wconf 82' lang='grc' dir='ltr'>καὶ</span> <span class='ocrx_word' id='word_1_384' title='bbox 1258 3249 1690 3318; x_wconf 86' lang='grc' dir='ltr'>ἀνεπιλογίστοις</span> <span class='ocrx_word' id='word_1_385' title='bbox 1716 3232 1760 3290; x_wconf 72' lang='lat' dir='ltr'><strong>c</strong></span> 
     </span>
    </p>
   </div>
   <div class='ocr_carea' id='block_1_50' title="bbox 129 3341 1692 3413">
    <p class='ocr_par' dir='ltr' id='par_1_50' title="bbox 129 3341 1692 3413">
     <span class='ocr_line' id='line_1_50' title="bbox 129 3341 1692 3413; baseline 0 -16"><span class='ocrx_word' id='word_1_386' title='bbox 129 3342 238 3413; x_wconf 71' lang='grc' dir='ltr'>ἡμῖν</span> <span class='ocrx_word' id='word_1_387' title='bbox 268 3342 596 3413; x_wconf 83' lang='grc' dir='ltr'>θεολογίαις,</span> <span class='ocrx_word' id='word_1_388' title='bbox 637 3341 730 3394; x_wconf 72' lang='grc' dir='ltr'><strong>τὸν</strong></span> <span class='ocrx_word' id='word_1_389' title='bbox 763 3342 913 3411; x_wconf 87' lang='grc' dir='ltr'>σφῶν</span> <span class='ocrx_word' id='word_1_390' title='bbox 947 3341 1178 3413; x_wconf 84' lang='grc' dir='ltr'>ποιητὴν</span> <span class='ocrx_word' id='word_1_391' title='bbox 1217 3342 1309 3394; x_wconf 73' lang='grc' dir='ltr'>καὶ</span> <span class='ocrx_word' id='word_1_392' title='bbox 1338 3342 1692 3413; x_wconf 87' lang='grc' dir='ltr'>πανηγεμόνα</span> 
     </span>
    </p>
   </div>
   <div class='ocr_carea' id='block_1_51' title="bbox 127 3425 1691 3505">
    <p class='ocr_par' dir='ltr' id='par_1_51' title="bbox 127 3425 1691 3505">
     <span class='ocr_line' id='line_1_51' title="bbox 127 3425 1691 3505; baseline -0.001 -18"><span class='ocrx_word' id='word_1_393' title='bbox 127 3432 215 3487; x_wconf 76' lang='grc' dir='ltr'><strong>τῶν</strong></span> <span class='ocrx_word' id='word_1_394' title='bbox 248 3434 384 3487; x_wconf 79' lang='grc' dir='ltr'>ὅλων</span> <span class='ocrx_word' id='word_1_395' title='bbox 425 3432 811 3505; x_wconf 80' lang='grc' dir='ltr'>γεραίρουσιν,</span> <span class='ocrx_word' id='word_1_396' title='bbox 866 3426 927 3486; x_wconf 77' lang='grc' dir='ltr'>οὗ</span> <span class='ocrx_word' id='word_1_397' title='bbox 974 3432 1057 3496; x_wconf 87' lang='grc' dir='ltr'><strong>τίς</strong></span> <span class='ocrx_word' id='word_1_398' title='bbox 1106 3431 1299 3501; x_wconf 61' lang='lat' dir='ltr'><strong>omo;</strong></span> <span class='ocrx_word' id='word_1_399' title='bbox 1335 3425 1447 3494; x_wconf 76' lang='grc' dir='ltr'>οἷός</span> <span class='ocrx_word' id='word_1_400' title='bbox 1479 3447 1537 3484; x_wconf 87' lang='grc' dir='ltr'><strong>τε</strong></span> <span class='ocrx_word' id='word_1_401' title='bbox 1571 3432 1691 3485; x_wconf 83' lang='grc' dir='ltr'>κατ’</span> 
     </span>
    </p>
   </div>
   <div class='ocr_carea' id='block_1_52' title="bbox 126 3519 1693 3599">
    <p class='ocr_par' dir='ltr' id='par_1_52' title="bbox 126 3519 1693 3599">
     <span class='ocr_line' id='line_1_52' title="bbox 126 3519 1693 3599; baseline -0.001 -21"><span class='ocrx_word' id='word_1_402' title='bbox 126 3526 257 3593; x_wconf 78' lang='grc' dir='ltr'>ἀξίαν</span> <span class='ocrx_word' id='word_1_403' title='bbox 295 3528 573 3599; x_wconf 83' lang='grc' dir='ltr'>ὑμνῆσαι;</span> <span class='ocrx_word' id='word_1_404' title='bbox 599 3525 667 3581; x_wconf 86' lang='grc' dir='ltr'>Ὅ</span> <span class='ocrx_word' id='word_1_405' title='bbox 689 3543 742 3579; x_wconf 91' lang='grc' dir='ltr'><strong>τι</strong></span> <span class='ocrx_word' id='word_1_406' title='bbox 772 3525 835 3598; x_wconf 81' lang='grc' dir='ltr'>δὴ</span> <span class='ocrx_word' id='word_1_407' title='bbox 867 3524 1144 3597; x_wconf 81' lang='grc' dir='ltr'>ὀφθαλμὸς</span> <span class='ocrx_word' id='word_1_408' title='bbox 1171 3525 1272 3578; x_wconf 81' lang='grc' dir='ltr'>οὐκ</span> <span class='ocrx_word' id='word_1_409' title='bbox 1302 3519 1431 3587; x_wconf 74' lang='grc' dir='ltr'>εἶδε,</span> <span class='ocrx_word' id='word_1_410' title='bbox 1464 3524 1558 3576; x_wconf 60' lang='grc' dir='ltr'><strong>καὶ⁵</strong></span> <span class='ocrx_word' id='word_1_411' title='bbox 1600 3520 1693 3588; x_wconf 77' lang='grc' dir='ltr'><strong>οὖς</strong></span> 
     </span>
    </p>
   </div>
   <div class='ocr_carea' id='block_1_53' title="bbox 126 3616 1690 3693">
    <p class='ocr_par' dir='ltr' id='par_1_53' title="bbox 126 3616 1690 3693">
     <span class='ocr_line' id='line_1_53' title="bbox 126 3616 1690 3693; baseline -0.002 -21"><span class='ocrx_word' id='word_1_412' title='bbox 126 3621 209 3673; x_wconf 73' lang='grc' dir='ltr'>οὐκ</span> <span class='ocrx_word' id='word_1_413' title='bbox 244 3622 445 3693; x_wconf 70' lang='grc' dir='ltr'>ἢκουσε</span> <span class='ocrx_word' id='word_1_414' title='bbox 464 3662 480 3687; x_wconf 91' lang='grc'><strong>,</strong></span> <span class='ocrx_word' id='word_1_415' title='bbox 518 3620 618 3673; x_wconf 78' lang='grc' dir='ltr'><strong>καὶ</strong></span> <span class='ocrx_word' id='word_1_416' title='bbox 655 3617 751 3671; x_wconf 77' lang='grc' dir='ltr'><strong>ἐπὶ</strong></span> <span class='ocrx_word' id='word_1_417' title='bbox 780 3618 1005 3691; x_wconf 85' lang='grc' dir='ltr'>καρδίαν</span> <span class='ocrx_word' id='word_1_418' title='bbox 1035 3616 1327 3689; x_wconf 81' lang='grc' dir='ltr'>ἀνθρώπου</span> <span class='ocrx_word' id='word_1_419' title='bbox 1369 3616 1469 3671; x_wconf 73' lang='grc' dir='ltr'>οὐκ</span> <span class='ocrx_word' id='word_1_420' title='bbox 1498 3616 1690 3688; x_wconf 74' lang='grc' dir='ltr'>ἀνέϐη,</span> 
     </span>
    </p>
   </div>
   <div class='ocr_carea' id='block_1_54' title="bbox 123 3708 1694 3786">
    <p class='ocr_par' dir='ltr' id='par_1_54' title="bbox 123 3708 1694 3786">
     <span class='ocr_line' id='line_1_54' title="bbox 123 3708 1694 3786; baseline -0.003 -19"><span class='ocrx_word' id='word_1_421' title='bbox 123 3714 243 3769; x_wconf 77' lang='grc' dir='ltr'>αὑτά</span> <span class='ocrx_word' id='word_1_422' title='bbox 277 3715 346 3786; x_wconf 79' lang='grc' dir='ltr'>δὴ</span> <span class='ocrx_word' id='word_1_423' title='bbox 386 3715 565 3768; x_wconf 78' lang='grc' dir='ltr'>ταῦτα</span> <span class='ocrx_word' id='word_1_424' title='bbox 604 3712 642 3767; x_wconf 76' lang='grc' dir='ltr'>ἃ</span> <span class='ocrx_word' id='word_1_425' title='bbox 683 3713 978 3784; x_wconf 80' lang='grc' dir='ltr'>ἡτοίμασεν</span> <span class='ocrx_word' id='word_1_426' title='bbox 1017 3713 1046 3765; x_wconf 85' lang='grc' dir='ltr'>ὁ</span> <span class='ocrx_word' id='word_1_427' title='bbox 1079 3710 1213 3774; x_wconf 79' lang='grc' dir='ltr'>Θεὸς</span> <span class='ocrx_word' id='word_1_428' title='bbox 1252 3712 1365 3775; x_wconf 90' lang='grc' dir='ltr'>τοῖς</span> <span class='ocrx_word' id='word_1_429' title='bbox 1406 3708 1694 3778; x_wconf 80' lang='grc' dir='ltr'>ἀγαπῶσιν</span> 
     </span>
    </p>
   </div>
   <div class='ocr_carea' id='block_1_55' title="bbox 126 3800 1694 3878">
    <p class='ocr_par' dir='ltr' id='par_1_55' title="bbox 126 3800 1694 3878">
     <span class='ocr_line' id='line_1_55' title="bbox 126 3800 1694 3878; baseline -0.001 -22"><span class='ocrx_word' id='word_1_430' title='bbox 126 3805 262 3861; x_wconf 65' lang='grc' dir='ltr'>αὐτόν</span> <span class='ocrx_word' id='word_1_431' title='bbox 285 3824 298 3836; x_wconf 89' lang='grc'><strong>·</strong></span> <span class='ocrx_word' id='word_1_432' title='bbox 335 3800 414 3861; x_wconf 81' lang='grc' dir='ltr'><strong>ῶν</strong></span> <span class='ocrx_word' id='word_1_433' title='bbox 445 3806 548 3878; x_wconf 71' lang='grc' dir='ltr'>ἤδη</span> <span class='ocrx_word' id='word_1_434' title='bbox 584 3807 644 3859; x_wconf 83' lang='grc' dir='ltr'><strong>ὲν</strong></span> <span class='ocrx_word' id='word_1_435' title='bbox 693 3805 850 3877; x_wconf 89' lang='grc' dir='ltr'>μέρει</span> <span class='ocrx_word' id='word_1_436' title='bbox 892 3802 1321 3869; x_wconf 78' lang='grc' dir='ltr'>καταξιωθέντες</span> <span class='ocrx_word' id='word_1_437' title='bbox 1359 3801 1550 3874; x_wconf 80' lang='grc' dir='ltr'>ἄνδρες</span> <span class='ocrx_word' id='word_1_438' title='bbox 1579 3800 1694 3872; x_wconf 74' lang='grc' dir='ltr'>ἅμα</span> 
     </span>
    </p>
   </div>
   <div class='ocr_carea' id='block_1_56' title="bbox 127 3891 1697 3969">
    <p class='ocr_par' dir='ltr' id='par_1_56' title="bbox 127 3891 1697 3969">
     <span class='ocr_line' id='line_1_56' title="bbox 127 3891 1697 3969; baseline -0.004 -19"><span class='ocrx_word' id='word_1_439' title='bbox 127 3899 257 3951; x_wconf 58' lang='grc' dir='ltr'>παισὶ</span> <span class='ocrx_word' id='word_1_440' title='bbox 282 3899 384 3954; x_wconf 74' lang='grc' dir='ltr'><strong>καὶ</strong></span> <span class='ocrx_word' id='word_1_441' title='bbox 404 3897 643 3967; x_wconf 74' lang='grc' dir='ltr'>γυναιξὶ,</span> <span class='ocrx_word' id='word_1_442' title='bbox 667 3897 854 3969; x_wconf 68' lang='grc' dir='ltr'>μικροὶ</span> <span class='ocrx_word' id='word_1_443' title='bbox 874 3895 967 3950; x_wconf 76' lang='grc' dir='ltr'>καὶ</span> <span class='ocrx_word' id='word_1_444' title='bbox 991 3894 1239 3966; x_wconf 82' lang='grc' dir='ltr'>μεγάλοι,</span> <span class='ocrx_word' id='word_1_445' title='bbox 1263 3892 1463 3957; x_wconf 87' lang='grc' dir='ltr'>πάντες</span> <span class='ocrx_word' id='word_1_446' title='bbox 1485 3891 1697 3963; x_wconf 68' lang='grc' dir='ltr'>ἁθρόως</span> 
     </span>
    </p>
   </div>
   <div class='ocr_carea' id='block_1_57' title="bbox 126 3983 1696 4064">
    <p class='ocr_par' dir='ltr' id='par_1_57' title="bbox 126 3983 1696 4064">
     <span class='ocr_line' id='line_1_57' title="bbox 126 3983 1696 4064; baseline -0.003 -23"><span class='ocrx_word' id='word_1_447' title='bbox 126 3991 265 4045; x_wconf 80' lang='grc' dir='ltr'><strong>ὲνὲνὶ</strong></span> <span class='ocrx_word' id='word_1_448' title='bbox 289 3991 569 4064; x_wconf 80' lang='grc' dir='ltr'>πνεύματι</span> <span class='ocrx_word' id='word_1_449' title='bbox 607 3989 707 4044; x_wconf 74' lang='grc' dir='ltr'><strong>καὶ</strong></span> <span class='ocrx_word' id='word_1_450' title='bbox 753 3991 854 4061; x_wconf 77' lang='grc' dir='ltr'><strong>μιᾷ</strong></span> <span class='ocrx_word' id='word_1_451' title='bbox 888 3988 1034 4059; x_wconf 76' lang='grc' dir='ltr'>ψυχῇ</span> <span class='ocrx_word' id='word_1_452' title='bbox 1056 4027 1071 4052; x_wconf 95' lang='grc'><strong>,</strong></span> <span class='ocrx_word' id='word_1_453' title='bbox 1131 3987 1204 4059; x_wconf 78' lang='grc' dir='ltr'>μὴ</span> <span class='ocrx_word' id='word_1_454' title='bbox 1238 3985 1573 4055; x_wconf 81' lang='grc' dir='ltr'>διαλίπωμεν</span> <span class='ocrx_word' id='word_1_455' title='bbox 1610 3983 1696 4049; x_wconf 75' lang='grc' dir='ltr'><strong>ἐξ·</strong></span> 
     </span>
    </p>
   </div>
   <div class='ocr_carea' id='block_1_58' title="bbox 124 4078 1697 4158">
    <p class='ocr_par' dir='ltr' id='par_1_58' title="bbox 124 4078 1697 4158">
     <span class='ocr_line' id='line_1_58' title="bbox 124 4078 1697 4158; baseline -0.007 -17"><span class='ocrx_word' id='word_1_456' title='bbox 124 4085 546 4158; x_wconf 79' lang='grc' dir='ltr'>ομολογούμενοι,</span> <span class='ocrx_word' id='word_1_457' title='bbox 588 4083 687 4139; x_wconf 72' lang='grc' dir='ltr'><strong>καὶ</strong></span> <span class='ocrx_word' id='word_1_458' title='bbox 718 4083 810 4138; x_wconf 83' lang='grc' dir='ltr'>τὸν</span> <span class='ocrx_word' id='word_1_459' title='bbox 833 4081 944 4137; x_wconf 85' lang='grc' dir='ltr'><strong>τῶν</strong></span> <span class='ocrx_word' id='word_1_460' title='bbox 973 4081 1242 4135; x_wconf 83' lang='grc' dir='ltr'>τοσούτων</span> <span class='ocrx_word' id='word_1_461' title='bbox 1270 4082 1404 4152; x_wconf 80' lang='grc' dir='ltr'>ἡμῖν</span> <span class='ocrx_word' id='word_1_462' title='bbox 1428 4078 1536 4147; x_wconf 76' lang='grc'><strong>(48)</strong></span> <span class='ocrx_word' id='word_1_463' title='bbox 1561 4078 1697 4147; x_wconf 83' lang='grc' dir='ltr'>ἀγα-</span> 
     </span>
    </p>
   </div>
   <div class='ocr_carea' id='block_1_59' title="bbox 127 4169 1698 4251">
    <p class='ocr_par' dir='ltr' id='par_1_59' title="bbox 127 4169 1698 4251">
     <span class='ocr_line' id='line_1_59' title="bbox 127 4169 1698 4251; baseline -0.005 -21"><span class='ocrx_word' id='word_1_464' title='bbox 127 4176 216 4232; x_wconf 80' lang='grc' dir='ltr'><strong>θῶν</strong></span> <span class='ocrx_word' id='word_1_465' title='bbox 259 4178 554 4251; x_wconf 78' lang='grc' dir='ltr'>παραίτιον</span> <span class='ocrx_word' id='word_1_466' title='bbox 602 4174 1073 4246; x_wconf 67' lang='grc' dir='ltr'>ἀνευφημοῦντες,</span> <span class='ocrx_word' id='word_1_467' title='bbox 1126 4190 1145 4224; x_wconf 79' lang='grc' dir='ltr'><strong>ι</strong></span> <span class='ocrx_word' id='word_1_468' title='bbox 1172 4174 1263 4226; x_wconf 84' lang='grc' dir='ltr'>τὸν</span> <span class='ocrx_word' id='word_1_469' title='bbox 1320 4169 1698 4225; x_wconf 75' lang='grc' dir='ltr'>εὐῖλατεύοντα</span> 
     </span>
    </p>
   </div>
   <div class='ocr_carea' id='block_1_60' title="bbox 128 4260 1698 4340">
    <p class='ocr_par' dir='ltr' id='par_1_60' title="bbox 128 4260 1698 4340">
     <span class='ocr_line' id='line_1_60' title="bbox 128 4260 1698 4340; baseline -0.005 -16"><span class='ocrx_word' id='word_1_470' title='bbox 128 4269 301 4336; x_wconf 71' lang='grc' dir='ltr'>πάσαις</span> <span class='ocrx_word' id='word_1_471' title='bbox 329 4274 455 4335; x_wconf 89' lang='grc' dir='ltr'>ταῖς</span> <span class='ocrx_word' id='word_1_472' title='bbox 496 4268 757 4340; x_wconf 86' lang='grc' dir='ltr'>ἀνομίαις</span> <span class='ocrx_word' id='word_1_473' title='bbox 796 4265 975 4338; x_wconf 82' lang='grc' dir='ltr'>ἡμῶν,</span> <span class='ocrx_word' id='word_1_474' title='bbox 1005 4266 1097 4319; x_wconf 80' lang='grc' dir='ltr'><strong>τὸν</strong></span> <span class='ocrx_word' id='word_1_475' title='bbox 1132 4264 1362 4336; x_wconf 74' lang='grc' dir='ltr'>ἰώμενον</span> <span class='ocrx_word' id='word_1_476' title='bbox 1399 4262 1576 4326; x_wconf 84' lang='grc' dir='ltr'>πάσας</span> <span class='ocrx_word' id='word_1_477' title='bbox 1599 4260 1698 4323; x_wconf 80' lang='grc' dir='ltr'>τὰς</span> 
     </span>
    </p>
   </div>
   <div class='ocr_carea' id='block_1_61' title="bbox 127 4349 1698 4435">
    <p class='ocr_par' dir='ltr' id='par_1_61' title="bbox 127 4349 1698 4435">
     <span class='ocr_line' id='line_1_61' title="bbox 127 4349 1698 4435; baseline -0.01 -19"><span class='ocrx_word' id='word_1_478' title='bbox 127 4361 288 4427; x_wconf 81' lang='grc' dir='ltr'>νόσους</span> <span class='ocrx_word' id='word_1_479' title='bbox 315 4360 513 4435; x_wconf 78' lang='grc' dir='ltr'>ἡμῶν,</span> <span class='ocrx_word' id='word_1_480' title='bbox 541 4359 637 4414; x_wconf 77' lang='grc' dir='ltr'><strong>τὸν</strong></span> <span class='ocrx_word' id='word_1_481' title='bbox 669 4355 1035 4428; x_wconf 86' lang='grc' dir='ltr'>λυτρούμενον</span> <span class='ocrx_word' id='word_1_482' title='bbox 1076 4356 1141 4407; x_wconf 85' lang='grc' dir='ltr'>ὲκ</span> <span class='ocrx_word' id='word_1_483' title='bbox 1181 4352 1385 4423; x_wconf 78' lang='grc' dir='ltr'>φθορᾶς</span> <span class='ocrx_word' id='word_1_484' title='bbox 1413 4350 1512 4421; x_wconf 83' lang='grc' dir='ltr'>τὴν</span> <span class='ocrx_word' id='word_1_485' title='bbox 1552 4349 1698 4420; x_wconf 79' lang='grc' dir='ltr'>ζωὴν</span> 
     </span>
    </p>
   </div>
   <div class='ocr_carea' id='block_1_62' title="bbox 127 4443 1695 4523">
    <p class='ocr_par' dir='ltr' id='par_1_62' title="bbox 127 4443 1695 4523">
     <span class='ocr_line' id='line_1_62' title="bbox 127 4443 1695 4523; baseline -0.01 -14"><span class='ocrx_word' id='word_1_486' title='bbox 127 4451 277 4523; x_wconf 76' lang='grc' dir='ltr'>ἡμῶν,</span> <span class='ocrx_word' id='word_1_487' title='bbox 297 4456 390 4509; x_wconf 78' lang='grc' dir='ltr'>τὸν</span> <span class='ocrx_word' id='word_1_488' title='bbox 416 4448 795 4522; x_wconf 75' lang='grc' dir='ltr'>στεφανοῦντα</span> <span class='ocrx_word' id='word_1_489' title='bbox 823 4449 972 4519; x_wconf 81' lang='grc' dir='ltr'>ἡμᾶς</span> <span class='ocrx_word' id='word_1_490' title='bbox 1000 4447 1057 4500; x_wconf 79' lang='grc' dir='ltr'><strong>ἐν</strong></span> <span class='ocrx_word' id='word_1_491' title='bbox 1081 4445 1223 4499; x_wconf 72' lang='grc' dir='ltr'>ἐλέει</span> <span class='ocrx_word' id='word_1_492' title='bbox 1250 4443 1347 4497; x_wconf 77' lang='grc' dir='ltr'>καὶ</span> <span class='ocrx_word' id='word_1_493' title='bbox 1369 4443 1695 4513; x_wconf 77' lang='grc' dir='ltr'>οἰκτιρμοῖς,</span> 
     </span>
    </p>
   </div>
   <div class='ocr_carea' id='block_1_63' title="bbox 124 4532 1691 4619">
    <p class='ocr_par' dir='ltr' id='par_1_63' title="bbox 124 4532 1691 4619">
     <span class='ocr_line' id='line_1_63' title="bbox 124 4532 1691 4619; baseline -0.007 -22"><span class='ocrx_word' id='word_1_494' title='bbox 124 4545 199 4599; x_wconf 73' lang='grc' dir='ltr'><strong>τὸν</strong></span> <span class='ocrx_word' id='word_1_495' title='bbox 212 4545 614 4619; x_wconf 82' lang='grc' dir='ltr'>ὲμπιμπλῶντα</span> <span class='ocrx_word' id='word_1_496' title='bbox 630 4542 744 4613; x_wconf 70' lang='grc'><strong>(49)</strong></span> <span class='ocrx_word' id='word_1_497' title='bbox 758 4543 815 4596; x_wconf 81' lang='grc' dir='ltr'><strong>ὲν</strong></span> <span class='ocrx_word' id='word_1_498' title='bbox 832 4539 1057 4610; x_wconf 85' lang='grc' dir='ltr'>ἀγαθοῖς</span> <span class='ocrx_word' id='word_1_499' title='bbox 1080 4538 1180 4611; x_wconf 78' lang='grc' dir='ltr'>τὴν</span> <span class='ocrx_word' id='word_1_500' title='bbox 1203 4536 1361 4591; x_wconf 83' lang='grc' dir='ltr'>ὲπιθυ</span> <span class='ocrx_word' id='word_1_501' title='bbox 1370 4535 1498 4607; x_wconf 92' lang='grc' dir='ltr'>μίαν</span> <span class='ocrx_word' id='word_1_502' title='bbox 1515 4532 1691 4606; x_wconf 77' lang='grc' dir='ltr'>ἡμῶν·</span> 
     </span>
    </p>
   </div>
   <div class='ocr_carea' id='block_1_64' title="bbox 124 4619 1695 4703">
    <p class='ocr_par' dir='ltr' id='par_1_64' title="bbox 124 4619 1695 4703">
     <span class='ocr_line' id='line_1_64' title="bbox 124 4619 1695 4703; baseline -0.01 -16"><span class='ocrx_word' id='word_1_503' title='bbox 124 4634 190 4689; x_wconf 74' lang='grc' dir='ltr'>ὅτι</span> <span class='ocrx_word' id='word_1_504' title='bbox 219 4639 276 4690; x_wconf 75' lang='grc' dir='ltr'>οὐ</span> <span class='ocrx_word' id='word_1_505' title='bbox 302 4637 448 4691; x_wconf 87' lang='grc' dir='ltr'><strong>κατά</strong></span> <span class='ocrx_word' id='word_1_506' title='bbox 479 4634 585 4698; x_wconf 77' lang='grc' dir='ltr'><strong>τὰς</strong></span> <span class='ocrx_word' id='word_1_507' title='bbox 617 4629 897 4703; x_wconf 79' lang='grc' dir='ltr'>ἁμαρτίας</span> <span class='ocrx_word' id='word_1_508' title='bbox 923 4627 1079 4700; x_wconf 85' lang='grc' dir='ltr'>ήμῶν</span> <span class='ocrx_word' id='word_1_509' title='bbox 1105 4626 1364 4697; x_wconf 75' lang='grc' dir='ltr'>ἐποίησεν</span> <span class='ocrx_word' id='word_1_510' title='bbox 1386 4625 1542 4696; x_wconf 81' lang='grc' dir='ltr'>ἡμῖν,</span> <span class='ocrx_word' id='word_1_511' title='bbox 1571 4619 1695 4674; x_wconf 78' lang='grc' dir='ltr'>οὐδὲ</span> 
     </span>
    </p>
   </div>
   <div class='ocr_carea' id='block_1_65' title="bbox 125 4711 1692 4797">
    <p class='ocr_par' dir='ltr' id='par_1_65' title="bbox 125 4711 1692 4797">
     <span class='ocr_line' id='line_1_65' title="bbox 125 4711 1692 4797; baseline -0.01 -18"><span class='ocrx_word' id='word_1_512' title='bbox 125 4726 245 4779; x_wconf 78' lang='grc' dir='ltr'><strong>κατά</strong></span> <span class='ocrx_word' id='word_1_513' title='bbox 272 4727 369 4792; x_wconf 78' lang='grc' dir='ltr'><strong>τὰς</strong></span> <span class='ocrx_word' id='word_1_514' title='bbox 398 4725 641 4797; x_wconf 87' lang='grc' dir='ltr'>ἀνομίας</span> <span class='ocrx_word' id='word_1_515' title='bbox 669 4720 832 4793; x_wconf 82' lang='grc' dir='ltr'>ἡμῶν</span> <span class='ocrx_word' id='word_1_516' title='bbox 859 4717 1241 4774; x_wconf 87' lang='grc' dir='ltr'>ἀνταπέδωκεν</span> <span class='ocrx_word' id='word_1_517' title='bbox 1263 4717 1395 4787; x_wconf 79' lang='grc' dir='ltr'>ἡμῖν</span> <span class='ocrx_word' id='word_1_518' title='bbox 1415 4731 1429 4744; x_wconf 70' lang='grc'><strong><em>⁸</em></strong></span> <span class='ocrx_word' id='word_1_519' title='bbox 1464 4714 1547 4766; x_wconf 79' lang='grc' dir='ltr'>ὅτι</span> <span class='ocrx_word' id='word_1_520' title='bbox 1568 4711 1692 4765; x_wconf 83' lang='grc' dir='ltr'>καθ’</span> 
     </span>
    </p>
   </div>
   <div class='ocr_carea' id='block_1_66' title="bbox 125 4806 1692 4890">
    <p class='ocr_par' dir='ltr' id='par_1_66' title="bbox 125 4806 1692 4890">
     <span class='ocr_line' id='line_1_66' title="bbox 125 4806 1692 4890; baseline -0.008 -19"><span class='ocrx_word' id='word_1_521' title='bbox 125 4817 227 4872; x_wconf 71' lang='grc' dir='ltr'>ὅσον</span> <span class='ocrx_word' id='word_1_522' title='bbox 248 4820 544 4890; x_wconf 82' lang='grc' dir='ltr'>ἀπέχουσιν</span> <span class='ocrx_word' id='word_1_523' title='bbox 573 4813 833 4870; x_wconf 80' lang='grc' dir='ltr'>ἀνατολαὶ</span> <span class='ocrx_word' id='word_1_524' title='bbox 861 4811 969 4867; x_wconf 81' lang='grc' dir='ltr'>ἀπὸ</span> <span class='ocrx_word' id='word_1_525' title='bbox 993 4808 1233 4881; x_wconf 82' lang='grc' dir='ltr'>δυσμῶν,</span> <span class='ocrx_word' id='word_1_526' title='bbox 1267 4807 1576 4879; x_wconf 82' lang='grc' dir='ltr'>ὲμάκρυνεν</span> <span class='ocrx_word' id='word_1_527' title='bbox 1598 4806 1692 4876; x_wconf 82' lang='grc' dir='ltr'>ἀφ’</span> 
     </span>
    </p>
   </div>
   <div class='ocr_carea' id='block_1_67' title="bbox 182 4929 713 5001">
    <p class='ocr_par' dir='ltr' id='par_1_67' title="bbox 182 4929 713 5001">
     <span class='ocr_line' id='line_1_67' title="bbox 182 4929 713 5001; baseline -0.011 -12"><span class='ocrx_word' id='word_1_528' title='bbox 182 4933 221 4965; x_wconf 77' lang='grc'><strong>’⁷</strong></span> <span class='ocrx_word' id='word_1_529' title='bbox 244 4937 342 4990; x_wconf 80' lang='lat' dir='ltr'><strong>lsa.</strong></span> <span class='ocrx_word' id='word_1_530' title='bbox 369 4951 481 5001; x_wconf 81' lang='lat' dir='ltr'><strong>Liv,</strong></span> <span class='ocrx_word' id='word_1_531' title='bbox 517 4929 713 4986; x_wconf 68' lang='grc'><strong>11-14.</strong></span> 
     </span>
    </p>
   </div>
   <div class='ocr_carea' id='block_1_68' title="bbox 185 5042 1686 5125">
    <p class='ocr_par' dir='ltr' id='par_1_68' title="bbox 185 5042 1686 5125">
     <span class='ocr_line' id='line_1_68' title="bbox 185 5042 1686 5125; baseline -0.009 -16"><span class='ocrx_word' id='word_1_532' title='bbox 185 5053 286 5125; x_wconf 72' lang='grc'><strong>(46)</strong></span> <span class='ocrx_word' id='word_1_533' title='bbox 324 5055 432 5111; x_wconf 76' lang='grc' dir='ltr'><em>Ἐν</em></span> <span class='ocrx_word' id='word_1_534' title='bbox 477 5050 551 5107; x_wconf 83' lang='grc' dir='ltr'>δὲ</span> <span class='ocrx_word' id='word_1_535' title='bbox 622 5049 750 5125; x_wconf 64' lang='grc' dir='ltr'>τοῖς</span> <span class='ocrx_word' id='word_1_536' title='bbox 795 5049 947 5125; x_wconf 38' lang='grc' dir='ltr'>μετ’.</span> <span class='ocrx_word' id='word_1_537' title='bbox 975 5045 1164 5102; x_wconf 78' lang='grc' dir='ltr'><strong>αὐτὸν</strong></span> <span class='ocrx_word' id='word_1_538' title='bbox 1204 5042 1686 5125; x_wconf 54' lang='grc' dir='ltr'>δευτερεύουσικτ</span> 
     </span>
    </p>
   </div>
   <div class='ocr_carea' id='block_1_69' title="bbox 128 5117 1688 5197">
    <p class='ocr_par' dir='ltr' id='par_1_69' title="bbox 128 5117 1688 5197">
     <span class='ocr_line' id='line_1_69' title="bbox 128 5117 1688 5197; baseline -0.004 -22"><span class='ocrx_word' id='word_1_539' title='bbox 128 5117 481 5197; x_wconf 77' lang='lat' dir='ltr'><strong>Presbyteros</strong></span> <span class='ocrx_word' id='word_1_540' title='bbox 513 5117 807 5197; x_wconf 65' lang='lat' dir='ltr'><strong>intelligit,</strong></span> <span class='ocrx_word' id='word_1_541' title='bbox 848 5118 950 5197; x_wconf 30' lang='lat' dir='ltr'><strong>.qui</strong></span> <span class='ocrx_word' id='word_1_542' title='bbox 1025 5117 1326 5197; x_wconf 72' lang='lat' dir='ltr'><strong>secundum</strong></span> <span class='ocrx_word' id='word_1_543' title='bbox 1399 5117 1688 5197; x_wconf 72' lang='lat' dir='ltr'><strong>sacerdotii</strong></span> 
     </span>
    </p>
   </div>
   <div class='ocr_carea' id='block_1_70' title="bbox 129 5185 1688 5264">
    <p class='ocr_par' dir='ltr' id='par_1_70' title="bbox 129 5185 1688 5264">
     <span class='ocr_line' id='line_1_70' title="bbox 129 5185 1688 5264; baseline -0.006 -19"><span class='ocrx_word' id='word_1_544' title='bbox 129 5185 329 5262; x_wconf 70' lang='lat' dir='ltr'><strong>gradum</strong></span> <span class='ocrx_word' id='word_1_545' title='bbox 366 5194 653 5264; x_wconf 76' lang='lat' dir='ltr'><strong>obtinent.</strong></span> <span class='ocrx_word' id='word_1_546' title='bbox 691 5191 758 5264; x_wconf 84' lang='lat' dir='ltr'><strong>Et</strong></span> <span class='ocrx_word' id='word_1_547' title='bbox 779 5185 1089 5260; x_wconf 75' lang='lat' dir='ltr'><strong>episcopum</strong></span> <span class='ocrx_word' id='word_1_548' title='bbox 1121 5185 1341 5264; x_wconf 80' lang='lat' dir='ltr'><strong>quidem</strong></span> <span class='ocrx_word' id='word_1_549' title='bbox 1375 5188 1688 5264; x_wconf 35' lang='lat' dir='ltr'><strong>ac&#39;presby-</strong></span> 
     </span>
    </p>
   </div>
   <div class='ocr_carea' id='block_1_71' title="bbox 131 5252 1687 5329">
    <p class='ocr_par' dir='ltr' id='par_1_71' title="bbox 131 5252 1687 5329">
     <span class='ocr_line' id='line_1_71' title="bbox 131 5252 1687 5329; baseline -0.005 -13"><span class='ocrx_word' id='word_1_550' title='bbox 131 5252 255 5321; x_wconf 62' lang='lat' dir='ltr'><strong>feros</strong></span> <span class='ocrx_word' id='word_1_551' title='bbox 283 5266 495 5322; x_wconf 87' lang='lat' dir='ltr'><strong>thronis</strong></span> <span class='ocrx_word' id='word_1_552' title='bbox 522 5262 792 5319; x_wconf 76' lang='lat' dir='ltr'><strong>Ecclesia:</strong></span> <span class='ocrx_word' id='word_1_553' title='bbox 812 5252 1103 5329; x_wconf 63' lang='lat' dir='ltr'><strong>comparat</strong></span> <span class='ocrx_word' id='word_1_554' title='bbox 1138 5252 1168 5309; x_wconf 57' lang='lat'><strong>&#39;:</strong></span> <span class='ocrx_word' id='word_1_555' title='bbox 1221 5252 1496 5310; x_wconf 84' lang='lat' dir='ltr'><strong>subselliis</strong></span> <span class='ocrx_word' id='word_1_556' title='bbox 1560 5269 1687 5308; x_wconf 78' lang='lat' dir='ltr'><strong>\el‘O</strong></span> 
     </span>
    </p>
   </div>
   <div class='ocr_carea' id='block_1_72' title="bbox 127 5334 433 5393">
    <p class='ocr_par' dir='ltr' id='par_1_72' title="bbox 127 5334 433 5393">
     <span class='ocr_line' id='line_1_72' title="bbox 127 5334 433 5393; baseline 0.029 -9"><span class='ocrx_word' id='word_1_557' title='bbox 127 5334 384 5391; x_wconf 78' lang='lat' dir='ltr'><strong>diaconos.</strong></span> <span class='ocrx_word' id='word_1_558' title='bbox 428 5390 433 5393; x_wconf 86' lang='lat'><strong><em>_</em></strong></span> 
     </span>
    </p>
   </div>
   <div class='ocr_carea' id='block_1_73' title="bbox 183 5392 1683 5473">
    <p class='ocr_par' dir='ltr' id='par_1_73' title="bbox 183 5392 1683 5473">
     <span class='ocr_line' id='line_1_73' title="bbox 183 5392 1683 5473; baseline -0.007 -15"><span class='ocrx_word' id='word_1_559' title='bbox 183 5405 286 5473; x_wconf 66' lang='lat'><strong>(47&#39;)</strong></span> <span class='ocrx_word' id='word_1_560' title='bbox 315 5392 519 5461; x_wconf 64' lang='grc' dir='ltr'>Τὸκδὲ</span> <span class='ocrx_word' id='word_1_561' title='bbox 544 5400 987 5471; x_wconf 73' lang='grc' dir='ltr'>ὑπερουράνιον</span> <span class='ocrx_word' id='word_1_562' title='bbox 1025 5397 1240 5473; x_wconf 66' lang='grc' dir='ltr'>χῷροις.</span> <span class='ocrx_word' id='word_1_563' title='bbox 1292 5394 1385 5451; x_wconf 87' lang='lat' dir='ltr'><strong>Sic</strong></span> <span class='ocrx_word' id='word_1_564' title='bbox 1410 5392 1683 5473; x_wconf 69' lang='lat' dir='ltr'><strong>vulgatam</strong></span> 
     </span>
    </p>
   </div>
   <div class='ocr_carea' id='block_1_74' title="bbox 126 5467 1693 5545">
    <p class='ocr_par' dir='ltr' id='par_1_74' title="bbox 126 5467 1693 5545">
     <span class='ocr_line' id='line_1_74' title="bbox 126 5467 1693 5545; baseline -0.004 -18"><span class='ocrx_word' id='word_1_565' title='bbox 126 5467 409 5541; x_wconf 77' lang='lat' dir='ltr'><strong>lectionem,</strong></span> <span class='ocrx_word' id='word_1_566' title='bbox 451 5473 552 5528; x_wconf 84' lang='grc' dir='ltr'>τόν</span> <span class='ocrx_word' id='word_1_567' title='bbox 580 5490 645 5526; x_wconf 91' lang='grc' dir='ltr'><strong>τε</strong></span> <span class='ocrx_word' id='word_1_568' title='bbox 663 5467 783 5545; x_wconf 52' lang='lat' dir='ltr'><strong>illa.</strong></span> <span class='ocrx_word' id='word_1_569' title='bbox 809 5489 891 5545; x_wconf 73' lang='lat' dir='ltr'><strong>x._,_</strong></span> <span class='ocrx_word' id='word_1_570' title='bbox 935 5467 1319 5545; x_wconf 71' lang='lat' dir='ltr'><strong>corrigendum</strong></span> <span class='ocrx_word' id='word_1_571' title='bbox 1346 5471 1439 5545; x_wconf 55' lang='lat' dir='ltr'><strong>est</strong></span> <span class='ocrx_word' id='word_1_572' title='bbox 1469 5479 1693 5545; x_wconf 63' lang='lat' dir='ltr'><strong>prorsus</strong></span> 
     </span>
    </p>
   </div>
   <div class='ocr_carea' id='block_1_75' title="bbox 127 5537 1693 5618">
    <p class='ocr_par' dir='ltr' id='par_1_75' title="bbox 127 5537 1693 5618">
     <span class='ocr_line' id='line_1_75' title="bbox 127 5537 1693 5618; baseline -0.004 -23"><span class='ocrx_word' id='word_1_573' title='bbox 127 5537 410 5618; x_wconf 73' lang='lat' dir='ltr'><strong>necessaria</strong></span> <span class='ocrx_word' id='word_1_574' title='bbox 432 5537 842 5618; x_wconf 74' lang='lat' dir='ltr'><strong>emendatione.</strong></span> <span class='ocrx_word' id='word_1_575' title='bbox 858 5537 1149 5618; x_wconf 62' lang='lat' dir='ltr'><strong>Postquam</strong></span> <span class='ocrx_word' id='word_1_576' title='bbox 1172 5538 1315 5593; x_wconf 90' lang='lat' dir='ltr'><strong>enim</strong></span> <span class='ocrx_word' id='word_1_577' title='bbox 1346 5537 1614 5618; x_wconf 73' lang='lat' dir='ltr'><strong>Eusebius</strong></span> <span class='ocrx_word' id='word_1_578' title='bbox 1626 5537 1693 5618; x_wconf 64' lang='lat' dir='ltr'><strong>de</strong></span> 
     </span>
    </p>
   </div>
   <div class='ocr_carea' id='block_1_76' title="bbox 127 5604 1691 5688">
    <p class='ocr_par' dir='ltr' id='par_1_76' title="bbox 127 5604 1691 5688">
     <span class='ocr_line' id='line_1_76' title="bbox 127 5604 1691 5688; baseline -0.003 -24"><span class='ocrx_word' id='word_1_579' title='bbox 127 5614 296 5683; x_wconf 76' lang='lat' dir='ltr'><strong>duplici</strong></span> <span class='ocrx_word' id='word_1_580' title='bbox 322 5616 582 5688; x_wconf 54' lang='lat' dir='ltr'><strong>Ecclesiae</strong></span> <span class='ocrx_word' id='word_1_581' title='bbox 609 5612 814 5688; x_wconf 67' lang='lat' dir='ltr'><strong>fabrica</strong></span> <span class='ocrx_word' id='word_1_582' title='bbox 838 5604 1052 5666; x_wconf 79' lang='lat' dir='ltr'><strong>abunde</strong></span> <span class='ocrx_word' id='word_1_583' title='bbox 1068 5608 1279 5688; x_wconf 66' lang='lat' dir='ltr'><strong>locutus</strong></span> <span class='ocrx_word' id='word_1_584' title='bbox 1302 5617 1406 5685; x_wconf 73' lang='lat' dir='ltr'><strong>est,</strong></span> <span class='ocrx_word' id='word_1_585' title='bbox 1425 5604 1691 5662; x_wconf 84' lang='lat' dir='ltr'><strong>materiali</strong></span> 
     </span>
    </p>
   </div>
   <div class='ocr_carea' id='block_1_77' title="bbox 127 5678 1690 5755">
    <p class='ocr_par' dir='ltr' id='par_1_77' title="bbox 127 5678 1690 5755">
     <span class='ocr_line' id='line_1_77' title="bbox 127 5678 1690 5755; baseline -0.005 -19"><span class='ocrx_word' id='word_1_586' title='bbox 127 5678 313 5741; x_wconf 75' lang='lat' dir='ltr'><strong>scilicet</strong></span> <span class='ocrx_word' id='word_1_587' title='bbox 335 5704 400 5742; x_wconf 84' lang='lat' dir='ltr'><strong>ac</strong></span> <span class='ocrx_word' id='word_1_588' title='bbox 422 5682 688 5755; x_wconf 86' lang='lat' dir='ltr'><strong>spiritali,</strong></span> <span class='ocrx_word' id='word_1_589' title='bbox 713 5692 768 5755; x_wconf 85' lang='lat' dir='ltr'><strong>et</strong></span> <span class='ocrx_word' id='word_1_590' title='bbox 800 5692 1085 5755; x_wconf 87' lang='lat' dir='ltr'><strong>utramque</strong></span> <span class='ocrx_word' id='word_1_591' title='bbox 1122 5678 1225 5734; x_wconf 87' lang='lat' dir='ltr'><strong>sibi</strong></span> <span class='ocrx_word' id='word_1_592' title='bbox 1262 5678 1498 5755; x_wconf 71' lang='lat' dir='ltr'><strong>invicem</strong></span> <span class='ocrx_word' id='word_1_593' title='bbox 1541 5690 1690 5729; x_wconf 83' lang='lat' dir='ltr'><strong>com-</strong></span> 
     </span>
    </p>
   </div>
   <div class='ocr_carea' id='block_1_78' title="bbox 129 5743 1690 5819">
    <p class='ocr_par' dir='ltr' id='par_1_78' title="bbox 129 5743 1690 5819">
     <span class='ocr_line' id='line_1_78' title="bbox 129 5743 1690 5819; baseline -0.008 -9"><span class='ocrx_word' id='word_1_594' title='bbox 129 5758 334 5819; x_wconf 81' lang='lat' dir='ltr'><strong>paravit,</strong></span> <span class='ocrx_word' id='word_1_595' title='bbox 367 5743 572 5812; x_wconf 73' lang='lat' dir='ltr'><strong>transit</strong></span> <span class='ocrx_word' id='word_1_596' title='bbox 599 5743 817 5807; x_wconf 84' lang='lat' dir='ltr'><strong>tandem</strong></span> <span class='ocrx_word' id='word_1_597' title='bbox 848 5756 913 5805; x_wconf 82' lang='lat' dir='ltr'><strong>ad</strong></span> <span class='ocrx_word' id='word_1_598' title='bbox 936 5743 1211 5805; x_wconf 68' lang='lat' dir='ltr'><strong>ccélestem</strong></span> <span class='ocrx_word' id='word_1_599' title='bbox 1262 5748 1406 5800; x_wconf 88' lang='lat' dir='ltr'><strong>illam</strong></span> <span class='ocrx_word' id='word_1_600' title='bbox 1462 5743 1690 5819; x_wconf 77' lang='lat' dir='ltr'><strong>Jerusa-</strong></span> 
     </span>
    </p>
   </div>
   <div class='ocr_carea' id='block_1_79' title="bbox 128 5818 1690 5898">
    <p class='ocr_par' dir='ltr' id='par_1_79' title="bbox 128 5818 1690 5898">
     <span class='ocr_line' id='line_1_79' title="bbox 128 5818 1690 5898; baseline -0.002 -22"><span class='ocrx_word' id='word_1_601' title='bbox 128 5818 232 5892; x_wconf 84' lang='lat' dir='ltr'><strong>lem,</strong></span> <span class='ocrx_word' id='word_1_602' title='bbox 252 5818 449 5898; x_wconf 87' lang='lat' dir='ltr'><strong>quippe</strong></span> <span class='ocrx_word' id='word_1_603' title='bbox 473 5841 600 5893; x_wconf 68' lang='lat' dir='ltr'><strong>quae</strong></span> <span class='ocrx_word' id='word_1_604' title='bbox 626 5824 747 5879; x_wconf 88' lang='lat' dir='ltr'><strong>idea</strong></span> <span class='ocrx_word' id='word_1_605' title='bbox 767 5835 831 5878; x_wconf 89' lang='lat' dir='ltr'><strong>ac</strong></span> <span class='ocrx_word' id='word_1_606' title='bbox 848 5821 1177 5893; x_wconf 55' lang='lat' dir='ltr'><strong>grimitivutn</strong></span> <span class='ocrx_word' id='word_1_607' title='bbox 1193 5819 1583 5892; x_wconf 52' lang='grc' dir='ltr'>θεωρίαι-,εει</span> <span class='ocrx_word' id='word_1_608' title='bbox 1598 5818 1690 5873; x_wconf 82' lang='lat' dir='ltr'><strong>de-</strong></span> 
     </span>
    </p>
   </div>
   <div class='ocr_carea' id='block_1_80' title="bbox 1792 1960 3374 2034">
    <p class='ocr_par' dir='ltr' id='par_1_80' title="bbox 1792 1960 3374 2034">
     <span class='ocr_line' id='line_1_80' title="bbox 1792 1960 3374 2034; baseline 0.003 -19"><span class='ocrx_word' id='word_1_609' title='bbox 1792 1960 2099 2016; x_wconf 81' lang='lat' dir='ltr'><strong>lorinsecus</strong></span> <span class='ocrx_word' id='word_1_610' title='bbox 2148 1963 2298 2017; x_wconf 89' lang='lat' dir='ltr'><strong>circa</strong></span> <span class='ocrx_word' id='word_1_611' title='bbox 2354 1963 2560 2016; x_wconf 87' lang='lat' dir='ltr'><strong>atrium</strong></span> <span class='ocrx_word' id='word_1_612' title='bbox 2615 1962 2668 2017; x_wconf 92' lang='lat' dir='ltr'><strong>in</strong></span> <span class='ocrx_word' id='word_1_613' title='bbox 2720 1963 3085 2034; x_wconf 81' lang='lat' dir='ltr'><strong>quadranguli</strong></span> <span class='ocrx_word' id='word_1_614' title='bbox 3136 1967 3374 2034; x_wconf 89' lang='lat' dir='ltr'><strong>speciem</strong></span> 
     </span>
    </p>
   </div>
   <div class='ocr_carea' id='block_1_81' title="bbox 1790 2052 3452 2127">
    <p class='ocr_par' dir='ltr' id='par_1_81' title="bbox 1790 2052 3452 2127">
     <span class='ocr_line' id='line_1_81' title="bbox 1790 2052 3452 2127; baseline 0.002 -20"><span class='ocrx_word' id='word_1_615' title='bbox 1790 2052 2068 2120; x_wconf 77' lang='lat' dir='ltr'><strong>disposita:</strong></span> <span class='ocrx_word' id='word_1_616' title='bbox 2096 2064 2223 2108; x_wconf 90' lang='lat' dir='ltr'><strong>sunt</strong></span> <span class='ocrx_word' id='word_1_617' title='bbox 2268 2052 2525 2117; x_wconf 66' lang='lat' dir='ltr'><strong>suﬂ‘ulsit,</strong></span> <span class='ocrx_word' id='word_1_618' title='bbox 2560 2056 2703 2108; x_wconf 87' lang='lat' dir='ltr'><strong>intra</strong></span> <span class='ocrx_word' id='word_1_619' title='bbox 2735 2055 2944 2124; x_wconf 88' lang='lat' dir='ltr'><strong>primos</strong></span> <span class='ocrx_word' id='word_1_620' title='bbox 2965 2055 3217 2113; x_wconf 83' lang='lat' dir='ltr'><strong>litteralis</strong></span> <span class='ocrx_word' id='word_1_621' title='bbox 3241 2071 3378 2127; x_wconf 81' lang='lat' dir='ltr'><strong>qua—</strong></span> <span class='ocrx_word' id='word_1_622' title='bbox 3447 2106 3452 2111; x_wconf 90' lang='lat'><strong>.</strong></span> 
     </span>
    </p>
   </div>
   <div class='ocr_carea' id='block_1_82' title="bbox 1793 2144 3378 2212">
    <p class='ocr_par' dir='ltr' id='par_1_82' title="bbox 1793 2144 3378 2212">
     <span class='ocr_line' id='line_1_82' title="bbox 1793 2144 3378 2212; baseline 0.006 -15"><span class='ocrx_word' id='word_1_623' title='bbox 1793 2152 1915 2198; x_wconf 91' lang='lat' dir='ltr'><strong>tuor</strong></span> <span class='ocrx_word' id='word_1_624' title='bbox 1939 2144 2353 2212; x_wconf 81' lang='lat' dir='ltr'><strong>Evangeliorum</strong></span> <span class='ocrx_word' id='word_1_625' title='bbox 2376 2159 2570 2200; x_wconf 86' lang='lat' dir='ltr'><strong>sensus</strong></span> <span class='ocrx_word' id='word_1_626' title='bbox 2599 2146 2783 2201; x_wconf 88' lang='lat' dir='ltr'><strong>obices</strong></span> <span class='ocrx_word' id='word_1_627' title='bbox 2813 2161 2910 2203; x_wconf 91' lang='lat' dir='ltr'><strong>eos</strong></span> <span class='ocrx_word' id='word_1_628' title='bbox 2939 2147 3225 2205; x_wconf 83' lang='lat' dir='ltr'><strong>inducens.</strong></span> <span class='ocrx_word' id='word_1_629' title='bbox 3254 2148 3378 2207; x_wconf 87' lang='lat' dir='ltr'><strong>Jam</strong></span> 
     </span>
    </p>
   </div>
   <div class='ocr_carea' id='block_1_83' title="bbox 1791 2237 3378 2313">
    <p class='ocr_par' dir='ltr' id='par_1_83' title="bbox 1791 2237 3378 2313">
     <span class='ocr_line' id='line_1_83' title="bbox 1791 2237 3378 2313; baseline 0.006 -23"><span class='ocrx_word' id='word_1_630' title='bbox 1791 2252 1921 2292; x_wconf 89' lang='lat' dir='ltr'><strong>vero</strong></span> <span class='ocrx_word' id='word_1_631' title='bbox 1948 2237 2238 2294; x_wconf 89' lang='lat' dir='ltr'><strong>nonnullos</strong></span> <span class='ocrx_word' id='word_1_632' title='bbox 2267 2239 2412 2294; x_wconf 89' lang='lat' dir='ltr'><strong>circa</strong></span> <span class='ocrx_word' id='word_1_633' title='bbox 2454 2239 2657 2309; x_wconf 84' lang='lat' dir='ltr'><strong>regiam</strong></span> <span class='ocrx_word' id='word_1_634' title='bbox 2686 2242 2859 2295; x_wconf 70' lang='lat' dir='ltr'><strong>aedem</strong></span> <span class='ocrx_word' id='word_1_635' title='bbox 2894 2242 3149 2313; x_wconf 89' lang='lat' dir='ltr'><strong>utrinque</strong></span> <span class='ocrx_word' id='word_1_636' title='bbox 3187 2243 3378 2300; x_wconf 81' lang='lat' dir='ltr'><strong>lateri-</strong></span> 
     </span>
    </p>
   </div>
   <div class='ocr_carea' id='block_1_84' title="bbox 1792 2328 3377 2401">
    <p class='ocr_par' dir='ltr' id='par_1_84' title="bbox 1792 2328 3377 2401">
     <span class='ocr_line' id='line_1_84' title="bbox 1792 2328 3377 2401; baseline 0.005 -18"><span class='ocrx_word' id='word_1_637' title='bbox 1792 2328 1893 2384; x_wconf 90' lang='lat' dir='ltr'><strong>bus</strong></span> <span class='ocrx_word' id='word_1_638' title='bbox 1918 2329 2187 2399; x_wconf 86' lang='lat' dir='ltr'><strong>applicat,</strong></span> <span class='ocrx_word' id='word_1_639' title='bbox 2215 2331 2308 2399; x_wconf 88' lang='lat' dir='ltr'><strong>qui</strong></span> <span class='ocrx_word' id='word_1_640' title='bbox 2343 2330 2526 2387; x_wconf 88' lang='lat' dir='ltr'><strong>adhuc</strong></span> <span class='ocrx_word' id='word_1_641' title='bbox 2549 2332 2770 2401; x_wconf 82' lang='lat' dir='ltr'><strong>quidem</strong></span> <span class='ocrx_word' id='word_1_642' title='bbox 2806 2335 3185 2390; x_wconf 86' lang='lat' dir='ltr'><strong>catecbutneni</strong></span> <span class='ocrx_word' id='word_1_643' title='bbox 3217 2346 3377 2391; x_wconf 86' lang='lat' dir='ltr'><strong>sunt:</strong></span> 
     </span>
    </p>
   </div>
   <div class='ocr_carea' id='block_1_85' title="bbox 1790 2424 3375 2494">
    <p class='ocr_par' dir='ltr' id='par_1_85' title="bbox 1790 2424 3375 2494">
     <span class='ocr_line' id='line_1_85' title="bbox 1790 2424 3375 2494; baseline 0.006 -20"><span class='ocrx_word' id='word_1_644' title='bbox 1790 2430 1847 2475; x_wconf 90' lang='lat' dir='ltr'><strong>et</strong></span> <span class='ocrx_word' id='word_1_645' title='bbox 1885 2431 2240 2491; x_wconf 90' lang='lat' dir='ltr'><strong>augmentum</strong></span> <span class='ocrx_word' id='word_1_646' title='bbox 2274 2436 2339 2477; x_wconf 90' lang='lat' dir='ltr'><strong>ac</strong></span> <span class='ocrx_word' id='word_1_647' title='bbox 2374 2437 2724 2494; x_wconf 80' lang='lat' dir='ltr'><strong>progressum</strong></span> <span class='ocrx_word' id='word_1_648' title='bbox 2767 2424 3009 2493; x_wconf 84' lang='lat' dir='ltr'><strong>faciunt,</strong></span> <span class='ocrx_word' id='word_1_649' title='bbox 3050 2442 3158 2485; x_wconf 92' lang='lat' dir='ltr'><strong>non</strong></span> <span class='ocrx_word' id='word_1_650' title='bbox 3197 2439 3375 2484; x_wconf 87' lang='lat' dir='ltr'><strong>tamen</strong></span> 
     </span>
    </p>
   </div>
   <div class='ocr_carea' id='block_1_86' title="bbox 1793 2513 3381 2587">
    <p class='ocr_par' dir='ltr' id='par_1_86' title="bbox 1793 2513 3381 2587">
     <span class='ocr_line' id='line_1_86' title="bbox 1793 2513 3381 2587; baseline 0.008 -21"><span class='ocrx_word' id='word_1_651' title='bbox 1793 2513 1977 2580; x_wconf 86' lang='lat' dir='ltr'><strong>procul</strong></span> <span class='ocrx_word' id='word_1_652' title='bbox 2014 2513 2183 2585; x_wconf 77' lang='lat'><strong>386</strong></span> <span class='ocrx_word' id='word_1_653' title='bbox 2231 2514 2429 2570; x_wconf 89' lang='lat' dir='ltr'><strong>absunt</strong></span> <span class='ocrx_word' id='word_1_654' title='bbox 2475 2517 2546 2572; x_wconf 89' lang='lat' dir='ltr'><strong>ab</strong></span> <span class='ocrx_word' id='word_1_655' title='bbox 2592 2516 2707 2587; x_wconf 88' lang='lat' dir='ltr'><strong>ipsa</strong></span> <span class='ocrx_word' id='word_1_656' title='bbox 2764 2518 3227 2576; x_wconf 88' lang='lat' dir='ltr'><strong>abditissimorum</strong></span> <span class='ocrx_word' id='word_1_657' title='bbox 3283 2521 3381 2579; x_wconf 87' lang='lat' dir='ltr'><strong>Dei</strong></span> 
     </span>
    </p>
   </div>
   <div class='ocr_carea' id='block_1_87' title="bbox 1794 2605 3379 2680">
    <p class='ocr_par' dir='ltr' id='par_1_87' title="bbox 1794 2605 3379 2680">
     <span class='ocr_line' id='line_1_87' title="bbox 1794 2605 3379 2680; baseline 0.006 -21"><span class='ocrx_word' id='word_1_658' title='bbox 1794 2606 2176 2675; x_wconf 83' lang='lat' dir='ltr'><strong>mysteriorum</strong></span> <span class='ocrx_word' id='word_1_659' title='bbox 2219 2605 2554 2676; x_wconf 87' lang='lat' dir='ltr'><strong>inspectione</strong></span> <span class='ocrx_word' id='word_1_660' title='bbox 2604 2624 2712 2680; x_wconf 84' lang='lat' dir='ltr'><strong>qua</strong></span> <span class='ocrx_word' id='word_1_661' title='bbox 2749 2610 2937 2668; x_wconf 92' lang='lat' dir='ltr'><strong>ﬁdeles</strong></span> <span class='ocrx_word' id='word_1_662' title='bbox 2982 2611 3253 2668; x_wconf 77' lang='lat' dir='ltr'><strong>fruuntur.</strong></span> <span class='ocrx_word' id='word_1_663' title='bbox 3297 2612 3379 2669; x_wconf 72' lang='lat' dir='ltr'><strong>Ex</strong></span> 
     </span>
    </p>
   </div>
   <div class='ocr_carea' id='block_1_88' title="bbox 1793 2697 3382 2767">
    <p class='ocr_par' dir='ltr' id='par_1_88' title="bbox 1793 2697 3382 2767">
     <span class='ocr_line' id='line_1_88' title="bbox 1793 2697 3382 2767; baseline 0.005 -15"><span class='ocrx_word' id='word_1_664' title='bbox 1793 2697 1989 2752; x_wconf 89' lang='lat' dir='ltr'><strong>horum</strong></span> <span class='ocrx_word' id='word_1_665' title='bbox 2022 2712 2250 2752; x_wconf 87' lang='lat' dir='ltr'><strong>numero</strong></span> <span class='ocrx_word' id='word_1_666' title='bbox 2278 2712 2372 2752; x_wconf 90' lang='lat' dir='ltr'><strong>eos</strong></span> <span class='ocrx_word' id='word_1_667' title='bbox 2392 2712 2627 2767; x_wconf 88' lang='lat' dir='ltr'><strong>quorum</strong></span> <span class='ocrx_word' id='word_1_668' title='bbox 2650 2702 2845 2759; x_wconf 65' lang='lat' dir='ltr'><strong>animai</strong></span> <span class='ocrx_word' id='word_1_669' title='bbox 2872 2704 3238 2761; x_wconf 61' lang='lat' dir='ltr'><strong>immaculata:</strong></span> <span class='ocrx_word' id='word_1_670' title='bbox 3251 2714 3382 2761; x_wconf 89' lang='lat' dir='ltr'><strong>sunt</strong></span> 
     </span>
    </p>
   </div>
   <div class='ocr_carea' id='block_1_89' title="bbox 1791 2788 3378 2866">
    <p class='ocr_par' dir='ltr' id='par_1_89' title="bbox 1791 2788 3378 2866">
     <span class='ocr_line' id='line_1_89' title="bbox 1791 2788 3378 2866; baseline 0.008 -24"><span class='ocrx_word' id='word_1_671' title='bbox 1791 2799 1848 2843; x_wconf 92' lang='lat' dir='ltr'><strong>et</strong></span> <span class='ocrx_word' id='word_1_672' title='bbox 1892 2788 2077 2844; x_wconf 87' lang='lat' dir='ltr'><strong>divino</strong></span> <span class='ocrx_word' id='word_1_673' title='bbox 2128 2788 2348 2844; x_wconf 90' lang='lat' dir='ltr'><strong>lavacro</strong></span> <span class='ocrx_word' id='word_1_674' title='bbox 2395 2791 2571 2846; x_wconf 89' lang='lat' dir='ltr'><strong>instar</strong></span> <span class='ocrx_word' id='word_1_675' title='bbox 2609 2795 2726 2849; x_wconf 87' lang='lat' dir='ltr'><strong>auri</strong></span> <span class='ocrx_word' id='word_1_676' title='bbox 2766 2806 3012 2866; x_wconf 71' lang='lat' dir='ltr'><strong>purgata:</strong></span> <span class='ocrx_word' id='word_1_677' title='bbox 3048 2811 3378 2854; x_wconf 82' lang='lat' dir='ltr'><strong>assumens:</strong></span> 
     </span>
    </p>
   </div>
   <div class='ocr_carea' id='block_1_90' title="bbox 1793 2879 3379 2960">
    <p class='ocr_par' dir='ltr' id='par_1_90' title="bbox 1793 2879 3379 2960">
     <span class='ocr_line' id='line_1_90' title="bbox 1793 2879 3379 2960; baseline 0.008 -27"><span class='ocrx_word' id='word_1_678' title='bbox 1793 2879 1931 2937; x_wconf 87' lang='lat' dir='ltr'><strong>alios</strong></span> <span class='ocrx_word' id='word_1_679' title='bbox 1986 2881 2257 2938; x_wconf 90' lang='lat' dir='ltr'><strong>columnis</strong></span> <span class='ocrx_word' id='word_1_680' title='bbox 2303 2895 2426 2950; x_wconf 62' lang='lat' dir='ltr'><strong>quae</strong></span> <span class='ocrx_word' id='word_1_681' title='bbox 2464 2885 2829 2942; x_wconf 82' lang='lat' dir='ltr'><strong>exterioribus</strong></span> <span class='ocrx_word' id='word_1_682' title='bbox 2877 2887 2988 2943; x_wconf 91' lang='lat' dir='ltr'><strong>illis</strong></span> <span class='ocrx_word' id='word_1_683' title='bbox 3042 2888 3204 2960; x_wconf 86' lang='lat' dir='ltr'><strong>longe</strong></span> <span class='ocrx_word' id='word_1_684' title='bbox 3233 2904 3379 2959; x_wconf 67' lang='lat' dir='ltr'><strong>pra:-</strong></span> 
     </span>
    </p>
   </div>
   <div class='ocr_carea' id='block_1_91' title="bbox 1792 2972 3380 3040">
    <p class='ocr_par' dir='ltr' id='par_1_91' title="bbox 1792 2972 3380 3040">
     <span class='ocr_line' id='line_1_91' title="bbox 1792 2972 3380 3040; baseline 0.006 -14"><span class='ocrx_word' id='word_1_685' title='bbox 1792 2972 2086 3029; x_wconf 88' lang='lat' dir='ltr'><strong>stantiores</strong></span> <span class='ocrx_word' id='word_1_686' title='bbox 2129 2984 2292 3040; x_wconf 92' lang='lat' dir='ltr'><strong>sunt,</strong></span> <span class='ocrx_word' id='word_1_687' title='bbox 2340 2976 2559 3031; x_wconf 85' lang='lat' dir='ltr'><strong>arcanis</strong></span> <span class='ocrx_word' id='word_1_688' title='bbox 2608 2976 2816 3034; x_wconf 90' lang='lat' dir='ltr'><strong>scilicet</strong></span> <span class='ocrx_word' id='word_1_689' title='bbox 2849 2987 2905 3033; x_wconf 87' lang='lat' dir='ltr'><strong>et</strong></span> <span class='ocrx_word' id='word_1_690' title='bbox 2958 2979 3167 3035; x_wconf 84' lang='lat' dir='ltr'><strong>intimis</strong></span> <span class='ocrx_word' id='word_1_691' title='bbox 3206 2994 3380 3036; x_wconf 67' lang='lat' dir='ltr'><strong>sacra</strong></span> 
     </span>
    </p>
   </div>
   <div class='ocr_carea' id='block_1_92' title="bbox 1794 3062 3382 3133">
    <p class='ocr_par' dir='ltr' id='par_1_92' title="bbox 1794 3062 3382 3133">
     <span class='ocr_line' id='line_1_92' title="bbox 1794 3062 3382 3133; baseline 0.009 -17"><span class='ocrx_word' id='word_1_692' title='bbox 1794 3062 2093 3133; x_wconf 70' lang='lat' dir='ltr'><strong>Scriptum</strong></span> <span class='ocrx_word' id='word_1_693' title='bbox 2130 3066 2423 3122; x_wconf 88' lang='lat' dir='ltr'><strong>sententiis</strong></span> <span class='ocrx_word' id='word_1_694' title='bbox 2450 3065 2711 3124; x_wconf 86' lang='lat' dir='ltr'><strong>sull‘ulcit.</strong></span> <span class='ocrx_word' id='word_1_695' title='bbox 2757 3070 2907 3124; x_wconf 82' lang='lat' dir='ltr'><strong>Alios</strong></span> <span class='ocrx_word' id='word_1_696' title='bbox 2947 3085 3080 3126; x_wconf 89' lang='lat' dir='ltr'><strong>vero</strong></span> <span class='ocrx_word' id='word_1_697' title='bbox 3123 3070 3382 3131; x_wconf 78' lang='lat' dir='ltr'><strong>l&#39;enestris</strong></span> 
     </span>
    </p>
   </div>
   <div class='ocr_carea' id='block_1_93' title="bbox 1792 3153 3380 3220">
    <p class='ocr_par' dir='ltr' id='par_1_93' title="bbox 1792 3153 3380 3220">
     <span class='ocr_line' id='line_1_93' title="bbox 1792 3153 3380 3220; baseline 0.008 -12"><span class='ocrx_word' id='word_1_698' title='bbox 1792 3153 1861 3209; x_wconf 88' lang='lat' dir='ltr'><strong>ad</strong></span> <span class='ocrx_word' id='word_1_699' title='bbox 1895 3154 2076 3210; x_wconf 89' lang='lat' dir='ltr'><strong>lumen</strong></span> <span class='ocrx_word' id='word_1_700' title='bbox 2107 3156 2160 3213; x_wconf 93' lang='lat' dir='ltr'><strong>in</strong></span> <span class='ocrx_word' id='word_1_701' title='bbox 2188 3159 2332 3214; x_wconf 70' lang='lat' dir='ltr'><strong>aedes</strong></span> <span class='ocrx_word' id='word_1_702' title='bbox 2367 3160 2770 3216; x_wconf 84' lang='lat' dir='ltr'><strong>immittendttm</strong></span> <span class='ocrx_word' id='word_1_703' title='bbox 2810 3159 2971 3217; x_wconf 79' lang='lat' dir='ltr'><strong>factis</strong></span> <span class='ocrx_word' id='word_1_704' title='bbox 3008 3162 3268 3218; x_wconf 80' lang='lat' dir='ltr'><strong>illustrat.</strong></span> <span class='ocrx_word' id='word_1_705' title='bbox 3298 3164 3380 3220; x_wconf 83' lang='lat' dir='ltr'><strong>Ac</strong></span> 
     </span>
    </p>
   </div>
   <div class='ocr_carea' id='block_1_94' title="bbox 1794 3247 3376 3321">
    <p class='ocr_par' dir='ltr' id='par_1_94' title="bbox 1794 3247 3376 3321">
     <span class='ocr_line' id='line_1_94' title="bbox 1794 3247 3376 3321; baseline 0.006 -20"><span class='ocrx_word' id='word_1_706' title='bbox 1794 3247 2107 3303; x_wconf 86' lang='lat' dir='ltr'><strong>universum</strong></span> <span class='ocrx_word' id='word_1_707' title='bbox 2140 3248 2362 3320; x_wconf 91' lang='lat' dir='ltr'><strong>quidem</strong></span> <span class='ocrx_word' id='word_1_708' title='bbox 2393 3249 2650 3320; x_wconf 90' lang='lat' dir='ltr'><strong>templum</strong></span> <span class='ocrx_word' id='word_1_709' title='bbox 2683 3266 2792 3307; x_wconf 92' lang='lat' dir='ltr'><strong>uno</strong></span> <span class='ocrx_word' id='word_1_710' title='bbox 2820 3254 3059 3309; x_wconf 77' lang='lat' dir='ltr'><strong>maximo</strong></span> <span class='ocrx_word' id='word_1_711' title='bbox 3085 3255 3376 3321; x_wconf 87' lang='lat' dir='ltr'><strong>vestibulo,</strong></span> 
     </span>
    </p>
   </div>
   <div class='ocr_carea' id='block_1_95' title="bbox 1793 3340 3380 3415">
    <p class='ocr_par' dir='ltr' id='par_1_95' title="bbox 1793 3340 3380 3415">
     <span class='ocr_line' id='line_1_95' title="bbox 1793 3340 3380 3415; baseline 0.007 -22"><span class='ocrx_word' id='word_1_712' title='bbox 1793 3340 1956 3395; x_wconf 88' lang='lat' dir='ltr'><strong>unius</strong></span> <span class='ocrx_word' id='word_1_713' title='bbox 1992 3340 2209 3397; x_wconf 87' lang='lat' dir='ltr'><strong>scilicet</strong></span> <span class='ocrx_word' id='word_1_714' title='bbox 2244 3342 2336 3397; x_wconf 90' lang='lat' dir='ltr'><strong>Dei</strong></span> <span class='ocrx_word' id='word_1_715' title='bbox 2371 3344 2569 3398; x_wconf 87' lang='lat' dir='ltr'><strong>summi</strong></span> <span class='ocrx_word' id='word_1_716' title='bbox 2595 3344 2840 3399; x_wconf 92' lang='lat' dir='ltr'><strong>omnium</strong></span> <span class='ocrx_word' id='word_1_717' title='bbox 2875 3346 3022 3415; x_wconf 88' lang='lat' dir='ltr'><strong>regis</strong></span> <span class='ocrx_word' id='word_1_718' title='bbox 3057 3347 3380 3404; x_wconf 89' lang='lat' dir='ltr'><strong>adoratione</strong></span> 
     </span>
    </p>
   </div>
   <div class='ocr_carea' id='block_1_96' title="bbox 1792 3415 3377 3506">
    <p class='ocr_par' dir='ltr' id='par_1_96' title="bbox 1792 3415 3377 3506">
     <span class='ocr_line' id='line_1_96' title="bbox 1792 3415 3377 3506; baseline 0.004 -20"><span class='ocrx_word' id='word_1_719' title='bbox 1792 3434 2101 3489; x_wconf 75' lang='lat' dir='ltr'><strong>exornavit.</strong></span> <span class='ocrx_word' id='word_1_720' title='bbox 2161 3415 2443 3491; x_wconf 70' lang='lat' dir='ltr'><strong>Christum</strong></span> <span class='ocrx_word' id='word_1_721' title='bbox 2501 3448 2634 3490; x_wconf 81' lang='lat' dir='ltr'><strong>vero</strong></span> <span class='ocrx_word' id='word_1_722' title='bbox 2696 3445 2753 3491; x_wconf 88' lang='lat' dir='ltr'><strong>et</strong></span> <span class='ocrx_word' id='word_1_723' title='bbox 2792 3436 3059 3506; x_wconf 87' lang='lat' dir='ltr'><strong>Spiritum</strong></span> <span class='ocrx_word' id='word_1_724' title='bbox 3126 3449 3377 3494; x_wconf 87' lang='lat' dir='ltr'><strong>sanctum</strong></span> 
     </span>
    </p>
   </div>
   <div class='ocr_carea' id='block_1_97' title="bbox 1796 3523 3381 3600">
    <p class='ocr_par' dir='ltr' id='par_1_97' title="bbox 1796 3523 3381 3600">
     <span class='ocr_line' id='line_1_97' title="bbox 1796 3523 3381 3600; baseline 0.008 -26"><span class='ocrx_word' id='word_1_725' title='bbox 1796 3523 2053 3594; x_wconf 77' lang='lat' dir='ltr'><strong>nti-inque</strong></span> <span class='ocrx_word' id='word_1_726' title='bbox 2090 3526 2157 3580; x_wconf 87' lang='lat' dir='ltr'><strong>ad</strong></span> <span class='ocrx_word' id='word_1_727' title='bbox 2195 3526 2339 3583; x_wconf 88' lang='lat' dir='ltr'><strong>latus</strong></span> <span class='ocrx_word' id='word_1_728' title='bbox 2377 3537 2623 3598; x_wconf 62' lang='lat' dir='ltr'><strong>paternae</strong></span> <span class='ocrx_word' id='word_1_729' title='bbox 2657 3530 3037 3595; x_wconf 87' lang='lat' dir='ltr'><strong>auctoritatis,</strong></span> <span class='ocrx_word' id='word_1_730' title='bbox 3087 3531 3242 3600; x_wconf 85' lang='lat' dir='ltr'><strong>quasi</strong></span> <span class='ocrx_word' id='word_1_731' title='bbox 3291 3546 3381 3587; x_wconf 88' lang='lat' dir='ltr'><strong>se-</strong></span> 
     </span>
    </p>
   </div>
   <div class='ocr_carea' id='block_1_98' title="bbox 1795 3617 3379 3696">
    <p class='ocr_par' dir='ltr' id='par_1_98' title="bbox 1795 3617 3379 3696">
     <span class='ocr_line' id='line_1_98' title="bbox 1795 3617 3379 3696; baseline 0.005 -26"><span class='ocrx_word' id='word_1_732' title='bbox 1795 3617 2030 3671; x_wconf 90' lang='lat' dir='ltr'><strong>cundum</strong></span> <span class='ocrx_word' id='word_1_733' title='bbox 2076 3617 2258 3676; x_wconf 89' lang='lat' dir='ltr'><strong>lumen</strong></span> <span class='ocrx_word' id='word_1_734' title='bbox 2295 3623 2517 3692; x_wconf 59' lang='lat' dir='ltr'><strong>praebet.</strong></span> <span class='ocrx_word' id='word_1_735' title='bbox 2563 3623 2670 3679; x_wconf 90' lang='lat' dir='ltr'><strong>Sed</strong></span> <span class='ocrx_word' id='word_1_736' title='bbox 2713 3633 2769 3679; x_wconf 90' lang='lat' dir='ltr'><strong>et</strong></span> <span class='ocrx_word' id='word_1_737' title='bbox 2802 3622 2855 3678; x_wconf 91' lang='lat' dir='ltr'><strong>in</strong></span> <span class='ocrx_word' id='word_1_738' title='bbox 2907 3624 3137 3694; x_wconf 85' lang='lat' dir='ltr'><strong>reliquis</strong></span> <span class='ocrx_word' id='word_1_739' title='bbox 3188 3626 3379 3696; x_wconf 79' lang='lat' dir='ltr'><strong>singil-</strong></span> 
     </span>
    </p>
   </div>
   <div class='ocr_carea' id='block_1_99' title="bbox 1797 3707 3380 3787">
    <p class='ocr_par' dir='ltr' id='par_1_99' title="bbox 1797 3707 3380 3787">
     <span class='ocr_line' id='line_1_99' title="bbox 1797 3707 3380 3787; baseline 0.007 -26"><span class='ocrx_word' id='word_1_740' title='bbox 1797 3707 1955 3763; x_wconf 85' lang='lat' dir='ltr'><strong>latim</strong></span> <span class='ocrx_word' id='word_1_741' title='bbox 1993 3710 2118 3766; x_wconf 89' lang='lat' dir='ltr'><strong>ﬁdei</strong></span> <span class='ocrx_word' id='word_1_742' title='bbox 2160 3726 2364 3770; x_wconf 75' lang='lat' dir='ltr'><strong>nostra:</strong></span> <span class='ocrx_word' id='word_1_743' title='bbox 2414 3718 2727 3783; x_wconf 86' lang='lat' dir='ltr'><strong>sententiis,</strong></span> <span class='ocrx_word' id='word_1_744' title='bbox 2769 3731 2866 3787; x_wconf 89' lang='lat' dir='ltr'><strong>per</strong></span> <span class='ocrx_word' id='word_1_745' title='bbox 2892 3726 3061 3772; x_wconf 84' lang='lat' dir='ltr'><strong>totam</strong></span> <span class='ocrx_word' id='word_1_746' title='bbox 3094 3717 3380 3775; x_wconf 83' lang='lat' dir='ltr'><strong>basilicam</strong></span> 
     </span>
    </p>
   </div>
   <div class='ocr_carea' id='block_1_100' title="bbox 1797 3800 3379 3877">
    <p class='ocr_par' dir='ltr' id='par_1_100' title="bbox 1797 3800 3379 3877">
     <span class='ocr_line' id='line_1_100' title="bbox 1797 3800 3379 3877; baseline 0.006 -24"><span class='ocrx_word' id='word_1_747' title='bbox 1797 3800 2230 3870; x_wconf 88' lang='lat' dir='ltr'><strong>copiosissimam</strong></span> <span class='ocrx_word' id='word_1_748' title='bbox 2263 3821 2327 3861; x_wconf 88' lang='lat' dir='ltr'><strong>ac</strong></span> <span class='ocrx_word' id='word_1_749' title='bbox 2358 3808 2868 3877; x_wconf 68' lang='lat' dir='ltr'><strong>prazstantissitnam</strong></span> <span class='ocrx_word' id='word_1_750' title='bbox 2913 3808 3165 3864; x_wconf 72' lang='lat' dir='ltr'><strong>veritatis</strong></span> <span class='ocrx_word' id='word_1_751' title='bbox 3201 3808 3379 3864; x_wconf 90' lang='lat' dir='ltr'><strong>lucem</strong></span> 
     </span>
    </p>
   </div>
   <div class='ocr_carea' id='block_1_101' title="bbox 1797 3893 3380 3961">
    <p class='ocr_par' dir='ltr' id='par_1_101' title="bbox 1797 3893 3380 3961">
     <span class='ocr_line' id='line_1_101' title="bbox 1797 3893 3380 3961; baseline 0.006 -18"><span class='ocrx_word' id='word_1_752' title='bbox 1797 3901 1964 3961; x_wconf 87' lang='lat' dir='ltr'><strong>atque</strong></span> <span class='ocrx_word' id='word_1_753' title='bbox 2002 3893 2335 3951; x_wconf 83' lang='lat' dir='ltr'><strong>evidentiam</strong></span> <span class='ocrx_word' id='word_1_754' title='bbox 2378 3899 2639 3954; x_wconf 89' lang='lat' dir='ltr'><strong>ostendit.</strong></span> <span class='ocrx_word' id='word_1_755' title='bbox 2684 3897 2961 3955; x_wconf 65' lang='lat' dir='ltr'><strong>Praeterea</strong></span> <span class='ocrx_word' id='word_1_756' title='bbox 2993 3899 3148 3954; x_wconf 72' lang='lat' dir='ltr'><strong>vivos</strong></span> <span class='ocrx_word' id='word_1_757' title='bbox 3179 3907 3234 3953; x_wconf 89' lang='lat' dir='ltr'><strong>et</strong></span> <span class='ocrx_word' id='word_1_758' title='bbox 3265 3906 3380 3954; x_wconf 88' lang='lat' dir='ltr'><strong>sta-</strong></span> 
     </span>
    </p>
   </div>
   <div class='ocr_carea' id='block_1_102' title="bbox 1797 3981 3379 4061">
    <p class='ocr_par' dir='ltr' id='par_1_102' title="bbox 1797 3981 3379 4061">
     <span class='ocr_line' id='line_1_102' title="bbox 1797 3981 3379 4061; baseline 0.006 -25"><span class='ocrx_word' id='word_1_759' title='bbox 1797 3981 1936 4038; x_wconf 91' lang='lat' dir='ltr'><strong>biles</strong></span> <span class='ocrx_word' id='word_1_760' title='bbox 1961 3998 2025 4039; x_wconf 85' lang='lat' dir='ltr'><strong>ac</strong></span> <span class='ocrx_word' id='word_1_761' title='bbox 2056 3984 2241 4042; x_wconf 86' lang='lat' dir='ltr'><strong>ﬁrmos</strong></span> <span class='ocrx_word' id='word_1_762' title='bbox 2286 3989 2592 4047; x_wconf 86' lang='lat' dir='ltr'><strong>animarum</strong></span> <span class='ocrx_word' id='word_1_763' title='bbox 2624 3991 2828 4061; x_wconf 87' lang='lat' dir='ltr'><strong>lapides</strong></span> <span class='ocrx_word' id='word_1_764' title='bbox 2857 3991 3099 4060; x_wconf 84' lang='lat' dir='ltr'><strong>undique</strong></span> <span class='ocrx_word' id='word_1_765' title='bbox 3125 3989 3379 4060; x_wconf 82' lang='lat' dir='ltr'><strong>seligens,</strong></span> 
     </span>
    </p>
   </div>
   <div class='ocr_carea' id='block_1_103' title="bbox 1800 4076 3381 4152">
    <p class='ocr_par' dir='ltr' id='par_1_103' title="bbox 1800 4076 3381 4152">
     <span class='ocr_line' id='line_1_103' title="bbox 1800 4076 3381 4152; baseline 0.006 -23"><span class='ocrx_word' id='word_1_766' title='bbox 1800 4076 2039 4147; x_wconf 78' lang='lat' dir='ltr'><strong>amplam</strong></span> <span class='ocrx_word' id='word_1_767' title='bbox 2079 4093 2144 4134; x_wconf 90' lang='lat' dir='ltr'><strong>ac</strong></span> <span class='ocrx_word' id='word_1_768' title='bbox 2189 4081 2399 4152; x_wconf 89' lang='lat' dir='ltr'><strong>regiam</strong></span> <span class='ocrx_word' id='word_1_769' title='bbox 2438 4083 2661 4138; x_wconf 90' lang='lat' dir='ltr'><strong>domum</strong></span> <span class='ocrx_word' id='word_1_770' title='bbox 2720 4099 2790 4137; x_wconf 80' lang='lat' dir='ltr'><strong>ex</strong></span> <span class='ocrx_word' id='word_1_771' title='bbox 2829 4084 3082 4139; x_wconf 90' lang='lat' dir='ltr'><strong>omnibus</strong></span> <span class='ocrx_word' id='word_1_772' title='bbox 3130 4092 3381 4139; x_wconf 88' lang='lat' dir='ltr'><strong>constru-</strong></span> 
     </span>
    </p>
   </div>
   <div class='ocr_carea' id='block_1_104' title="bbox 1802 4170 3383 4246">
    <p class='ocr_par' dir='ltr' id='par_1_104' title="bbox 1802 4170 3383 4246">
     <span class='ocr_line' id='line_1_104' title="bbox 1802 4170 3383 4246; baseline 0.005 -23"><span class='ocrx_word' id='word_1_773' title='bbox 1802 4170 1917 4224; x_wconf 74' lang='lat' dir='ltr'><strong>xit:</strong></span> <span class='ocrx_word' id='word_1_774' title='bbox 1955 4170 2267 4240; x_wconf 86' lang='lat' dir='ltr'><strong>splendoris</strong></span> <span class='ocrx_word' id='word_1_775' title='bbox 2293 4188 2359 4229; x_wconf 87' lang='lat' dir='ltr'><strong>ac</strong></span> <span class='ocrx_word' id='word_1_776' title='bbox 2383 4173 2605 4232; x_wconf 88' lang='lat' dir='ltr'><strong>luminis</strong></span> <span class='ocrx_word' id='word_1_777' title='bbox 2624 4176 2848 4246; x_wconf 87' lang='lat' dir='ltr'><strong>plenam</strong></span> <span class='ocrx_word' id='word_1_778' title='bbox 2889 4186 3000 4231; x_wconf 88' lang='lat' dir='ltr'><strong>tam</strong></span> <span class='ocrx_word' id='word_1_779' title='bbox 3034 4176 3183 4232; x_wconf 89' lang='lat' dir='ltr'><strong>intus</strong></span> <span class='ocrx_word' id='word_1_780' title='bbox 3218 4190 3383 4246; x_wconf 88' lang='lat' dir='ltr'><strong>quam</strong></span> 
     </span>
    </p>
   </div>
   <div class='ocr_carea' id='block_1_105' title="bbox 1801 4251 3395 4334">
    <p class='ocr_par' dir='ltr' id='par_1_105' title="bbox 1801 4251 3395 4334">
     <span class='ocr_line' id='line_1_105' title="bbox 1801 4251 3395 4334; baseline 0.004 -21"><span class='ocrx_word' id='word_1_781' title='bbox 1801 4269 2004 4315; x_wconf 80' lang='lat' dir='ltr'><strong>extra:</strong></span> <span class='ocrx_word' id='word_1_782' title='bbox 2048 4262 2496 4334; x_wconf 84' lang='lat' dir='ltr'><strong>quandoquidem</strong></span> <span class='ocrx_word' id='word_1_783' title='bbox 2557 4282 2666 4322; x_wconf 89' lang='lat' dir='ltr'><strong>non</strong></span> <span class='ocrx_word' id='word_1_784' title='bbox 2716 4268 2896 4321; x_wconf 87' lang='lat' dir='ltr'><strong>anima</strong></span> <span class='ocrx_word' id='word_1_785' title='bbox 2946 4267 3120 4323; x_wconf 90' lang='lat' dir='ltr'><strong>solum</strong></span> <span class='ocrx_word' id='word_1_786' title='bbox 3170 4266 3280 4321; x_wconf 88' lang='lat' dir='ltr'><strong>illis</strong></span> <span class='ocrx_word' id='word_1_787' title='bbox 3319 4251 3395 4320; x_wconf 28' lang='lat' dir='ltr'><strong>ac.</strong></span> 
     </span>
    </p>
   </div>
   <div class='ocr_carea' id='block_1_106' title="bbox 1801 4355 3385 4430">
    <p class='ocr_par' dir='ltr' id='par_1_106' title="bbox 1801 4355 3385 4430">
     <span class='ocr_line' id='line_1_106' title="bbox 1801 4355 3385 4430; baseline 0.004 -25"><span class='ocrx_word' id='word_1_788' title='bbox 1801 4365 1999 4418; x_wconf 91' lang='lat' dir='ltr'><strong>mens,</strong></span> <span class='ocrx_word' id='word_1_789' title='bbox 2046 4355 2143 4411; x_wconf 90' lang='lat' dir='ltr'><strong>sed</strong></span> <span class='ocrx_word' id='word_1_790' title='bbox 2196 4357 2366 4412; x_wconf 85' lang='lat' dir='ltr'><strong>etiam</strong></span> <span class='ocrx_word' id='word_1_791' title='bbox 2425 4375 2626 4430; x_wconf 86' lang='lat' dir='ltr'><strong>corpus</strong></span> <span class='ocrx_word' id='word_1_792' title='bbox 2681 4358 2952 4416; x_wconf 88' lang='lat' dir='ltr'><strong>castitatis</strong></span> <span class='ocrx_word' id='word_1_793' title='bbox 2994 4373 3060 4414; x_wconf 86' lang='lat' dir='ltr'><strong>ac</strong></span> <span class='ocrx_word' id='word_1_794' title='bbox 3105 4359 3385 4414; x_wconf 63' lang='lat' dir='ltr'><strong>modestia:</strong></span> 
     </span>
    </p>
   </div>
   <div class='ocr_carea' id='block_1_107' title="bbox 1802 4439 3386 4519">
    <p class='ocr_par' dir='ltr' id='par_1_107' title="bbox 1802 4439 3386 4519">
     <span class='ocr_line' id='line_1_107' title="bbox 1802 4439 3386 4519; baseline 0.004 -23"><span class='ocrx_word' id='word_1_795' title='bbox 1802 4439 1998 4498; x_wconf 87' lang='lat' dir='ltr'><strong>ﬁorido</strong></span> <span class='ocrx_word' id='word_1_796' title='bbox 2051 4456 2252 4501; x_wconf 89' lang='lat' dir='ltr'><strong>ornatu</strong></span> <span class='ocrx_word' id='word_1_797' title='bbox 2303 4450 2676 4519; x_wconf 86' lang='lat' dir='ltr'><strong>resplendent.</strong></span> <span class='ocrx_word' id='word_1_798' title='bbox 2730 4449 2921 4506; x_wconf 86' lang='lat' dir='ltr'><strong>Insunt</strong></span> <span class='ocrx_word' id='word_1_799' title='bbox 2964 4450 3128 4505; x_wconf 85' lang='lat' dir='ltr'><strong>etiam</strong></span> <span class='ocrx_word' id='word_1_800' title='bbox 3177 4449 3233 4503; x_wconf 90' lang='lat' dir='ltr'><strong>in</strong></span> <span class='ocrx_word' id='word_1_801' title='bbox 3281 4448 3386 4503; x_wconf 89' lang='lat' dir='ltr'><strong>hoc</strong></span> 
     </span>
    </p>
   </div>
   <div class='ocr_carea' id='block_1_108' title="bbox 1805 4534 3379 4612">
    <p class='ocr_par' dir='ltr' id='par_1_108' title="bbox 1805 4534 3379 4612">
     <span class='ocr_line' id='line_1_108' title="bbox 1805 4534 3379 4612; baseline 0.004 -25"><span class='ocrx_word' id='word_1_802' title='bbox 1805 4534 2008 4604; x_wconf 91' lang='lat' dir='ltr'><strong>templo</strong></span> <span class='ocrx_word' id='word_1_803' title='bbox 2049 4536 2252 4599; x_wconf 89' lang='lat' dir='ltr'><strong>throni.</strong></span> <span class='ocrx_word' id='word_1_804' title='bbox 2291 4550 2349 4595; x_wconf 87' lang='lat' dir='ltr'><strong>et</strong></span> <span class='ocrx_word' id='word_1_805' title='bbox 2386 4541 2643 4598; x_wconf 86' lang='lat' dir='ltr'><strong>subsellia</strong></span> <span class='ocrx_word' id='word_1_806' title='bbox 2681 4556 3017 4612; x_wconf 86' lang='lat' dir='ltr'><strong>scamnaque</strong></span> <span class='ocrx_word' id='word_1_807' title='bbox 3047 4540 3379 4596; x_wconf 84' lang='lat' dir='ltr'><strong>innumera:</strong></span> 
     </span>
    </p>
   </div>
   <div class='ocr_carea' id='block_1_109' title="bbox 1804 4625 3387 4704">
    <p class='ocr_par' dir='ltr' id='par_1_109' title="bbox 1804 4625 3387 4704">
     <span class='ocr_line' id='line_1_109' title="bbox 1804 4625 3387 4704; baseline 0.005 -26"><span class='ocrx_word' id='word_1_808' title='bbox 1804 4625 1859 4679; x_wconf 90' lang='lat' dir='ltr'><strong>in</strong></span> <span class='ocrx_word' id='word_1_809' title='bbox 1897 4629 2113 4684; x_wconf 88' lang='lat' dir='ltr'><strong>cunctis</strong></span> <span class='ocrx_word' id='word_1_810' title='bbox 2150 4630 2364 4687; x_wconf 83' lang='lat' dir='ltr'><strong>scilicet</strong></span> <span class='ocrx_word' id='word_1_811' title='bbox 2397 4632 2686 4690; x_wconf 90' lang='lat' dir='ltr'><strong>animabus</strong></span> <span class='ocrx_word' id='word_1_812' title='bbox 2722 4633 2776 4689; x_wconf 91' lang='lat' dir='ltr'><strong>in</strong></span> <span class='ocrx_word' id='word_1_813' title='bbox 2808 4635 3007 4704; x_wconf 88' lang='lat' dir='ltr'><strong>quibus</strong></span> <span class='ocrx_word' id='word_1_814' title='bbox 3040 4630 3217 4688; x_wconf 86' lang='lat' dir='ltr'><strong>sancti</strong></span> <span class='ocrx_word' id='word_1_815' title='bbox 3260 4630 3387 4701; x_wconf 86' lang='lat' dir='ltr'><strong>Spi-</strong></span> 
     </span>
    </p>
   </div>
   <div class='ocr_carea' id='block_1_110' title="bbox 1805 4716 3385 4793">
    <p class='ocr_par' dir='ltr' id='par_1_110' title="bbox 1805 4716 3385 4793">
     <span class='ocr_line' id='line_1_110' title="bbox 1805 4716 3385 4793; baseline 0.004 -23"><span class='ocrx_word' id='word_1_816' title='bbox 1805 4716 1944 4773; x_wconf 89' lang='lat' dir='ltr'><strong>ritus</strong></span> <span class='ocrx_word' id='word_1_817' title='bbox 1987 4722 2229 4777; x_wconf 86' lang='lat' dir='ltr'><strong>resident</strong></span> <span class='ocrx_word' id='word_1_818' title='bbox 2267 4725 2436 4791; x_wconf 89' lang='lat' dir='ltr'><strong>dona,</strong></span> <span class='ocrx_word' id='word_1_819' title='bbox 2472 4724 2776 4793; x_wconf 86' lang='lat' dir='ltr'><strong>cnjnsmodi</strong></span> <span class='ocrx_word' id='word_1_820' title='bbox 2811 4727 2939 4781; x_wconf 87' lang='lat' dir='ltr'><strong>olim</strong></span> <span class='ocrx_word' id='word_1_821' title='bbox 2979 4726 3093 4780; x_wconf 85' lang='lat' dir='ltr'><strong>visa</strong></span> <span class='ocrx_word' id='word_1_822' title='bbox 3137 4733 3267 4781; x_wconf 90' lang='lat' dir='ltr'><strong>sunt</strong></span> <span class='ocrx_word' id='word_1_823' title='bbox 3294 4738 3385 4780; x_wconf 87' lang='lat' dir='ltr'><strong>sa-</strong></span> 
     </span>
    </p>
   </div>
   <div class='ocr_carea' id='block_1_111' title="bbox 1802 4813 3385 4890">
    <p class='ocr_par' dir='ltr' id='par_1_111' title="bbox 1802 4813 3385 4890">
     <span class='ocr_line' id='line_1_111' title="bbox 1802 4813 3385 4890; baseline 0.005 -26"><span class='ocrx_word' id='word_1_824' title='bbox 1802 4813 2103 4868; x_wconf 88' lang='lat' dir='ltr'><strong>crosanctis</strong></span> <span class='ocrx_word' id='word_1_825' title='bbox 2162 4816 2463 4886; x_wconf 83' lang='lat' dir='ltr'><strong>apostolis:</strong></span> <span class='ocrx_word' id='word_1_826' title='bbox 2512 4820 2713 4890; x_wconf 87' lang='lat' dir='ltr'><strong>quibus</strong></span> <span class='ocrx_word' id='word_1_827' title='bbox 2767 4819 2965 4890; x_wconf 62' lang='lat' dir='ltr'><strong>linguai</strong></span> <span class='ocrx_word' id='word_1_828' title='bbox 3016 4818 3193 4873; x_wconf 90' lang='lat' dir='ltr'><strong>instar</strong></span> <span class='ocrx_word' id='word_1_829' title='bbox 3241 4816 3385 4887; x_wconf 83' lang='lat' dir='ltr'><strong>ignis</strong></span> 
     </span>
    </p>
   </div>
   <div class='ocr_carea' id='block_1_112' title="bbox 1798 5034 3385 5117">
    <p class='ocr_par' dir='ltr' id='par_1_112' title="bbox 1798 5034 3385 5117">
     <span class='ocr_line' id='line_1_112' title="bbox 1798 5034 3385 5117; baseline -0.005 -22"><span class='ocrx_word' id='word_1_830' title='bbox 1798 5042 1980 5110; x_wconf 77' lang='lat' dir='ltr'><strong>gentis</strong></span> <span class='ocrx_word' id='word_1_831' title='bbox 2001 5041 2054 5096; x_wconf 90' lang='lat' dir='ltr'><strong>in</strong></span> <span class='ocrx_word' id='word_1_832' title='bbox 2087 5040 2250 5096; x_wconf 88' lang='lat' dir='ltr'><strong>terris</strong></span> <span class='ocrx_word' id='word_1_833' title='bbox 2270 5040 2545 5097; x_wconf 69' lang='lat' dir='ltr'><strong>Ecclesiae.</strong></span> <span class='ocrx_word' id='word_1_834' title='bbox 2579 5036 2966 5117; x_wconf 74' lang='lat' dir='ltr'><strong>At_M_itscnl_ns,</strong></span> <span class='ocrx_word' id='word_1_835' title='bbox 2991 5034 3147 5105; x_wconf 80' lang='lat' dir='ltr'><strong>cujus</strong></span> <span class='ocrx_word' id='word_1_836' title='bbox 3176 5035 3385 5117; x_wconf 73' lang='lat' dir='ltr'><strong>versio-</strong></span> 
     </span>
    </p>
   </div>
   <div class='ocr_carea' id='block_1_113' title="bbox 1799 5110 3385 5176">
    <p class='ocr_par' dir='ltr' id='par_1_113' title="bbox 1799 5110 3385 5176">
     <span class='ocr_line' id='line_1_113' title="bbox 1799 5110 3385 5176; baseline -0.006 -9"><span class='ocrx_word' id='word_1_837' title='bbox 1799 5128 1925 5167; x_wconf 87' lang='lat' dir='ltr'><strong>nem</strong></span> <span class='ocrx_word' id='word_1_838' title='bbox 1951 5126 2104 5167; x_wconf 88' lang='lat' dir='ltr'><strong>more</strong></span> <span class='ocrx_word' id='word_1_839' title='bbox 2135 5126 2235 5166; x_wconf 90' lang='lat' dir='ltr'><strong>suo</strong></span> <span class='ocrx_word' id='word_1_840' title='bbox 2262 5122 2479 5166; x_wconf 86' lang='lat' dir='ltr'><strong>secutus</strong></span> <span class='ocrx_word' id='word_1_841' title='bbox 2508 5121 2591 5165; x_wconf 88' lang='lat' dir='ltr'><strong>est</strong></span> <span class='ocrx_word' id='word_1_842' title='bbox 2610 5110 3165 5176; x_wconf 75' lang='lat' dir='ltr'><strong>Cliristophorsouus,</strong></span> <span class='ocrx_word' id='word_1_843' title='bbox 3188 5115 3243 5161; x_wconf 85' lang='lat' dir='ltr'><strong>et</strong></span> <span class='ocrx_word' id='word_1_844' title='bbox 3269 5110 3385 5173; x_wconf 63' lang='lat' dir='ltr'><strong>ipse</strong></span> 
     </span>
    </p>
   </div>
   <div class='ocr_carea' id='block_1_114' title="bbox 1798 5178 3374 5251">
    <p class='ocr_par' dir='ltr' id='par_1_114' title="bbox 1798 5178 3374 5251">
     <span class='ocr_line' id='line_1_114' title="bbox 1798 5178 3374 5251; baseline -0.007 -13"><span class='ocrx_word' id='word_1_845' title='bbox 1798 5184 1851 5238; x_wconf 91' lang='lat' dir='ltr'><strong>in</strong></span> <span class='ocrx_word' id='word_1_846' title='bbox 1887 5182 2044 5251; x_wconf 86' lang='lat' dir='ltr'><strong>hnjns</strong></span> <span class='ocrx_word' id='word_1_847' title='bbox 2073 5182 2176 5236; x_wconf 86' lang='lat' dir='ltr'><strong>loci</strong></span> <span class='ocrx_word' id='word_1_848' title='bbox 2210 5182 2460 5237; x_wconf 80' lang='lat' dir='ltr'><strong>versione</strong></span> <span class='ocrx_word' id='word_1_849' title='bbox 2484 5181 2611 5234; x_wconf 77' lang='lat' dir='ltr'><strong>nillil</strong></span> <span class='ocrx_word' id='word_1_850' title='bbox 2642 5180 2865 5251; x_wconf 80' lang='lat' dir='ltr'><strong>omnino</strong></span> <span class='ocrx_word' id='word_1_851' title='bbox 2902 5178 3054 5241; x_wconf 90' lang='lat' dir='ltr'><strong>vidit,</strong></span> <span class='ocrx_word' id='word_1_852' title='bbox 3085 5184 3152 5251; x_wconf 89' lang='lat' dir='ltr'><strong>_et</strong></span> <span class='ocrx_word' id='word_1_853' title='bbox 3208 5185 3374 5229; x_wconf 85' lang='lat' dir='ltr'><strong>totam</strong></span> 
     </span>
    </p>
   </div>
   <div class='ocr_carea' id='block_1_115' title="bbox 1802 5247 3146 5308">
    <p class='ocr_par' dir='ltr' id='par_1_115' title="bbox 1802 5247 3146 5308">
     <span class='ocr_line' id='line_1_115' title="bbox 1802 5247 3146 5308; baseline -0.006 -1"><span class='ocrx_word' id='word_1_854' title='bbox 1802 5247 2147 5308; x_wconf 76' lang='lat' dir='ltr'><strong>venustatem</strong></span> <span class='ocrx_word' id='word_1_855' title='bbox 2176 5254 2458 5306; x_wconf 74' lang='lat' dir='ltr'><strong>sentcntiae</strong></span> <span class='ocrx_word' id='word_1_856' title='bbox 2491 5249 2787 5304; x_wconf 68' lang='lat' dir='ltr'><strong>let-toribus</strong></span> <span class='ocrx_word' id='word_1_857' title='bbox 2811 5247 3146 5303; x_wconf 86' lang='lat' dir='ltr'><strong>obscuravit.</strong></span> 
     </span>
    </p>
   </div>
   <div class='ocr_carea' id='block_1_116' title="bbox 1868 5316 3382 5394">
    <p class='ocr_par' dir='ltr' id='par_1_116' title="bbox 1868 5316 3382 5394">
     <span class='ocr_line' id='line_1_116' title="bbox 1868 5316 3382 5394; baseline -0.007 -18"><span class='ocrx_word' id='word_1_858' title='bbox 1868 5324 1980 5394; x_wconf 63' lang='lat'><strong>(58)</strong></span> <span class='ocrx_word' id='word_1_859' title='bbox 2001 5322 2159 5390; x_wconf 75' lang='lat' dir='ltr'><strong>Vulg.</strong></span> <span class='ocrx_word' id='word_1_860' title='bbox 2177 5321 2596 5394; x_wconf 65' lang='grc' dir='ltr'>τὸν-τοσοῦτον</span> <span class='ocrx_word' id='word_1_861' title='bbox 2612 5319 2775 5389; x_wconf 76' lang='grc' dir='ltr'>ἡμῖν.</span> <span class='ocrx_word' id='word_1_862' title='bbox 2798 5319 3005 5394; x_wconf 76' lang='lat' dir='ltr'><strong>_Scripti</strong></span> <span class='ocrx_word' id='word_1_863' title='bbox 3031 5316 3252 5394; x_wconf 66' lang='lat' dir='ltr'><strong>codices</strong></span> <span class='ocrx_word' id='word_1_864' title='bbox 3272 5327 3382 5394; x_wconf 63' lang='lat' dir='ltr'><strong>uno</strong></span> 
     </span>
    </p>
   </div>
   <div class='ocr_carea' id='block_1_117' title="bbox 1794 5381 3382 5458">
    <p class='ocr_par' dir='ltr' id='par_1_117' title="bbox 1794 5381 3382 5458">
     <span class='ocr_line' id='line_1_117' title="bbox 1794 5381 3382 5458; baseline -0.01 -9"><span class='ocrx_word' id='word_1_865' title='bbox 1794 5381 2060 5449; x_wconf 75' lang='lat' dir='ltr'><strong>consensu</strong></span> <span class='ocrx_word' id='word_1_866' title='bbox 2103 5381 2308 5449; x_wconf 71' lang='lat' dir='ltr'><strong>habent</strong></span> <span class='ocrx_word' id='word_1_867' title='bbox 2362 5394 2453 5446; x_wconf 84' lang='grc' dir='ltr'><strong>τὸν</strong></span> <span class='ocrx_word' id='word_1_868' title='bbox 2498 5391 2608 5444; x_wconf 85' lang='grc' dir='ltr'><strong>τῶν</strong></span> <span class='ocrx_word' id='word_1_869' title='bbox 2638 5381 2944 5443; x_wconf 67' lang='grc' dir='ltr'>²τοσούτων’</span> <span class='ocrx_word' id='word_1_870' title='bbox 2971 5387 3104 5458; x_wconf 79' lang='grc' dir='ltr'>ἡμῖν</span> <span class='ocrx_word' id='word_1_871' title='bbox 3158 5381 3382 5453; x_wconf 82' lang='grc' dir='ltr'>ἀγαθῶν</span> 
     </span>
    </p>
   </div>
   <div class='ocr_carea' id='block_1_118' title="bbox 1803 5459 3381 5535">
    <p class='ocr_par' dir='ltr' id='par_1_118' title="bbox 1803 5459 3381 5535">
     <span class='ocr_line' id='line_1_118' title="bbox 1803 5459 3381 5535; baseline -0.009 -17"><span class='ocrx_word' id='word_1_872' title='bbox 1803 5465 2114 5535; x_wconf 73' lang='grc' dir='ltr'>παραίτιον.</span> <span class='ocrx_word' id='word_1_873' title='bbox 2159 5472 2235 5535; x_wconf 90' lang='lat' dir='ltr'><strong>et_</strong></span> <span class='ocrx_word' id='word_1_874' title='bbox 2265 5463 2331 5516; x_wconf 85' lang='lat' dir='ltr'><strong>ad</strong></span> <span class='ocrx_word' id='word_1_875' title='bbox 2366 5478 2538 5535; x_wconf 12' lang='lat' dir='ltr'><strong>forant</strong></span> <span class='ocrx_word' id='word_1_876' title='bbox 2606 5461 2812 5535; x_wconf 67' lang='lat' dir='ltr'><strong>codicis</strong></span> <span class='ocrx_word' id='word_1_877' title='bbox 2880 5459 3018 5529; x_wconf 82' lang='lat' dir='ltr'><strong>Med.</strong></span> <span class='ocrx_word' id='word_1_878' title='bbox 3080 5464 3381 5509; x_wconf 83' lang='lat' dir='ltr'><strong>annotatur</strong></span> 
     </span>
    </p>
   </div>
   <div class='ocr_carea' id='block_1_119' title="bbox 1802 5531 3381 5606">
    <p class='ocr_par' dir='ltr' id='par_1_119' title="bbox 1802 5531 3381 5606">
     <span class='ocr_line' id='line_1_119' title="bbox 1802 5531 3381 5606; baseline -0.008 -18"><span class='ocrx_word' id='word_1_879' title='bbox 1802 5531 2013 5606; x_wconf 82' lang='grc' dir='ltr'>σκληρά</span> <span class='ocrx_word' id='word_1_880' title='bbox 2050 5532 2324 5600; x_wconf 81' lang='grc' dir='ltr'>σύνταξις,</span> <span class='ocrx_word' id='word_1_881' title='bbox 2364 5534 2558 5587; x_wconf 86' lang='lat' dir='ltr'><strong>idest:</strong></span> <span class='ocrx_word' id='word_1_882' title='bbox 2596 5550 2615 5582; x_wconf 82' lang='grc' dir='ltr'><strong>ι</strong></span> <span class='ocrx_word' id='word_1_883' title='bbox 2648 5531 2782 5585; x_wconf 86' lang='lat' dir='ltr'><strong>dura</strong></span> <span class='ocrx_word' id='word_1_884' title='bbox 2811 5540 2975 5600; x_wconf 83' lang='lat' dir='ltr'><strong>atque</strong></span> <span class='ocrx_word' id='word_1_885' title='bbox 3001 5541 3196 5597; x_wconf 83' lang='lat' dir='ltr'><strong>aspera</strong></span> <span class='ocrx_word' id='word_1_886' title='bbox 3243 5536 3381 5578; x_wconf 87' lang='lat' dir='ltr'><strong>con-</strong></span> 
     </span>
    </p>
   </div>
   <div class='ocr_carea' id='block_1_120' title="bbox 1799 5608 2101 5662">
    <p class='ocr_par' dir='ltr' id='par_1_120' title="bbox 1799 5608 2101 5662">
     <span class='ocr_line' id='line_1_120' title="bbox 1799 5608 2101 5662; baseline -0.02 -1"><span class='ocrx_word' id='word_1_887' title='bbox 1799 5608 2051 5662; x_wconf 83' lang='lat' dir='ltr'><strong>strnctio.</strong></span> <span class='ocrx_word' id='word_1_888' title='bbox 2083 5623 2101 5655; x_wconf 75' lang='grc' dir='ltr'><strong>ι</strong></span> 
     </span>
    </p>
   </div>
   <div class='ocr_carea' id='block_1_121' title="bbox 1872 5665 3382 5748">
    <p class='ocr_par' dir='ltr' id='par_1_121' title="bbox 1872 5665 3382 5748">
     <span class='ocr_line' id='line_1_121' title="bbox 1872 5665 3382 5748; baseline -0.003 -19"><span class='ocrx_word' id='word_1_889' title='bbox 1872 5674 1986 5748; x_wconf 71' lang='grc'><strong>(49)</strong></span> <span class='ocrx_word' id='word_1_890' title='bbox 2028 5671 2511 5748; x_wconf 74' lang='grc' dir='ltr'><strong>Ἑμπψπλῷντα.</strong></span> <span class='ocrx_word' id='word_1_891' title='bbox 2538 5670 2620 5727; x_wconf 83' lang='lat' dir='ltr'><strong>Ita</strong></span> <span class='ocrx_word' id='word_1_892' title='bbox 2652 5672 2707 5725; x_wconf 91' lang='lat' dir='ltr'><strong>in</strong></span> <span class='ocrx_word' id='word_1_893' title='bbox 2744 5667 3153 5748; x_wconf 37' lang='lat' dir='ltr'><strong>uetustissimo‘</strong></span> <span class='ocrx_word' id='word_1_894' title='bbox 3192 5665 3382 5748; x_wconf 71' lang='lat' dir='ltr'><strong>codice</strong></span> 
     </span>
    </p>
   </div>
   <div class='ocr_carea' id='block_1_122' title="bbox 1799 5737 3379 5814">
    <p class='ocr_par' dir='ltr' id='par_1_122' title="bbox 1799 5737 3379 5814">
     <span class='ocr_line' id='line_1_122' title="bbox 1799 5737 3379 5814; baseline -0.007 -12"><span class='ocrx_word' id='word_1_895' title='bbox 1799 5737 1937 5802; x_wconf 51' lang='lat' dir='ltr'><strong>Ma‘z.</strong></span> <span class='ocrx_word' id='word_1_896' title='bbox 1966 5737 2221 5799; x_wconf 69' lang='lat' dir='ltr'><strong>scribitur</strong></span> <span class='ocrx_word' id='word_1_897' title='bbox 2248 5745 2449 5798; x_wconf 85' lang='lat' dir='ltr'><strong>rectius</strong></span> <span class='ocrx_word' id='word_1_898' title='bbox 2478 5758 2640 5812; x_wconf 79' lang='lat' dir='ltr'><strong>quam</strong></span> <span class='ocrx_word' id='word_1_899' title='bbox 2671 5741 2815 5812; x_wconf 78' lang='lat' dir='ltr'><strong>vulg.</strong></span> <span class='ocrx_word' id='word_1_900' title='bbox 2841 5737 3073 5814; x_wconf 81' lang='grc' dir='ltr'>ἐμπιπλ.</span> <span class='ocrx_word' id='word_1_901' title='bbox 3116 5738 3379 5792; x_wconf 77' lang='lat' dir='ltr'><strong>Eumdetn</strong></span> 
     </span>
    </p>
   </div>
   <div class='ocr_carea' id='block_1_123' title="bbox 1804 5814 2885 5884">
    <p class='ocr_par' dir='ltr' id='par_1_123' title="bbox 1804 5814 2885 5884">
     <span class='ocr_line' id='line_1_123' title="bbox 1804 5814 2885 5884; baseline -0.009 -10"><span class='ocrx_word' id='word_1_902' title='bbox 1804 5829 2050 5874; x_wconf 83' lang='lat' dir='ltr'><strong>errorem</strong></span> <span class='ocrx_word' id='word_1_903' title='bbox 2076 5814 2188 5884; x_wconf 83' lang='lat' dir='ltr'><strong>jant</strong></span> <span class='ocrx_word' id='word_1_904' title='bbox 2228 5823 2386 5869; x_wconf 82' lang='lat' dir='ltr'><strong>antea</strong></span> <span class='ocrx_word' id='word_1_905' title='bbox 2418 5824 2611 5869; x_wconf 80' lang='lat' dir='ltr'><strong>notare</strong></span> <span class='ocrx_word' id='word_1_906' title='bbox 2646 5815 2885 5868; x_wconf 78' lang='lat' dir='ltr'><strong>memini.</strong></span> 
     </span>
    </p>
   </div>
  </div>
