3860 6482
481 383 589 442 879

1191 374 1463 434 EUSEBII
1500 366 1984 428 CESARIENSIS
2020 366 2171 424 OPP.
2214 365 2395 422 PARS
2432 364 2474 421 1.
2515 398 2584 406 —
2621 365 3018 424 IIISTORICA.

3636 372 3725 430 880

478 501 695 567 ‘divisre,
724 508 782 558 et
820 496 1049 566 singulis
1089 494 1390 549 insidentes
1420 498 1814 561 apparuerunt.
1857 484 2061 542 Verum

2173 484 2321 557 ἡμῶν
2371 484 2470 550 τὰς
2513 485 2751 557 ἀνομίας
2798 486 3212 557 ἡμῶν-καθὼς
3266 487 3527 559 οίκτείρει¹
3566 488 3730 563 πατὴρ

483 594 539 650 in
588 593 709 665 ipso
745 590 964 661 quidem
1004 586 1247 644 omnium
1295 583 1544 655 principe
1587 596 1651 636 ac
1681 579 1940 651 pmside,
1977 587 2063 632 to-

484 694 599 751 tus,
642 692 703 739 ut
740 679 1040 737 verisimile
1066 685 1171 743 est,
1208 675 1409 730 insidet
1439 672 1711 730 Christus.
1746 670 1803 724 lu
1837 671 1903 725 iis
1935 683 2065 724 vero

484 780 580 851 qui
619 776 917 833 secundum
948 771 1233 842 dignitatis
1266 770 1445 825 locum
1485 769 1760 832 obtinent,
1792 774 2066 837 quatenus

485 872 718 942 quisque
764 867 1049 938 dispertita
1092 864 1313 919 virtutis
1359 860 1563 917 Christi
1607 859 1896 927 sanctique
1941 855 2067 926 Spi-

484 968 625 1022 ritus
662 963 806 1018 dena
853 975 1051 1030 capere
1091 965 1291 1028 potest.
1338 952 1617 1009 Subsellia
1658 964 1874 1020 quoque
1902 963 2069 1018 augeo

482 1057 661 1113 lorum
692 1062 820 1111 sunt
859 1052 1219 1123 quorumdam
1256 1048 1475 1107 anima.
1513 1058 1746 1114 quorum
1797 1039 2070 1096 institutio

481 1164 541 1208 et
597 1146 847 1206 custodia
903 1145 1013 1200 illis
1055 1141 1382 1199 demandata
1428 1146 1531 1193 est.
1587 1137 1893 1208 Augustum
1936 1147 2071 1189 vero

480 1254 857 1316 magnumque
884 1247 945 1295 et
978 1236 1197 1293 unicum
1244 1233 1419 1289 altare
1454 1228 1735 1316 quodnam
1771 1226 1917 1316 aliud
1964 1233 2068 1289 est,

485 1314 651 1406 quam
692 1329 890 1387 summi
950 1327 1199 1383 omnium
1247 1318 1551 1379 sacerdotis
1592 1314 1885 1406 purissima
1918 1326 2075 1406 mens

479 1403 821 1496 prorsusque
857 1420 1124 1476 Sanctum
1146 1423 1462 1471 sanctorum
1493 1408 1518 1463 ἲ
1559 1407 1659 1464 Cui
1699 1404 1894 1461 dexter
1933 1403 2068 1496 assi-

485 1493 638 1574 stens
682 1493 958 1571 maximus
991 1510 1085 1565 ille
1131 1505 1378 1563 omnium
1431 1500 1719 1567 Pontifex,
1758 1498 1876 1569 ipse
1922 1493 2074 1552 scili-

483 1621 573 1667 cet
623 1608 783 1665 Iesus
806 1602 1120 1674 unigenitus
1174 1598 1271 1655 Dei
1314 1594 1513 1658 Filius,
1572 1588 1958 1647 suavissimum
2006 1584 2074 1639 ab

2167 577 2317 640 υἱοὺς
2373 574 2564 637 αὑτοῦ,
2611 576 2929 649 ᾠκτείρησε
2975 578 3179 650 Κύριος
3226 582 3353 643 τοὺς
3395 579 3730 651 φοδουμένους

2168 668 2351 723 αὐτόν.
2377 688 2396 720 ι
2428 667 2619 723 Ταῦτα
2660 669 2759 724 καὶ
2803 669 2898 725 νῦν
2946 672 3041 725 καὶ
3073 673 3156 736 είς
3187 671 3315 735 τοὺς
3354 670 3480 742 ἑξῆς
3514 669 3734 739 ἅπαντας

2168 763 2394 835 χρόνους
2418 766 2542 828 ταῖς
2573 766 2823 838 μνήμαις
2842 767 3355 841 ἀναζωπυροῦντες,
3385 769 3523 841 ἀτάρ
3544 770 3732 842 καὶτῆς

2169 856 2455 928 παρούσης
2494 857 2861 929 πανηγύρεως
2903 860 3000 913 καὶ
3041 860 3143 930 τῆς
3174 859 3407 931 φαιδρᾶς
3437 859 3629 932 ταύτης
3653 864 3732 918 καὶ

2169 949 2563 1022 λαμπροτάτης
2590 951 2811 1023 ἡμέρας
2836 952 2928 1006 τὸν
2953 954 3124 1008 αἴτιον
3157 954 3252 1007 καὶ
3293 954 3730 1027 πανηγυριάρχην,

2170 1041 2391 1115 νύκτωρ
2418 1044 2512 1097 καὶ
2544 1042 2888 1115 μεθημέραν,
2918 1044 3004 1098 διὰ
3029 1046 3212 1118 πάσης
3238 1043 3387 1117 ὥρας
3414 1046 3505 1099 καί
3524 1045 3586 1099 δι’
3606 1046 3731 1117 ὅλης,

2170 1134 2249 1199 ὼς
2273 1136 2469 1197 εἰπεῖν,
2512 1135 2794 1208 ἀναπνοῆς
2823 1139 2881 1191 ἐν
2910 1137 2986 1209 νῷ
3022 1137 3418 1211 προορώμενοι,
3453 1138 3735 1210 στέργοντες

2171 1227 2270 1280 καὶ
2292 1225 2543 1292 σέϐοντες
2564 1227 2747 1299 ψυχῆς
2776 1228 2872 1302 ὅλῃ
2896 1229 3147 1300 δυνάμει,
3170 1230 3267 1283 καὶ
3294 1228 3393 1282 νῦν
3416 1229 3735 1297 ἀναστάντες,

2176 1315 2389 1389 μεγάλῃ
2420 1316 2713 1382 διαθέσεως
2744 1322 2897 1390 φωνῇ
2927 1317 3427 1389 καθικετεύσωμεν,
3456 1317 3530 1382 ὡς
3555 1319 3617 1372 ἂν
3652 1319 3739 1374 ὑπὸ

2171 1409 2273 1481 τὴν
2298 1409 2468 1465 αὑτοῦ
2503 1411 2746 1483 μάνδραν
2774 1413 2855 1475 είς
2889 1411 3041 1476 τέλος
3063 1413 3215 1484 ἡμᾶς
3255 1410 3546 1475 σκεπάζων
3575 1411 3738 1467 διασώ-

2178 1500 2346 1567 ζοιτο,
2393 1501 2491 1572 τὴν
2530 1503 2661 1574 παρ’
2693 1502 2866 1556 αὐτοῦ
2910 1502 3190 1575 βραϐεύων
3237 1502 3460 1575 ἀρραγῆ
3506 1504 3595 1557 καὶ
3620 1505 3771 1559 ἄσεια.

2177 1610 2300 1647 στον
2338 1593 2562 1648 αίωνίαν
2597 1595 2846 1666 εἰρήνην,
2877 1595 2936 1646 ὲν
2969 1594 3192 1666 Χριστῷ
3230 1594 3406 1666 Ἰησοῦ
3444 1594 3521 1667 τῷ
3554 1595 3737 1668 Σωτῆρι

2173 1684 2209 1754 ἡ
2218 1682 2355 1755 μῶν,
2378 1683 2444 1736 δι’
2470 1676 2530 1737 οὗ
2559 1683 2708 1755 αύτῷ
2740 1686 2776 1755 ἡ
2803 1684 2928 1750 δόξα
2960 1688 3042 1750 είς
3074 1686 3202 1750 τοὺς
3223 1684 3547 1758 σύμπαντας
3567 1687 3739 1753 αἰῶνας

2175 1774 2286 1829 τῶν
2315 1773 2548 1830 αἰώνων.
2589 1776 2789 1848 Ἀμήν.

483 1701 740 1759 omnibus
787 1695 1024 1753 sumtum
1078 1701 1136 1748 et
1191 1692 1475 1746 incruenta
1517 1700 1583 1740 ac
1630 1680 1901 1754 spiritalia
1949 1692 2076 1748 pre-

482 1805 609 1847 cum
653 1786 959 1849 sacrificia,
1019 1781 1183 1839 hilari
1236 1779 1403 1835 vultu-
1440 1786 1497 1832 et
1553 1774 1765 1845 supinis
1823 1771 2077 1826 manibus

483 1875 1041 1951 suscipiens,cmlesti
1072 1872 1223 1931 Patri
1255 1881 1312 1928 et
1366 1869 1748 1924 universorum
1826 1863 1936 1919 Deo
2002 1866 2321 1920 transmittit
2372 1867 2631 1936 :primus
2674 1869 2795 1939 ipse
2839 1885 2963 1925 eum
3015 1871 3290 1938 adorans,
3340 1872 3593 1944 solusque
3634 1888 3739 1928 con-

483 1980 769 2044 gruentem
810 1978 1053 2041 paternae
1132 1963 1405 2035 maiestati
1467 1963 1731 2017 honorem
1785 1956 2097 2013 exhibens:
2143 1957 2343 2012 deinde
2402 1973 2534 2013 vero
2574 1959 2913 2028 obsecrans,
2968 1972 3026 2016 ut
3074 1962 3121 2019 is
3173 1965 3447 2035 ρτορῑιῑυε
3516 1966 3739 2021 omnibus

483 2063 646 2120 nobis
704 2076 770 2118 ac
823 2060 1093 2128 benignus
1150 2065 1412 2127 perpetuo
1469 2067 1592 2109 esse
1637 2050 1789 2107 velit.
1854 2048 2166 2117 Huiusmodi
2233 2052 2397 2123 387
2467 2062 2553 2109 est
2617 2070 2876 2125 magnum
2928 2056 3068 2113 illud
3144 2059 3432 2129 templum,
3481 2059 3615 2130 quod
3658 2074 3737 2129 per

483 2156 799 2212 universum
832 2161 1101 2208 terrarum
1130 2149 1319 2205 orbem
1345 2159 1571 2218 magnus
1598 2144 1690 2201 ille
1724 2143 1910 2199 mundi
1935 2142 2116 2211 opifex
2154 2142 2389 2200 Verbum
2462 2146 2558 2202 Dei
2619 2148 2950 2216 constituit;
3021 2149 3274 2221 hancque
3344 2150 3732 2207 intellectualem

484 2250 777 2321 imaginem
798 2262 988 2304 eorum
1019 2260 1139 2316 quae
1164 2244 1304 2299 ultra
1333 2241 1479 2311 ipsos
1512 2237 1639 2295 coeli
1682 2235 1921 2293 fornices
1962 2237 2137 2307 posita
2201 2248 2348 2299 sunt.
2416 2238 2532 2308 ipse
2599 2241 2652 2295 in
2688 2242 2858 2297 terris
2887 2241 3071 2297 denuo
3127 2241 3361 2312 perfecit
3391 2260 3406 2297 :
3437 2250 3495 2297 ut
3522 2243 3588 2297 ab
3612 2241 3737 2297 omni

484 2351 738 2399 creatura
765 2349 825 2396 et.
858 2339 928 2394 ab
956 2335 1328 2392 animantibus
1395 2333 1609 2389 ratione
1680 2332 1948 2402 praeditis,
2007 2331 2166 2387 Pater
2202 2333 2373 2404 ipsius
2425 2334 2610 2390 debito
2666 2335 2877 2391 honore
2935 2335 3197 2407 cultuque
3247 2337 3572 2394 adiceretur.
3614 2337 3737 2395 Illam

481 2449 619 2491 vero
645 2431 1088 2505 supercmlestem
1126 2428 1400 2499 regionem
1429 2436 1485 2482 et
1522 2441 1586 2481 ea
1632 2440 1753 2496 qua:
1783 2425 1892 2481 illic
1930 2434 2060 2480 sunt
2097 2425 2429 2497 exemplaria
2458 2420 2651 2482 horum
2682 2443 2811 2498 qua:
2847 2427 2940 2483 hic
2999 2430 3319 2485 cernimus:
3353 2445 3632 2501 supernam
3687 2431 3739 2486 il-

476 2531 592 2586 lam
626 2525 987 2590 Hierusalem,
1023 2523 1304 2578 corlestem
1345 2531 1583 2577 montem
1628 2521 1785 2584 Sion,
1820 2528 1879 2575 et
1914 2517 2054 2573 ultra
2094 2519 2355 2573 mundum
2389 2520 2622 2589 positam
2686 2520 2968 2576 civitatem
3015 2521 3109 2576 Dei
3170 2522 3433 2590 viventis,
3470 2523 3522 2578 in
3551 2523 3737 2594 quain-

483 2618 860 2678 numerabiles
915 2615 1237 2688 angelorum
1266 2615 1446 2681 chori,
1502 2623 1557 2669 et
1583 2611 1827 2668 Ecclesia
1862 2611 2345 2682 primogenitorum
2364 2612 2455 2682 qui
2481 2612 2534 2666 in
2572 2611 2695 2667 albo
2734 2611 3039 2668 caelestium
3091 2613 3291 2669 civium
3344 2615 3595 2686 descripti
3619 2623 3738 2682 sunt,

484 2713 821 2768 conditorem
847 2724 1004 2766 suum
1030 2723 1095 2763 ac
1125 2723 1395 2764 summum
1420 2706 1663 2761 omnium
1717 2707 1914 2761 ducem
1976 2704 2191 2776 hymnis
2219 2704 2540 2775 quibusdam
2601 2706 3074 2778 inexplicabilibus
3136 2723 3274 2778 quos
3335 2722 3438 2765 nec
3470 2709 3740 2780 intelligen-

482 2804 562 2859 tia
601 2802 819 2872 assequi
871 2814 1177 2871 possumus,
1214 2808 1580 2853 venerantur:
1616 2796 1795 2852 nullus
1850 2797 2160 2852 mortalium
2220 2811 2320 2866 pro
2349 2798 2613 2868 dignitate
2673 2798 2960 2854 celebrare
2988 2798 3290 2857 suffecerit.
3353 2802 3565 2857 Etenim
3604 2821 3623 2856 ι
3659 2817 3740 2856 nec

484 2895 677 2950 oculus
702 2894 857 2956 vidit,
891 2906 993 2947 nec
1019 2891 1172 2945 auris
1204 2890 1430 2952 audivit,
1460 2904 1562 2944 nec
1626 2889 1681 2944 iu
1746 2902 1843 2944 cor
1888 2890 2125 2945 hominis
2165 2890 2531 2945 ascenderunt
2580 2906 2647 2946 ea
2692 2906 2817 2961 qum
2857 2893 2997 2947 Deus
3040 2886 3370 2965 p‘rmpararit
3429 2894 3740 2966 diligentibus

483 3001 546 3043 se
569 2988 637 3042 ”.
668 3004 690 3039 ι
720 2985 959 3053 Quarum
1000 2982 1218 3053 quidem
1266 2996 1446 3036 rerum
1470 2979 1582 3050 iam
1611 2980 1792 3051 aliqua
1824 2996 1890 3037 ex
1922 2991 2077 3052 parte
2114 2980 2210 3037 Dei
2234 2981 2497 3037 beneficio
2526 2991 2809 3053 compotes
2841 2984 3008 3057 facti”
3029 2985 3135 3040 viri
3194 3002 3315 3042 cum
3377 2986 3675 3042 mulieribus
3694 2994 3739 3039 et

482 3080 701 3152 pueris;
732 3075 932 3132 summi
968 3075 1175 3145 pariter
1224 3081 1389 3144 atque
1415 3073 1643 3141 ,inilmi;
1674 3090 1866 3131 omnes
1930 3074 2092 3130 simul
2131 3089 2239 3130 uno
2283 3074 2480 3144 spiritu
2550 3090 2770 3146 unoque
2834 3076 3138 3133 animorum
3188 3093 3461 3135 consensu
3504 3088 3739 3134 tantoru-

485 3171 646 3229 nobis
673 3172 939 3225 honorum
967 3176 1249 3223 auctorem
1274 3165 1528 3222 conﬁteri
1589 3181 1655 3221 ac
1723 3166 2008 3222 celebrare
2059 3182 2333 3237 nunquam
2400 3167 2716 3223 desinamus
2751 3184 2768 3223 :
2805 3187 2824 3221 ι
2863 3168 2965 3235 Qui
3007 3170 3331 3240 propitiatur
3379 3172 3621 3227 omnibus
3650 3170 3736 3225 ini.

483 3262 788 3335 quitatibus
843 3261 1078 3325 nostris;
1124 3259 1219 3329 qui
1275 3267 1435 3314 sanat
1473 3271 1665 3314 omnes
1714 3258 2061 3313 infirmitates
2103 3259 2470 3329 nostras;qui
2499 3260 2718 3315 redimit
2749 3261 2818 3316 ab
2848 3260 3072 3316 interitu
3111 3261 3281 3317 vitam
3344 3271 3612 3329 nostram;
3661 3262 3738 3331 qui

484 3364 712 3413 coronat
742 3370 844 3411 nos
864 3354 920 3409 in
952 3352 1331 3409 misericordia
1359 3361 1416 3408 et
1446 3352 1925 3421 miserationibus;
1958 3354 2049 3424 qui
2090 3354 2274 3425 explet
2335 3354 2389 3409 in
2451 3354 2610 3409 bonis
2658 3353 3011 3425 cupiditatem
3048 3362 3317 3409 nostram.
3350 3352 3488 3421 Quia
3545 3369 3643 3410 non
3667 3366 3738 3408 se-

486 3450 722 3505 cundum
745 3457 967 3519 peccata
986 3457 1170 3502 nostra
1204 3445 1337 3502 fecit
1399 3446 1582 3511 nobis,
1639 3460 1819 3516 neque
1872 3449 2168 3503 secundum
2208 3447 2523 3517 iniquitates
2559 3456 2781 3504 nostras
2813 3447 3067 3504 retribuit
3104 3449 3284 3504 nobis.
3342 3447 3482 3516 Quia
3514 3457 3737 3517 quantum

486 3542 654 3596 distat
712 3551 867 3595 ortus
936 3540 1006 3595 ab
1047 3538 1353 3601 occidente,
1430 3536 1589 3607 longe
1637 3536 1770 3593 fecit
1810 3553 1840 3593 a
1887 3537 2044 3595 nobis
2105 3538 2423 3608 iniquitates
2475 3549 2714 3595 nostras.
2766 3538 3236 3607 Quemadmodum
3286 3540 3575 3595 miseretur
3613 3548 3740 3609 pater

485 3632 723 3687 filiorum
753 3645 997 3694 suorum,
1041 3630 1301 3686 misertus
1339 3636 1427 3685 est
1457 3628 1721 3685 Dominus
1759 3630 2065 3686 timentium
2105 3645 2165 3686 se
2185 3630 2254 3683 ⁹⁹.
2288 3648 2307 3683 ι
2353 3629 2479 3685 llaec
2500 3641 2556 3685 et
2588 3630 2642 3686 in
2669 3633 2962 3700 prmsentia
2987 3642 3043 3687 et
3075 3633 3286 3688 cunctis
3324 3632 3578 3703 deinceps
3627 3639 3739 3684 tem-

483 3725 712 3796 poribus
750 3724 1012 3779 memoria
1064 3723 1401 3791 recolentes,
1463 3722 1742 3793 Deumque
1784 3725 2072 3794 praesentis
2111 3724 2272 3793 hujus
2337 3723 2661 3785 festivitatis
2707 3732 2766 3780 et
2804 3724 3102 3795 splendida;
3170 3724 3333 3794 hujus
3365 3738 3434 3780 ac
3480 3721 3738 3778 latissima

485 3816 627 3872 lucis
694 3825 972 3873 auctorem
1014 3829 1082 3870 ac
1138 3814 1425 3886 prmsidcm
1475 3814 1567 3869 diu
1603 3823 1877 3886 noctuque
1910 3816 2141 3888 singulis
2180 3816 2353 3882 horis,
2384 3824 2438 3871 et
2473 3816 2757 3883 omnibus,
2789 3825 2847 3871 ut
2894 3816 2967 3871 ita
3015 3814 3218 3881 dicam,
3247 3814 3539 3872 momentis
3572 3812 3737 3884 quibus

485 3907 739 3977 spiritum
807 3906 1077 3970 ducimus,
1109 3914 1238 3961 ante
1295 3904 1486 3962 oculos
1517 3906 1719 3962 mentis
1782 3907 1942 3962 nobis
2005 3915 2405 3978 proponentes,
2436 3907 2567 3962 totis
2593 3906 2763 3961 animi
2797 3906 3007 3963 viribus
3035 3920 3159 3962 eum
3195 3906 3487 3978 diligamus
3515 3921 3578 3960 ac
3602 3918 3738 3960 vene-

493 4013 702 4052 remur.
758 3996 990 4067 Jamque
1034 4006 1416 4067 exsurgentes,
1439 3997 1855 4053 contentissima
1901 3999 2076 4054 nostri
2115 3996 2343 4053 affectus
2371 4012 2503 4052 voce
2548 4012 2669 4053 eum
2718 3998 3091 4064 Obsecremus,
3137 4007 3197 4052 ut
3257 4013 3359 4055 nos
3406 3999 3546 4054 intra
3608 4006 3737 4066 septa

483 4091 649 4146 ovilis
672 4092 753 4147 sui
789 4091 926 4146 tueri
956 4100 1218 4161 perpetuo
1246 4105 1312 4146 ac
1362 4106 1587 4147 servare
1635 4091 1789 4159 velit,
1845 4108 2144 4164 pacemque
2181 4092 2349 4163 388
2388 4107 2545 4147 suam
2593 4092 2960 4149 inviolabilem
3001 4094 3158 4150 nobis
3183 4104 3349 4165 atque
3382 4095 3734 4152 inconcuSSam

483 4191 702 4252 prestet
728 4182 783 4237 in
810 4181 1031 4239 Christo
1050 4181 1176 4238 Jesu
1212 4182 1509 4240 Servatore
1535 4192 1725 4240 nostro
1747 4225 1762 4253 ,
1794 4199 1889 4256 per
1914 4200 2077 4256 quem
2116 4185 2166 4241 ei
2197 4189 2268 4241 sit
2297 4185 2466 4257 gloria
2497 4186 2550 4241 in
2587 4185 2785 4242 saecula
2812 4186 3155 4243 saeculorum.
3178 4187 3374 4246 Amen.

1037 4375 1065 4398 ,
1106 4324 1339 4382 CAPUT
1385 4328 1447 4389 v.

834 4414 1091 4483 Exempla
1118 4416 1291 4488 legum
1323 4417 1702 4489 imperialium.

551 4504 706 4561 Nunc
743 4520 876 4562 vero
904 4505 1150 4576 exempla
1196 4507 1556 4577 imperialium
1606 4510 2060 4567 constitutionum

479 4599 821 4653 Constantini
855 4613 920 4653 ac
941 4597 1134 4653 Licinii
1160 4615 1227 4653 ex
1253 4599 1497 4655 llomana
1525 4602 1708 4673 lingua
1737 4602 1790 4657 in
1811 4601 2061 4659 Grtecam

481 4706 742 4746 conversa
765 4690 1021 4761 deinceps
1047 4691 1389 4762 adjiciamus.

478 4781 797 4853 Exemplum
820 4783 1216 4853 constitutionis
1254 4784 1631 4853 imperatorum
1657 4783 1991 4839 Constantini
2010 4792 2061 4838 et

1166 4852 1374 4908 Licinii.

553 4943 905 5002 «Iamdudum
928 4947 1173 5017 quidem,
1207 4962 1330 5003 cum
1364 4947 1924 5004 animadverteremus
1953 4965 2059 5005 non

476 5053 598 5096 esse
634 5040 988 5095 cohibendum
1038 5041 1314 5109 religionis
1359 5042 1691 5110 libertatem,
1735 5045 1828 5098 sed
1864 5044 2059 5100 unius-

477 5132 739 5203 cujusque
761 5131 989 5186 arbitrio
1020 5148 1084 5189 ac
1111 5132 1378 5187 voluntati
1414 5133 1858 5202 permittendum,
1889 5141 1947 5186 ut
1991 5150 2057 5190 ex

437 5277 447 5302 ρ
475 5224 644 5280 animi
663 5224 746 5281 sui
768 5225 1038 5281 sententia
1069 5228 1232 5282 rebus
1252 5225 1450 5281 divinis
1473 5241 1694 5294 operam
1725 5224 1790 5279 da
1803 5233 1902 5291 ret,
1928 5241 2058 5280 san-

474 5318 655 5375 ximus
683 5329 744 5374 ut
771 5328 886 5375 tum
909 5319 1094 5374 caeteri
1139 5333 1330 5374 oinnes
1372 5328 1483 5373 tum
1525 5317 1850 5383 Christiani,
1892 5329 2055 5373 sectae

427 5440 436 5483 ί
475 5424 540 5466 ac
560 5410 840 5481 religionis
864 5427 980 5467 sua:
1012 5411 1171 5467 fidem
1210 5419 1372 5481 atque
1398 5410 1809 5466 observantiam
1850 5410 2053 5465 retine-

426 5491 434 5550 ὲ
475 5509 615 5558 rent.
645 5503 753 5558 Sed
778 5503 1037 5574 quaniam
1061 5503 1115 5557 in
1145 5516 1212 5558 eo
1242 5503 1509 5572 rescripto
1539 5515 1646 5571 quo
1681 5500 1797 5554 haec
1824 5498 2053 5556 facultas

476 5591 583 5646 illis
602 5608 869 5649 concessa
899 5593 1097 5661 fuerat,
1127 5592 1311 5648 multa:
1335 5608 1400 5648 ac
1420 5594 1649 5648 diversae
1670 5599 1831 5646 sectae
1847 5589 2053 5647 diserte

477 5695 543 5747 ac
570 5682 886 5738 nominatim
925 5684 1121 5739 addita:
1158 5683 1498 5750 videbantur,
1526 5681 1746 5753 quidam
1769 5695 1959 5737 eorum
1984 5684 2052 5742 ob

542 5843 592 5877 "
617 5843 636 5899 l
667 5844 792 5900 Cor.
827 5860 887 5913 ιι,
916 5847 968 5902 9.
1044 5847 1088 5880 "
1118 5844 1264 5902 Psal.
1287 5860 1384 5913 Cll,
1413 5844 1565 5901 515.

2709 4332 3113 4387 ΚΕΦΑΛΑΙΟΝ
3158 4334 3235 4387 E'.

2181 4423 2527 4495 Ἀντιπραερα
2554 4422 2905 4489 ,βασιλικῶν
2930 4424 3130 4493 νόμων
3153 4421 3296 4493 (Nic.
3325 4421 3402 4477 H.
3432 4420 3500 4478 E.
3522 4436 3615 4487 vn,
3635 4418 3731 4487 42).

2234 4518 2370 4588 Φέρε
2422 4518 2486 4589 δὴ
2544 4516 2736 4571 λοιπὸν
2793 4516 2888 4570 καὶ
2947 4515 3057 4570 τῶν
3114 4515 3413 4587 βασιλικῶν
3466 4514 3732 4580 διατάξεων

2163 4608 2576 4660 Κωνσταντίνου
2622 4607 2717 4661 καὶ
2762 4608 3035 4663 Λικιννίου
3068 4607 3168 4672 τὰς
3212 4610 3279 4663 ὲκ
3323 4609 3427 4680 τῆς
3472 4607 3733 4681 Ῥωμαίων

2163 4697 2349 4768 φωνῆς
2384 4698 2826 4772 μεταληφθείσας
2859 4700 3156 4771 ἑρμηνείας
3182 4701 3580 4773 παραθῶμεθαρ

2178 4790 2561 4859 Ἀντίγραςςον
2586 4789 2937 4863 ,ϐασιλικῶν
2965 4790 3294 4855 διατάξεων
3315 4792 3387 4846 ἐκ
3426 4788 3732 4863 Ῥωμαικῆς

2533 4859 2825 4931 γλώσσης
2850 4863 3351 4931 μεταληφθεισῶν
3378 4900 3397 4917 .

2241 4967 2260 5001 ι
2300 4950 2437 5023 Ἤδη
2477 4952 2576 5022 μὲν
2606 4950 2779 5006 πάλαι
2807 4952 3135 5018 σκοποῦντες
3159 4955 3261 5026 τὴν
3305 4955 3614 5029 ἐλευθερίαν
3646 4952 3729 5024 τῆς

2164 5042 2463 5115 θρησκείας
2490 5044 2590 5097 οὐκ
2618 5045 2895 5115 ἁρνητέαν
2926 5042 3084 5111 εἶναι,
3120 5047 3236 5101 ἀλλ’
3268 5048 3390 5110 ἐνὸς
3421 5049 3644 5104 ἑκάστου
3670 5046 3727 5116 τῇ

2161 5134 2367 5205 διανοίᾳ
2415 5133 2507 5187 καὶ
2554 5132 2809 5206 βουλήσει
2856 5134 3110 5201 ἐξουσίαν
3156 5134 3340 5190 δοτέον
3377 5136 3473 5190 τοῦ
3518 5135 3582 5189 τά
3627 5133 3727 5186 θεῖα

2162 5225 2464 5296 πράγματα
2491 5223 2749 5297 τημελεῖν
2772 5226 2914 5281 κατὰ
2939 5226 3036 5299 τὴν
3059 5227 3225 5281 αὑτοῦ
3247 5228 3585 5301 προαίρεσιν,
3612 5225 3725 5278 ἕκα-

2163 5330 2287 5368 στον
2320 5315 2743 5387 κεκελεύκειμεν
2763 5356 2778 5382 ,
2813 5320 2929 5382 τοῖς
2973 5335 3033 5371 τε
3062 5320 3441 5390 Χριστιανοῖς,
3473 5321 3568 5392 τῆς
3593 5314 3727 5385 αίρὲ-

2164 5426 2301 5473 σεως
2334 5411 2428 5464 καὶ
2467 5412 2565 5482 τῆς
2595 5404 2897 5484 θρησκείας
2928 5413 3027 5484 τῆς
3057 5413 3265 5468 ἑαυτῶν
3294 5415 3394 5486 τὴν
3431 5415 3608 5468 πίστιν
3641 5428 3726 5480 φυ-

2159 5501 2391 5557 λάττειν.
2437 5502 2573 5556 Ἀλλ’
2598 5503 2789 5576 ἐπειδὴ
2815 5504 3008 5559 πολλαὶ
3031 5505 3125 5558 καὶ
3152 5505 3400 5577 διάφοροι
3426 5505 3652 5578 αἱρέσεις
3672 5503 3725 5554 ἐν

2161 5593 2345 5666 ἐκείνῃ
2392 5596 2458 5664 τῇ
2515 5594 2866 5667 ἀντιγραφῇ,
2920 5599 2977 5650 έν
3124 5599 3236 5661 τοῖς
3282 5599 3471 5662 αὐτοῖς
3511 5610 3721 5665 συνεχω-

2164 5684 2300 5757 ρήθη
2331 5688 2363 5757 ἡ
2407 5687 2631 5758 τοιαύτη
2659 5686 2907 5757 ἐξουσία,
2943 5688 3160 5745 ἐδόκουν
3199 5688 3606 5763 προσ-τεθεῖσθαι
3636 5701 3720 5764 σα·
