3860 6490
523 399 631 456 883

1267 384 1540 443 EUSEBil
1577 361 2056 441 CAESARIENSIS
2093 378 2244 435 OPP.
2284 373 2465 431 PARS
2503 371 2544 427 Ι.
2583 401 2652 413 -
2692 365 3077 423 HISTORICA.
3651 367 3739 420 884

524 515 818 586 unicuique
846 513 1075 568 liberum
1107 509 1178 564 sit
1207 517 1594 576 quamcunque
1617 502 1852 557 voluerit
1881 499 2095 556 colendi

2205 495 2388 548 σκείαν
2415 489 2620 545 ἑαυτῶν
2639 505 2652 518 ·
2683 489 2821 558 ὅπερ
2852 483 3156 546 ἀκολούθως
3179 486 3244 554 τῇ
3277 481 3476 554 ἡσυχίᾳ
3501 481 3602 534 τῶν
3625 483 3736 552 ἡμε-

526 607 774 662 Nnminis
808 605 1073 660 rationem
1113 599 1316 666 eligere
1360 604 1524 665 atque
1568 595 1887 649 observare.
1919 594 2098 660 Atque

527 699 581 752 id
614 713 643 752 a
679 697 835 750 nobis
887 708 952 748 eo
985 692 1188 746 factum
1227 697 1347 755 est,
1380 697 1440 740 ut
1472 701 1542 742 ne
1573 687 1658 741 cui
1699 686 1880 740 divino
1928 684 2096 739 cultui

525 797 691 856 atque
720 785 911 839 honori
944 782 1244 851 quidquam
1275 796 1304 833 a
1337 779 1497 834 nobis
1521 778 1833 831 detractum
1867 791 1988 830 esse
2019 777 2096 830 vi-

523 879 766 934 deretur.
793 875 905 930 iioc
939 883 1119 929 autem
1143 872 1378 942 amplius
1413 871 1465 924 in
1491 870 1724 941 gratiam
1755 868 2098 924 Christiano-

522 980 644 1018 rum
669 963 1036 1025 decernimus,
1079 971 1139 1016 ut
1160 961 1278 1018 loca
1299 961 1540 1029 ipsorum
1568 961 1622 1015 iu
1642 959 1838 1028 quibus
1863 959 2097 1013 antehac

521 1055 817 1111 convenire
850 1063 1274 1116 consueverant,
1302 1053 1370 1108 de
1403 1049 1603 1120 quibus
1631 1051 1684 1105 in
1720 1051 1917 1106 litteris
1949 1053 2098 1120 prius

521 1150 588 1201 ad
612 1147 962 1202 Devotionem
987 1145 1158 1199 Tuam
1187 1146 1332 1200 datis
1351 1146 1453 1200 alia
1483 1151 1602 1198 erat
1628 1143 1798 1197 l‘erma
1832 1143 2097 1212 superiori

520 1247 766 1305 tempore
796 1235 1116 1296 constituta,
1146 1235 1196 1288 si
1229 1233 1322 1303 qui
1350 1243 1443 1286 aut
1468 1247 1498 1285 a
1529 1231 1877 1285 ﬁsco'udstro
1909 1238 2004 1282 aut
2029 1230 2098 1281 ab

518 1326 630 1380 alio
645 1326 900 1395 quopiam
926 1339 991 1380 ea
1014 1325 1214 1379 emisse
1238 1325 1340 1378 visi
1358 1323 1592 1390 iuerint,
1617 1322 1750 1392 ipsis
1771 1319 2098 1374 Christianis

517 1416 726 1484 absque
747 1413 853 1467 ulla
879 1414 1110 1483 pecunia
1127 1423 1182 1467 et
1204 1414 1324 1468 sine
1349 1412 1670 1480 repetitione
1697 1410 1805 1464 ulla
1836 1409 2100 1479 superad-

511 1506 646 1572 jecti
678 1495 865 1574 pretii,
890 1505 1272 1559 incunctanter
1293 1520 1364 1560 ac
1387 1505 1506 1559 sine
1541 1502 1646 1556 ulla
1675 1502 1903 1571 ambage
1936 1499 2097 1554 resti~

519 1606 710 1660 luant;
743 1606 799 1652 et
827 1597 871 1650 si
909 1597 1001 1664 qui
1033 1597 1223 1650 eadem
1256 1596 1372 1650 loca
1404 1597 1546 1649 dono
1583 1593 1912 1661 acceperint,
1947 1601 2004 1644 ut
2034 1606 2095 1645 ea

515 1687 771 1756 protinus
811 1686 1137 1741 Christianis
1185 1687 1443 1740 reddant.
1479 1683 1637 1756 Quod
1678 1683 1723 1738 si
1765 1683 1854 1752 qui
1888 1699 1950 1738 ea
1981 1682 2096 1736 loca

517 1785 771 1831 emerunt
809 1784 904 1830 aut
937 1776 1136 1830 donata
1183 1784 1537 1846 acceperunt,
1593 1773 1798 1842 aliquid
1848 1789 1877 1828 a
1913 1783 2096 1828 nostra

2197 587 2370 658 τέρων
2397 581 2602 654 καιρῶν
2627 580 2882 650 γίνεσθαι·
2906 576 3136 648 φανερόν
3162 577 3328 638 ἐστιν,
3351 575 3498 638 ὅπως
3523 573 3738 638 ἐξουσίαν

2197 677 2425 738 ἕκαστος
2470 673 2567 744 ἔχῃ
2619 670 2712 724 τοῦ
2757 667 3032 741 αἱρεῖσθαι
3078 666 3171 720 καὶ
3217 666 3474 736 τημελεῖ-ι
3515 667 3676 718 ὁποῖον
3698 665 3736 716 δ’

2199 768 2265 822 ἂν
2294 767 2548 838 βούληται
2577 764 2751 817 Θεῖον.
2777 761 2950 814 Τοῦτο
2970 760 3026 812 δὲ
3059 759 3147 828 ὑφ’
3175 757 3328 830 ἡμῶν
3353 756 3590 825 γέγονεν,
3615 757 3739 819 ὅπως

2203 860 2443 932 μηδεμιᾷ
2468 859 2602 928 τιμῇ
2636 854 2767 926 μηδέ
2801 849 3066 923 θρησκείᾳ
3096 851 3202 902 τινὶ
3233 844 3565 919 μεμειῶσθαί
3594 863 3641 898 τι
3665 847 3737 917 υφ⁹

2196 953 2354 1024 ἡμῶν
2384 951 2589 1020 δοκοίη.
2621 949 2730 1002 Καὶ
2757 945 2917 1000 τοῦτο
2947 944 3002 996 δέ
3035 943 3170 1013 πρὸς
3203 944 3315 1003 τοῖς
3351 939 3555 1000 λοιποῖς
3588 939 3658 1000 εἰς
3689 939 3740 991 τὸ

2198 1045 2488 1114 πρόσωπον
2523 1041 2630 1094 τῶν
2676 1034 3018 1110 Χριστιανῶν
3064 1029 3456 1102 δογματίζομεν
3478 1069 3492 1091 ,
3527 1029 3610 1082 ἵνα
3637 1029 3740 1104 coiit;

2197 1137 2394 1198 τόπους
2426 1133 2604 1186 αὐτῶν
2633 1133 2714 1193 είς
2743 1127 2836 1192 οὒς
2866 1127 2927 1180 τὺ
2965 1125 3229 1197 πρότερον
3271 1120 3610 1193 συνέρχεσθαι
3644 1119 3742 1183 ἔθος

2195 1223 2264 1298 ἦν
2291 1226 2500 1288 αὐτοῖς,
2536 1223 2662 1293 περὶ
2693 1213 2768 1273 ὧν
2810 1218 2906 1271 καὶ
2938 1219 3050 1280 τοῖς
3096 1212 3360 1286 πρότερον
3396 1209 3594 1298 δοθεῖσι
3628 1208 3743 1279 πρὸς

2197 1295 2296 1388 τὴν
2326 1314 2423 1386 σὴν
2452 1312 2782 1368 καθοσίωσιν
2811 1307 3103 1379 γράμμασι
3140 1304 3309 1365 τύπος
3337 1301 3524 1372 ἕτερος
3549 1295 3610 1370 ἦν
3634 1298 3741 1369 ὠρι-

2201 1406 2397 1477 σμὲνος
2424 1403 2501 1473 τῷ
2533 1400 2782 1473 προτέρῳ
2813 1398 2991 1468 χρόνῳ
3029 1394 3160 1464 (55),
3195 1393 3282 1457 ἵν’,
3314 1391 3367 1444 εί
3391 1407 3534 1454 τινες
3559 1389 3590 1461 ἤ
3621 1388 3740 1461 παρὰ

2197 1501 2292 1555 τοῦ
2315 1499 2538 1570 ταμείου
2566 1494 2660 1548 τοῦ
2689 1490 2960 1564 ἡμετέρου
3002 1486 3035 1558 ἢ
3072 1485 3222 1556 παρά
3257 1501 3401 1547 τινος
3435 1482 3612 1552 ἐτέρου
3637 1481 3740 1551 φαί-

2199 1607 2372 1644 νοιντο
2413 1585 2748 1658 ἠγορακότες
2778 1579 3022 1642 τούτους,
3063 1578 3175 1640 τοῖς
3218 1575 3402 1634 αὐτοῖς
3434 1574 3739 1645 Χριπιανοῖς

2199 1683 2326 1736 ἄνευ
2359 1676 2620 1751 ἀργυρίου
2655 1673 2747 1726 καὶ
2776 1671 2907 1724 ἄνευ
2938 1669 3083 1731 τινὸς
3111 1666 3461 1734 ἀπαιτήσεως
3482 1662 3577 1732 τῆς
3603 1661 3740 1732 τιμῆς

2199 1769 2590 1844 ὑπερτεθείσης
2623 1765 2759 1832 (54),
2801 1763 2925 1832 δίχα
2960 1760 3140 1830 πάσης
3172 1755 3431 1828 ἀμελείας
3465 1754 3558 1806 καὶ
3599 1754 3740 1823 ἀμφι-

518 1869 808 1924 clementia
844 1878 1030 1935 petere
1061 1868 1267 1936 velint;
1316 1868 1353 1922 ii
1408 1867 1724 1938 praelectum
1760 1866 1850 1934 qui
1899 1867 1952 1920 in
2005 1866 2096 1920 illa

2205 1866 2386 1928 ϐολὶας
2427 1863 2948 1926 ἀποκαταστήσωσι,
2998 1852 3091 1906 καὶ
3139 1850 3192 1904 εί
3226 1865 3371 1911 τινες
3417 1846 3555 1900 κατὰ
3602 1846 3740 1917 δῶρον

517 1960 799 2030 provincia
839 1960 930 2028 jus
974 1959 1130 2024 dicit,
1167 1960 1381 2020 adeant,
1416 1969 1531 2012 uta
1564 1967 1747 2012 nostra
1791 1958 2098 2013 Serenitate

519 2051 661 2105 ratio
685 2051 924 2119 ipsorum
951 2051 1236 2106 habeatur.
1253 2052 1385 2117 Quae
1410 2052 1627 2118 quidem
1646 2051 1825 2106 omnia
1852 2051 2102 2120 protinus

519 2146 642 2199 sine
693 2144 798 2198 ulla
852 2144 1115 2200 dilatione
1143 2145 1356 2213 corpori
1399 2144 1835 2199 Christianorum
1885 2144 2097 2198 restitui

518 2244 612 2286 tua
643 2247 773 2288 cura
805 2249 870 2289 ac
909 2234 1191 2306 diligentia
1219 2235 1511 2304 oportebit.
1546 2234 1614 2288 Et
1642 2234 1902 2304 quoniam
1932 2235 2097 2289 iidem

517 2325 818 2380 Christiani
869 2340 974 2380 non
1011 2324 1190 2380 solum
1228 2340 1292 2380 ea
1329 2325 1444 2379 loca
1477 2326 1531 2378 in
1574 2325 1772 2394 quibus
1805 2325 2100 2380 convenire

520 2417 790 2479 solebant,
821 2418 915 2470 sed
941 2417 1106 2469 etiam
1138 2415 1240 2469 alia
1281 2417 1590 2485 possedisse
1626 2427 1946 2480 noscuntur,
1979 2430 2101 2486 qua:

519 2518 630 2556 non
667 2502 922 2570 privatim
950 2503 1015 2555 ad
1053 2501 1296 2572 singulos
1328 2504 1592 2568 ipsorum,
1623 2505 1719 2558 sed
1752 2506 1820 2558 ad
1853 2505 1944 2574 jus
1972 2519 2097 2559 cor-

519 2595 672 2663 poris
701 2595 1059 2668 pertinerent,
1121 2597 1236 2651 litec
1285 2597 1465 2650 omnia
1500 2607 1624 2666 post
1670 2599 1842 2667 legem
1872 2615 1900 2650 a
1943 2597 2098 2653 nobis

521 2694 880 2741 memoratam
907 2687 1076 2757 39o
1104 2688 1307 2756 absque
1364 2687 1472 2741 ulla
1521 2689 1866 2744 dubitatione
1907 2690 2100 2745 iisdem

521 2778 874 2842 Christianis,
895 2779 999 2835 hoc
1026 2789 1110 2834 est
1142 2779 1365 2834 cuilibet
1395 2782 1688 2848 corpori'et
1714 2783 2100 2839 conventiculo

522 2871 765 2937 ipsorum
797 2872 1011 2925 restitui
1035 2871 1255 2939 jubehis
1281 2889 1296 2926 :
1319 2872 1631 2940 supradicta
1656 2873 1863 2928 scilicet
1890 2875 2101 2930 ratione

517 2970 762 3026 servata,
795 2973 856 3016 ιιι
882 2963 975 3032 qui
1009 2977 1072 3017 ea
1106 2961 1227 3018 loca
1275 2963 1484 3032 absque
1519 2965 1884 3020 redhibitione
1915 2968 2100 3037 pretii,

520 3052 670 3105 sicut
701 3051 904 3108 dictum
939 3063 1044 3118 est,
1089 3055 1464 3121 restituerint,
1495 3057 1909 3112 indemnitatem
1946 3075 2100 3116 suam

520 3160 552 3196 ε
589 3153 772 3200 nostra
801 3146 1133 3217 benignitate
1155 3159 1495 3218 exspectent.
1521 3150 1698 3220 Atque
1726 3151 1779 3204 in
1812 3151 1896 3205 his
1918 3153 2101 3206 omni-

519 3231 626 3286 bus
656 3234 977 3302 supradicto
995 3239 1210 3307 corpori
1237 3239 1673 3295 Christianorum
1696 3256 1916 3310 operam
1953 3253 2098 3297 tuam

523 3336 688 3393 atque
718 3326 1040 3382 industriam
1074 3331 1252 3399 quoad
1305 3331 1425 3386 fieri
1462 3333 1664 3402 poterit
1698 3343 1961 3402 prtestare
2005 3336 2102 3390 de-

519 3416 714 3483 bebis;
762 3428 824 3472 ut
874 3421 1186 3476 mandatum
1231 3423 1497 3478 citissime
1542 3425 1876 3494 perﬁciatur,
1909 3441 2019 3496 quo
2047 3427 2098 3480 in

523 3506 629 3559 hoc
646 3505 808 3560 etiam
837 3511 1110 3563 communi
1133 3519 1188 3564 et
1212 3511 1438 3580 publica:
1457 3511 1836 3582 tranquillitati
1863 3528 1892 3566 a
1916 3523 2101 3567 nostra

526 3595 820 3652 clementia
849 3598 1192 3655 consulatur.
1218 3600 1330 3657 Hac
1358 3601 1506 3657 enim
1549 3603 1762 3657 ratione
1797 3603 1955 3657 sicuti
1984 3603 2096 3673 jam

599 3795 736 3872 (‘53)
781 3796 989 3872 Ϊύξτοςζ
1048 3796 1273 3872 ἔτερος-
1314 3797 1647 3872 ὡρισμένος
1703 3798 1786 3866 τῷ
1842 3800 2105 3872 ςίροτέρῳ

522 3865 744 3936 χρόνῳ.
781 3866 854 3919 De
888 3866 1024 3919 locis
1075 3865 1308 3936 publicis
1345 3865 1400 3922 et
1449 3865 1781 3924 eterneteriis
1832 3865 2104 3924 Christia-

524 3952 718 3990 uorum
764 3945 940 4008 exstat
973 3938 1057 3990 lex
1096 3936 1327 3993 Gallieni
1358 3939 1498 4006 apud
1547 3941 1836 3995 Eusebium
1878 3941 1931 3993 in
1968 3940 2106 4008 libro

522 4021 633 4078 vii,
664 4006 907 4078 capJS,
953 4022 1060 4078 qua
1114 4009 1584 4078 hnjusmodi.loca
1637 4010 1965 4064 Christianis
2017 4006 2105 4064 re-

523 4076 677 4148 stitui
702 4075 982 4148 iubentur.
1013 4076 1067 4148 In
1099 4075 1271 4147 prima
1306 4081 1470 4148 igitur
1497 4081 1910 4143 constitutione,
1941 4096 2103 4148 quam

521 4147 686 4218 victo
716 4144 992 4218 Maxentio
1030 4144 1420 4202 Constantinus
1457 4159 1510 4204 et
1544 4149 1786 4203 Licinius
1825 4165 1923 4218 pro
1951 4144 2109 4204 Chri-

522 4215 722 4271 stianis
765 4217 1082 4279 ediderunt,
1127 4225 1182 4271 et
1227 4218 1390 4286 enjus
1437 4220 1718 4286 exemplar
1752 4215 1839 4272 ad‘
1866 4218 2109 4274 Maximi-

521 4301 655 4338 num
705 4286 1088 4355 imperatorem
1127 4287 1179 4339 in
1211 4285 1490 4342 Orientem
1532 4291 1827 4349 miserunt.
1871 4292 1971 4343 hoc
2019 4305 2110 4344 so-

521 4355 636 4409 lum
665 4355 1044 4420 decreverant,
1089 4367 1148 4409 ut
1190 4357 1306 4410 loca
1355 4360 1538 4412 omnia
1575 4361 1628 4411 in
1662 4375 1780 4426 qua:
1813 4357 2109 4412 Christiani

522 4426 820 4496 convenire
852 4436 1276 4493 consueverant,
1305 4427 1633 4482 Christianis
1660 4431 1790 4482 olim
1828 4431 2105 4496 adempta.

523 4495 720 4567 iisdem
785 4497 1229 4567 restituerentur.
1279 4496 1386 4551 Sed
1440 4500 1506 4552 de
1555 4499 1712 4567 pretii
1773 4495 2112 4553 restitutione

2201 1954 2540 2026 τυγχάνωσιν
2570 1948 2850 2020 εἰληφότες
2888 1945 3014 2007 τοὺς
3057 1943 3252 2004 αὐτοὺς
3278 1941 3478 2002 τόπους
3497 1979 3511 2001 ,
3539 1939 3668 2001 ὅπως
3701 1936 3739 1988 εί

2200 2051 2311 2110 τοῖς
2353 2045 2534 2107 αὐτοῖς
2580 2039 2928 2111 Χριστιανοῖς
2965 2035 3062 2106 τὴν
3094 2033 3352 2104 ταχίστην
3400 2029 3742 2097 ἀποκαταςτῆ-

2203 2156 2366 2194 σωσιν
2403 2136 2574 2199 οὕτως
2600 2133 2735 2205 (55),
2778 2131 2812 2202 ἢ
2858 2131 2906 2182 oi
2935 2127 3266 2199 ὴγορακότες
3293 2124 3421 2186 τοὺς
3457 2123 3640 2185 αὐτοὺς
3667 2122 3738 2173 1r}-

2202 2247 2356 2293 πους,
2391 2229 2424 2300 ἢ
2457 2229 2507 2280 οἱ
2546 2225 2688 2278 κατὰ
2723 2221 2930 2294 δωρεὰν
2961 2219 3240 2289 εἰληφότες
3289 2214 3484 2270 αἰτῶσι
3531 2231 3578 2267 τι
3619 2213 3742 2284 περὶ

2199 2325 2299 2394 τῆς
2329 2319 2603 2391 ἡμετέρας
2644 2311 3069 2381 καλοκάγαθίας,
3102 2307 3443 2380 προσέλθωσι
3473 2305 3548 2376 τῷ
3579 2306 3655 2358 ἐπὶ
3677 2305 3742 2356 τό.

2201 2431 2318 2470 πων
2367 2411 2594 2482 ἐπάρχῳ
2645 2404 2940 2469 δικάζοντι,
2988 2404 3136 2465 ὅπως
3187 2401 3282 2453 καὶ
3324 2399 3505 2452 αὐτῶν
3544 2397 3622 2450 διὰ
3661 2398 3740 2466 τῆς

2201 2504 2473 2578 ἡμετέρας
2535 2499 2903 2573 χρηστότητος
2974 2494 3200 2565 πρόνοια
3271 2491 3514 2561 γένηται.
3583 2490 3740 2541 "Ama

2203 2599 2380 2654 πάντα
2412 2595 2491 2667 τῷ
2534 2591 2792 2664 σωματίῳ
2826 2588 2933 2641 τῶν
2972 2584 3313 2658 Χριστιανῶν
3342 2586 3473 2654 παρ’
3520 2581 3643 2636 αὐτὰ
3670 2580 3742 2633 διὰ

2199 2691 2299 2762 τῆς
2333 2690 2430 2760 σῆς
2465 2685 2698 2755 σπουδῆς
2726 2685 2853 2738 ἄνευ
2885 2678 3030 2741 τινὸς
3076 2676 3359 2748 παρολκῆς
3397 2668 3743 2745 παραδίδοσθαι

2200 2781 2402 2852 δεήσει.
2451 2779 2560 2832 Καὶ
2606 2776 2792 2848 ἐπειδὴ
2837 2775 2888 2828 οἱ
2941 2770 3092 2825 αὐτοὶ
3153 2769 3474 2840 Χριστιανοὶ
3523 2769 3577 2822 οὔ
3613 2767 3744 2839 μόνον

2201 2874 2441 2937 ἐκείνους
2480 2873 2560 2934 είς
2603 2869 2698 2933 οὓς
2745 2864 3100 2942 συνέρχεσθαι
3133 2863 3254 2927 ἔθος
3295 2858 3462 2932 εἶχον,
3505 2860 3627 2914 ἀλλὰ
3666 2861 3734 2912 xa.‘

2201 2965 2421 3035 ἐτέρους
2451 2963 2648 3033 τόπους
2685 2960 2976 3031 ἐσχηκέναι
3005 2955 3363 3026 γινώσκονται
3385 2996 3399 3016 ,
3434 2953 3744 3023 διαφέροντας

2202 3056 2264 3108 οὺ
2307 3054 2445 3126 πρὸς
2487 3053 2716 3107 ἕκαστον
2745 3051 2944 3112 αὐτῶν,
2997 3048 3130 3104 ἀλλὰ
3171 3048 3306 3120 πρὸς
3355 3047 3416 3099 τὸ
3448 3047 3637 3099 δίκαιον
3666 3041 3742 3095 τοῦ

2205 3144 2384 3200 αὐτῶν
2419 3143 2687 3215 σώματος,
2731 3143 2876 3196 τοῦτ’
2908 3142 3023 3195 ἔστι
3056 3141 3164 3194 τῶν
3211 3137 3580 3211 Χριστιανῶν,
3605 3134 3743 3189 ταῦτα

2208 3237 2387 3290 πάντα
2438 3237 2532 3289 ἐπὶ
2579 3236 2657 3306 τῷ
2704 3236 2856 3306 νόμῳ
2910 3235 2968 3288 ὃν
3013 3233 3429 3306 προειρήκαμεν
3485 3231 3612 3301 (56),
3645 3229 3743 3298 δίχα

2207 3328 2503 3392 παντελοῦς
2531 3345 2676 3391 τινος
2703 3328 3165 3399 ἀμφισϐητήσεως
3187 3330 3298 3390 τοῖς
3322 3327 3504 3389 αὐτοῖς
3529 3326 3746 3393 Χριστια-

2206 3423 2337 3482 νοῖς,
2370 3420 2513 3473 τοῦτ’
2560 3421 2676 3472 ἐστι
2724 3419 2800 3490 τῷ
2849 3420 3060 3490 σώματι
3099 3419 3282 3471 αὐτῶν
3327 3419 3422 3472 καὶ
3449 3421 3514 3488 τῇ
3546 3414 3741 3481 συνόδῳ,

2206 3513 2420 3581 ἑκάστῳ
2453 3511 2630 3565 αὐτῶν
2663 3512 3108 3581 ἀποκαταστῆναι
3141 3511 3452 3573 κελεύσειςο
3485 3507 3574 3561 τοῦ
3603 3521 3747 3576 προει-

2209 3603 2444 3675 ρημένου
2487 3602 2746 3673 λογισμοῦ
2787 3603 2986 3674 δηλαδὴ
3034 3602 3423 3673 φυλαχθέντος,
3459 3602 3598 3661 ὅπως
3621 3595 3745 3650 αὐτοὶ

2206 3815 2324 3871 post
2372 3802 2542 3872 legem
2590 3801 2733 3856 illam
2783 3802 2966 3856 Romze
2999 3802 3181 3854 datam
3235 3799 3592 3872 Constantino
3625 3812 3659 3852 ιι
3702 3804 3746 3849 et

2207 3869 2412 3928 Licinio
2429 3869 2474 3928 ii
2505 3889 2675 3934 εποδε..
2703 3872 2857 3940 cujus
2891 3889 3053 3940 supra
3091 3873 3439 3940 mentionem
3476 3869 3598 3940 fecit
3628 3873 3747 3922 Con-

2207 3947 2494 3998 stantinns.
2546 3943 2609 3996 Et
2648 3939 3013 4011 haecquidein
3067 3940 3167 3994 fuit
3215 3941 3391 4011 prima
3429 3939 3514 3993 lex
3547 3939 3748 4011 impera-

2208 4015 2342 4066 toris
2383 4013 2727 4067 Constantini
2763 4008 2860 4080 pro
2904 4011 3257 4066 Christianis.
3305 4008 3411 4062 Sed
3447 4025 3564 4062 cum
3609 4009 3654 4061 in
3696 4021 3748 4060 ea

2210 4084 2324 4152 lege
2372 4083 2758 4138 Constantinus
2787 4099 2917 4152 erga
2960 4081 3305 4135 Christianos
3356 4080 3609 4152 nimisse
3647 4093 3749 4145 pro-

2209 4148 2436 4223 p6usnm
2482 4148 3174 4221 declarassetfsolamque
3221 4165 3414 4204 eorum
3469 4148 3741 4223 religionem

2209 4217 2735 4290 extollens,reliquas
2759 4238 2947 4276 omnes
2970 4217 3150 4290 sectas
3172 4235 3235 4274 ac
3254 4221 3600 4290 caeremonias
3626 4217 3750 4290 datu-

2211 4309 2345 4348 nare
2389 4293 2536 4347 visus
2584 4286 2772 4346 fuisset
2796 4331 2811 4356 ,
2846 4301 3070 4345 coactus
3102 4289 3203 4342 fuit
3236 4290 3342 4342 hac
3387 4287 3617 4342 secunda
3657 4286 3749 4353 lege

2213 4373 2448 4416 mentem
2478 4377 2631 4416 suam
2675 4377 2740 4416 ac
2781 4361 3104 4415 sententiam
3136 4362 3435 4426 explicare,
3468 4375 3532 4411 ne
3557 4356 3749 4426 gentiles

2213 4433 2541 4502 prohibitum
2567 4432 3053 4502 aut_improbatnin
3083 4433 3165 4502 ab_
3178 4431 3302 4502 ipso
3333 4431 3559 4502 deorum
3571 4426 3744 4502 cultum

2213 4495 2589 4568 quererentur.
2651 4495 2920 4554 Omnibus
2954 4499 3118 4567 igitur
3152 4495 3383 4552 liberam
3429 4495 3630 4568 colendi
3667 4507 3748 4545 nu-

525 4565 1053 4636 nihilduominatim
1126 4565 1612 4636 praescripserani;
1674 4576 1820 4622 certe
1888 4583 1986 4624 nec
2053 4569 2105 4622 in
2141 4567 2185 4621 D
2215 4565 2377 4624 minis
2424 4572 2736 4624 facultatem
2779 4585 2808 4622 a
2856 4586 2916 4623 se
2963 4565 3277 4622 concessam
3327 4581 3452 4622 esse
3505 4565 3750 4636 proﬁtetur

524 4633 650 4705 lege
674 4633 958 4705 Maximini
1007 4633 1365 4702 imperatoris
1394 4652 1514 4705 qua:
1541 4637 1884 4692 Constantini
1917 4654 1983 4693 ac
2025 4638 2112 4691 Li-

525 4703 867 4779 cinii__lege_m
919 4705 1164 4771 proxime
1218 4703 1506 4779 Subsecuta
1537 4718 1658 4779 est,
1690 4711 1757 4761 de
1793 4709 2112 4779 repetitione

525 4775 684 4839 pretii
734 4775 1032 4842 quidquam
1081 4784 1322 4841 cavetur,
1367 4787 1426 4828 ut
1459 4778 1645 4832 videre
1683 4789 1765 4832 est
1801 4775 1862 4830 in'
1906 4778 2001 4832 lib.
2033 4795 2107 4836 ix.

525 4855 648 4911 cap.
678 4843 731 4898 9.
768 4845 956 4910 itaque
1006 4858 1226 4898 necesse
1274 4847 1463 4900 habuit
1493 4847 1900 4911 Constantinus,
1948 4850 2013 4902 de
2047 4864 2110 4900 ea

529 4925 591 4963 re
647 4913 960 4968 distinctius
1013 4923 1296 4981 statuere;
1350 4925 1408 4969 ut
1463 4918 1761 4971 Christiani
1834 4919 1950 4971 loca
2007 4918 2110 4971 sibi

529 4982 806 5062 adempta,
834 4991 889 5062 et
920 4998 958 5062 a.
985 4981 1119 5037 ﬁsco
1147 4989 1365 5038 vendita
1395 4988 1480 5041 vel
1510 4990 1733 5052 donata,
1762 4988 1967 5058 absque
2001 4988 2110 5042 ulla

530 5053 700 5130 pretii
721 5053 1074 5130 restitutione
1100 5069 1508 5125 recuperarent.

605 5120 742 5191 (54)
788 5120 903 5188 Τῆς
933 5121 1113 5191 τιμῆς
1164 5120 1609 5194 ὑπὲερτεθείσης.
1649 5127 1739 5182 Sic
1770 5135 1929 5182 vocat
1962 5127 2112 5193 adje-

529 5195 746 5252 ctiones
798 5207 918 5260 quae
969 5195 1105 5246 liuut
1167 5199 1220 5250 in
1299 5199 1642 5252 auctionibus
1707 5197 1792 5251 vel
1851 5199 2110 5252 licitatio-

531 5270 714 5337 n_ibu_s.
760 5261 872 5337 Eas
915 5263 1252 5337 adiectiones
1292 5269 1582 5322 vernacula
1631 5267 1812 5337 lingua
1854 5282 2112 5321 vocamus

529 5333 816 5460 Earlier“.
853 5330 1033 5387 Latini
1085 5349 1268 5392 autem
1318 5337 1651 5407 adjectiones
1694 5330 2001 5408 appellant,
2053 5345 2112 5390 ιιι

571 5423 663 5459 iXI.

571 5423 663 5459 iXl.

605 5475 718 5544 (’55)
749 5473 1363 5544 Ἁπρκαταστήσωσιν
1395 5478 1605 5544 οὕτως.
1640 5477 1992 5532 Scribendum
2025 5477 2109 5530 vi-

532 5542 1014 5620 dnztur“mca61tg;'
1050 5549 1099 5600 εί
1143 5542 1200 5601 δὲ
1244 5549 1277 5619 ἢ
1311 5551 1358 5602 οι
1391 5542 1756 5620 ἠγορακότες,
1800 5559 1911 5620 etc.
1937 5549 2112 5616 Atque

534 5615 606 5668 ita
650 5615 810 5684 plane
844 5629 872 5664 ει
921 5613 1281 5672 Constantino
1334 5613 1600 5688 scriptum
1652 5633 1776 5672 esse
1825 5613 2107 5673 existimo.

535 5688 689 5747 Liuud
738 5688 783 5740 si
841 5697 946 5734 non
1004 5690 1196 5752 verba,
1246 5703 1464 5744 sensum
1516 5700 1667 5744 certe
1727 5688 1966 5742 assecuti
2015 5704 2111 5743 su-

536 5770 675 5807 "IIIS.

608 5823 719 5894 (56)
774 5823 896 5879 Ἐπὶ
948 5827 1025 5894 τῷ
1059 5827 1218 5899 νόμῳ
1265 5827 1335 5882 ὃν
1377 5828 1832 5898 προειρήκαμεν.
1878 5827 1932 5884 id
1990 5838 2104 5895 est,

2212 4641 2603 4695 Constantinus
2647 4657 2660 4692 :
2711 4640 2784 4693 ita
2851 4649 2912 4691 ut
2968 4638 3347 4706 unusquisque
3412 4633 3516 4706 pro
3555 4633 3750 4688 arbitrio

2211 4724 2596 4779 quamcunque
2633 4709 2764 4762 velit
2815 4717 3016 4762 sectam
3049 4721 3115 4762 ac
3144 4707 3478 4779 religionem
3506 4713 3748 4779 sequatur.

2212 4771 2339 4835 llam
2387 4771 2526 4849 ergo.
2557 4779 2913 4849 secundaglex
2945 4779 3077 4831 nihil
3107 4771 3751 4849 aliud'est,‘quam'expli—

2212 4851 2356 4904 catio
2389 4845 2576 4918 prima:
2603 4850 2758 4917 legis.
2791 4847 2998 4914 Quippe
3038 4850 3089 4900 in
3127 4847 3301 4920 prima
3352 4845 3442 4899 illa
3487 4845 3599 4920 lege
3630 4855 3752 4920 qua:-

2213 4922 2336 4972 dam
2382 4915 2544 4974 verba
2594 4915 2782 4981 erant,
2821 4920 3016 4986 quibus
3046 4929 3100 4971 et
3132 4915 3385 4985 gentiles,
3427 4927 3482 4970 et
3523 4915 3754 4986 Christia-

2213 5005 2405 5043 norum
2460 4988 2736 5048 nonnulli.
2771 4980 3084 5042 iii—scilicet
3131 4980 3222 5054 Qui
3273 5001 3304 5038 a
3357 4986 3621 5040 catholica
3671 4980 3754 5032 lide

2214 5061 2577 5122 desciverant,
2607 5057 2917 5123 Novatiani,
2949 5058 3288 5112 Montanistaa
3319 5067 3377 5110 et
3419 5056 3624 5122 reliqui,
3668 5064 3754 5103 non

2211 5130 2564 5184 mediocriter
2593 5127 3024 5194 olleudebantur,
3053 5142 3176 5182 cum
3205 5143 3267 5180 se
3300 5127 3756 5194 hagreticosiiuea

2214 5200 2509 5269 appellatos
2543 5199 2808 5269 viderent.
2858 5197 2964 5251 Sed
2993 5191 3051 5252 et
3094 5195 3394 5269 Christiani
3440 5213 3531 5249 seu
3577 5191 3757 5266 Cathof

2213 5266 2304 5325 lici
2335 5284 2500 5343 aegre
2533 5267 2778 5322 ferebant
2812 5270 2911 5322 sibi
2948 5266 3502 5343 l_ia:reticos_adjungi
3542 5277 3594 5319 ct
3624 5273 3756 5343 quam

2213 5334 2455 5410 copulari
2489 5340 2541 5393 in
2570 5343 2758 5393 eadem
2799 5339 3207 5410 constitutione.
3228 5337 3594 5410 Quamobrem
3625 5334 3761 5410 Cou-

2215 5403 2510 5475 stantiuus,
2541 5419 2598 5463 ut
2642 5425 2770 5478 erga
2799 5424 2990 5462 omnes
3017 5425 3075 5462 se
3117 5409 3408 5479 benignum
3455 5403 3758 5479 ostenderet.

2214 5496 2278 5533 ea
2309 5481 2472 5534 verba
2498 5473 2733 5548 'penitus'
2757 5494 3044 5547 suppressa
3077 5473 3268 5548 voluit:
3299 5478 3358 5529 Id
3391 5478 3531 5548 enim
3557 5473 3654 5548 sibi
3677 5483 3762 5546 vp-

2213 5549 2333 5604 lunt
2379 5551 2460 5604 hae
2507 5543 3294 5618 voces:"1v"dt<patps&stetiiv
3351 5543 3620 5618 παντελῶς
3668 5543 3762 5618 ῖῶν

2213 5619 2513 5692 αἱρέσεων,
2561 5619 2776 5692 Δαἵτινες
2833 5608 2957 5682 τοῖς
3004 5608 3308 5692 ’προτέροις
3350 5615 3547 5692 Δήμ-ῶν·
3596 5608 3761 5692 γράμξ

2217 5685 2404 5761 μασιν,
2425 5703 2533 5745 etc.
2559 5689 2657 5743 Hie
2681 5701 2762 5761 est
2779 5704 2974 5744 sensus
3003 5685 3162 5761 huius
3187 5685 3600 5761 constitutionis,
3619 5689 3762 5748 ιιιιιω

2215 5758 2322 5816 non
2365 5764 2480 5818 sine
2513 5775 2710 5830 magno
2739 5759 2925 5814 labore
2952 5758 3214 5828 expiscati
3249 5774 3469 5828 sumus.‘
