3860 6492
455 348 554 404 891
1123 351 1393 408 EUSEBII
1431 349 1907 407 CASSARIENSIS
1943 352 2095 410 OPP.
2137 354 2318 411 PARS
2356 353 2397 410 l.
2436 385 2507 394 -—
2545 354 2913 413 HISTORICA
3587 353 3692 409 899..

454 465 732 520 d’ssimam
769 465 1174 523 altercationem
1193 467 1260 521 ad
1285 468 1389 521 hoe
1419 483 1591 538 usque
1623 469 1882 538 temporis
1904 483 1991 540 per

2128 472 2263 526 ἀλλὰ
2309 473 2412 544 μὴν
2442 472 2536 526 καὶ
2563 475 2713 544 τρεῖς
2742 474 2938 536 παῖδας
2971 473 3093 536 τοὺς
3130 470 3522 543 δυνησομένους
3563 471 3689 541 ὑμῖν

454 557 708 623 duravit,
738 559 937 613 auditis
968 558 1219 613 omnibus
1251 573 1439 613 eorum
1472 559 1563 628 qui
1598 574 1742 614 nunc
1790 560 1934 616 inter
1961 574 1991 615 s

2122 565 2264 618 κατά
2288 566 2389 636 τὴν
2420 565 2536 618 ὁδὸν
2577 564 3027 636 ὑπηρετήσασθαι
3055 563 3404 635 παραλαϐὼν,
3434 563 3562 616 εἴσω
3596 563 3692 633 τῆς

413 727 416 730 ἢ
453 649 756 715 dissident,
789 666 923 720 quos
956 651 1117 704 etiam
1152 651 1346 706 adesse
1372 650 1653 721 iussimus,
1689 651 1991 722 aliegationi

2121 655 2293 727 αὐτῆς
2321 656 2533 728 ἡμέρας
2579 657 2671 708 ἐπὶ
2722 657 2799 726 τῷ
2837 657 3218 728 προειρημένῳ
3264 656 3416 725 τόπῳ
3453 653 3689 725 ἀπάντηο

453 744 555 800 bus
577 787 593 812 ,
641 743 707 799 ad
737 758 1030 813 congruam
1079 743 1358 813 religionis
1384 754 1440 799 et
1471 744 1594 800 ﬁdei
1621 745 1991 800 observantia:

2124 763 2237 812 σον,
2268 747 2346 812 ὡς
2384 747 2452 801 ἂν
2488 747 2576 800 διά
2606 765 2665 801 τε
2690 747 2793 818 τῆς
2823 748 2924 818 σῆς
2952 749 3327 820 στερρότητος,
3362 747 3458 800 καὶ
3485 745 3572 799 διὰ
3596 745 3689 816 τῆς

450 834 857 904 fraternamque
887 835 1236 892 concordiam
1269 837 1485 891 tandem
1516 837 1812 906 aliquando
1857 839 1991 906 ροεεὶ

2123 837 2315 909 λοιπῆς
2337 837 2446 892 τῶν
2492 838 2784 892 συνιόντων
2815 839 3092 910 όμοψὺχου
3122 839 3218 893 καὶ
3250 838 3550 910 ὁμόφρονος
3575 853 3690 889 συν-

450 925 712 980 revocari.
744 925 1070 983 Incolumem
1098 937 1151 983 te
1182 927 1325 984 Deus
1352 928 1698 999 omnipotens
1717 930 1986 986 diutissim

2128 927 2316 991 ἐσεως,
2366 927 2461 981 καὶ
2501 927 2657 982 τοῦτο
2683 929 2820 1002 δπερ
2857 930 2986 1002 ἀχρι
3016 928 3112 984 τοῦ
3150 929 3306 1001 δεῦρο
3362 927 3580 998 φαύλως
3626 927 3694 981 δι’

446 1027 644 1072 servet.
659 1036 678 1069 ι
2125 1018 2358 1090 αἰσχράς
2382 1036 2536 1084 τινας
2566 1019 3399 1094 ζυγομαχίαςιπαραμεμένηκεν,
3417 1020 3692 1075 ἀκουσθέν-

443 1127 551 1164 των
583 1111 800 1166 πάντων
841 1113 948 1167 τῶν
977 1115 1275 1185 μελλόντων
1317 1115 1675 1189 λεχθήσεσθαι
1704 1115 1857 1188 παρὰ
1886 1116 1996 1169 τῶν
2030 1114 2126 1168 νῦν
2178 1114 2272 1166 ἀπ’
2305 1112 2546 1184 ἀλλήλων
2581 1113 2905 1179 διεστώτων,
2967 1114 3172 1186 οὕσπερ
3199 1114 3399 1185 ὁμοίως
3445 1114 3686 1183 παρεῖναι

441 1205 826 1278 ἐκελεύσαμεν,
861 1209 1064 1281 δυνηθῇ
1104 1213 1187 1274 είς
1231 1212 1332 1284 τὴν
1372 1212 1728 1284 ὀφειλομένην
1786 1211 2082 1283 θρησκείαν
2137 1208 2230 1262 καὶ
2281 1209 2498 1272 πίστιν,
2540 1208 2833 1280 ἀδελφικὴν
2882 1225 2943 1262 τε
2993 1207 3263 1280 ὁμόνοιαν,
3312 1205 3415 1259 κᾶν
3463 1203 3690 1276 βραδέως

439 1296 823 1372 ἀνακληθῆναι.
875 1301 1218 1369 ’Υγιαίνοντά
1249 1321 1307 1356 σε
1339 1306 1368 1358 ό
1394 1304 1528 1369 Θεὸς
1557 1307 1586 1358 ό
1623 1308 2019 1379 παντοκράτωρ
2052 1305 2366 1375 διαφυλάξοι
2391 1305 2483 1358 ἐπὶ
2505 1303 2721 1368 πολλοῖς
2741 1304 2934 1373 ἔτεσιν.
2972 1323 2990 1357 ³

933 1393 1096 1464 393
1145 1394 1377 1450 CAPUT
1434 1396 1522 1451 v1.

648 1483 725 1538 De
753 1485 905 1539 rebus
935 1489 1004 1539 ad
1029 1485 1362 1542 Christianos
1403 1491 1802 1558 pertinentibus.

470 1641 790 1712 Exemplum
817 1614 1058 1719 epistolae
1093 1643 1437 1719 imperatoris
1471 1645 1848 1716 Constantini,
1873 1665 1979 1719 qua

849 1713 1101 1778 pecunias
1137 1715 1370 1768 ecclesiis
1405 1717 1596 1772 donat.

514 1823 532 1855 ι
555 1802 1008 1874 Quandoquidem
1043 1804 1244 1874 placuit
1264 1806 1420 1861 nobis
1446 1817 1504 1862 ut
1536 1823 1636 1878 per
1666 1824 1855 1866 omnes
1885 1827 2012 1882 pro-

431 1896 642 1950 vincias
668 1895 886 1962 Africae,
919 1895 1211 1964 Numidia},
1237 1907 1294 1954 et
1339 1899 1622 1970 utriusque
1649 1900 2008 1968 Mauritaniae,

431 1988 602 2044 certis
633 1989 958 2058 quibusdam
1010 1989 1266 2060 legitimae
1289 2003 1344 2046 et
1382 1994 1744 2050 sanctissimae
1793 1995 2012 2066 religio—

430 2082 519 2136 uis
547 2080 827 2136 catholicae
873 2081 1136 2138 ministris
1168 2083 1236 2138 ad
1268 2093 1517 2152 sumptus
1547 2087 1884 2143 necessarios
1910 2087 2010 2141 ali-

430 2175 560 2242 quid
609 2172 986 2243 prteberetur,
1045 2175 1256 2230 litteras
1304 2177 1424 2231 dedi
1473 2180 1540 2231 ad
1591 2177 1787 2235 Ursum
1831 2181 2006 2235 virum

429 2264 888 2334 perfectissimum
925 2265 1244 2319 rationalem
1270 2265 1486 2330 Africae,
1509 2267 1672 2336 eique
1703 2268 2007 2337 signiﬁcavi

429 2365 488 2408 ut
519 2367 601 2411 ter
633 2357 778 2412 mille
813 2357 967 2412 folles
1006 2358 1135 2412 Tua:
1159 2359 1429 2413 Gravitati
1460 2361 1736 2416 numerari
1766 2371 2002 2419 curaret.

429 2443 509 2497 Tu
559 2444 745 2516 itaque
792 2445 888 2500 ubi
918 2447 1234 2515 praedictam
1280 2449 1636 2517 quantitatem
1685 2451 2003 2521 acceperis,

424 2551 650 2604 cperam
702 2537 893 2600 dabis,
945 2549 1006 2592 ut
1033 2539 1245 2594 cunctis
1275 2554 1440 2610 supra
1486 2543 1805 2599 memoratis
1847 2542 2007 2611 juxta

425 2629 651 2684 brevem
681 2630 749 2684 ab
782 2629 950 2685 llosio
1003 2631 1069 2685 ad
1100 2642 1152 2688 te
1193 2631 1464 2688 directum
1495 2649 1561 2690 ea
1603 2637 1831 2704 pecunia
1861 2637 2002 2691 divi-

2641 1396 3039 1451 ΚΕΦΑΛΑΙΟΝ
3083 1398 3172 1464 σο.

2247 1488 2389 1558 Περὶ
2416 1487 2534 1544 τῶν
2563 1490 2940 1558 Χριστιανοῖς
2977 1489 3410 1558 προσηκόντων
3439 1487 3548 1555 (68)

2588 1561 2733 1632 (Nic.
2768 1561 2838 1614 ΙΙ.
2872 1561 2939 1615 Ε.
2969 1577 3066 1623 vtt.
3095 1559 3208 1629 42).

2130 1651 2510 1720 Ἁντίτραφον
2551 1651 2886 1722 ,βασιλικῆς
2909 1651 3241 1722 ἐπιστολῆς
3279 1647 3449 1722 δι’ἧς
3470 1650 3685 1720 χρήμα-

2438 1739 2510 1776 τα
2530 1721 2657 1790 ταῖς
2677 1723 3034 1790 ἐκκλησίαις
3054 1721 3337 1790 δωρεῖται.

2190 1833 2208 1865 ι
2244 1815 2650 1878 Κωνσταντῖνος
2677 1813 2990 1884 Αὔγουστος
3025 1811 3368 1884 Καικιλιανῷ
3410 1812 3683 1882 ὲπισκόπῳ

2114 1905 2490 1976 Καρταγένης.
2532 1904 2860 1978 Ἐπειδήπερ
2898 1906 3082 1976 ἡρεσε,
3117 1903 3259 1958 κατὰ
3296 1903 3481 1966 πάσας
3524 1904 3683 1974 ἐπαρ-

2113 1997 2251 2067 χίας,
2285 1998 2384 2061 τάς
2421 2014 2480 2050 τε
2529 1997 2794 2069 Ἀφρικάς
2826 1997 2920 2050 καὶ
2959 1997 3058 2060 τὰς
3098 1994 3421 2066 Νουμιδίας,
3462 1994 3556 2047 καὶ
3591 1993 3683 2057 τὰς

2113 2087 2508 2159 Μαυριτανίας,
2545 2091 2727 2158 ῥητοῖς
2773 2105 2882 2141 τισι
2929 2087 3038 2141 τῶν
3085 2085 3376 2158 ὑπηρετῶν
3408 2084 3508 2155 τῆς
3541 2083 3681 2137 ἐνθέ-

2113 2197 2250 2249 σμου
2281 2181 2375 2232 καί⁵
2411 2180 2720 2252 ἀγωνιάτης
2771 2179 3062 2250 καθολικῆς
3097 2178 3420 2250 θρησκείας,
3477 2181 3553 2241 εἰς
3587 2180 3674 2232 ἀν-

2104 2273 2362 2344 αλώματα
2379 2273 2846 2346 ἑπιχορηγηθῆναί
2891 2285 2965 2339 τι,
3004 2274 3178 2326 ἔδωκα
3209 2273 3517 2344 γράμματα
3557 2267 3681 2341 πρὸς

2109 2361 2314 2436 Οὖρσον
2330 2367 2421 2421 τὸν
2443 2367 2844 2438 διασημότατον
2865 2365 3150 2420 καθολικδν
3165 2366 3264 2435 τῆς
3294 2364 3578 2436 Ἀφρικῆς,
3594 2361 3677 2414 καὶ

2109 2456 2350 2528 ἐδήλωσα
2375 2457 2543 2528 αὐτῷ,
2567 2457 2714 2520 ὅπως
2747 2456 3078 2528 τρισχιλίους
3103 2455 3317 2524 φόλλεις
3339 2459 3407 2526 τῇ
3438 2459 3506 2527 σῇ
3537 2457 3675 2526 στερ-

2108 2549 2292 2621 ρὁητι
2328 2550 2709 2621 ἀπαριθμῆσαι
2749 2547 3029 2619 φροντίσῃ,
3066 2549 3138 2601 Συ
3155 2549 3358 2613 τοίνυν,
3395 2547 3559 2618 ἡνίκα
3588 2549 3674 2618 τὴν

2108 2641 2372 2714 προδηλου
2381 2642 2548 2713 μένην
2573 2643 2848 2712 ποσότητα
2867 2639 2976 2693 τῶν
3000 2640 3300 2711 χρημάτων
3329 2639 3674 2710 ὑποδεχθῆναι

425 2723 607 2774 datur.
644 2721 795 2788 Quod
830 2723 875 2776 si
922 2721 1062 2778 forte
1089 2725 1156 2778 ad
1188 2740 1366 2780 meum
1414 2741 1540 2796 erga
1576 2741 1677 2781 vos.
1709 2743 1898 2783 omnes
1948 2729 1991 2782 in

2110 2737 2359 2805 ποιήσῃς,
2383 2735 2552 2788 ἅπασι
2581 2737 2692 2798 τοῖς
2715 2734 3135 2806 προειρημένοις
3155 2732 3298 2786 κατὰ
3329 2733 3392 2786 τὸ
3425 2731 3672 2803 βρεοὺῖον,

423 2813 529 2867 hac
562 2823 723 2881 parte
756 2815 996 2872 studium
1023 2817 1348 2885 explendum
1375 2819 1568 2874 deesse
1597 2818 1800 2890 aliquid
1835 2821 1998 2875 intel-

422 2907 655 2972 texeris,
685 2907 1074 2964 incunctanter
1101 2911 1361 2980 quidquid
1396 2912 1767 2967 necessarium
1799 2913 1892 2968 tibi
1917 2916 1999 2969 vi-

421 2999 660 3066 debitur,
701 3001 770 3056 ab
801 3001 1085 3057 Heraclida
1119 3014 1477 3072 procuratore
1527 3006 1852 3075 praediorum
1903 3024 2002 3064 no.-

420 3100 661 3146 strorum
696 3100 882 3161 petere
916 3094 1104 3148 debes.
1142 3093 1276 3148 Nam
1312 3105 1370 3149 et
1403 3096 1502 3164 ipsi
1539 3110 1722 3151 coram
1771 3099 1998 3152 manda-

418 3181 492 3247 vi,
527 3189 584 3236 ut
609 3182 655 3237 si
681 3183 809 3252 quid
843 3185 1086 3254 pecunia:
1118 3185 1372 3242 Gravitas
1406 3187 1521 3244 Tua
1559 3188 1628 3244 ab
1661 3189 1780 3259 ipso
1807 3201 1998 3260 postu-

420 3274 555 3329 laret
580 3314 598 3340 ,
627 3274 835 3345 absque
871 3275 976 3330 ulla
1027 3277 1366 3334 dubitatione
1397 3281 1854 3336 dinumerandum
1899 3282 1996 3336 tibi

417 3378 659 3424 curaret.
715 3367 784 3422 Et
833 3369 1091 3438 quoniam
1149 3372 1332 3440 accepi
1383 3373 1647 3442 quosdam
1701 3389 1809 3428 non
1861 3375 1997 3428 satis

416 3462 731 3530 composita:
757 3464 953 3516 mentis
977 3463 1223 3517 homines
1251 3465 1300 3517 id
1335 3480 1520 3534 agere,
1553 3475 1611 3520 ut
1637 3466 1997 3521 sanctissimae

417 3564 473 3608 et
498 3554 779 3608 catholica:
809 3553 1066 3610 Ecclesia:
1095 3556 1350 3625 populum
1379 3559 1624 3628 improba
1651 3569 1817 3628 atque
1843 3560 1996 3612 adul-

419 3652 590 3706 terina
641 3650 877 3707 falsitate
929 3662 1284 3723 corrumpant
1331 3671 1348 3707 ι
1412 3655 1558 3708 scias
1607 3671 1693 3710 me
1757 3657 1996 3711 Anulin

415 3741 760 3810 proconsuli,
791 3751 846 3796 et
874 3740 1112 3797 Patricio
1140 3742 1345 3797 vicario
1376 3742 1758 3813 praefectorum
1805 3762 1991 3800 coram

416 3835 534 3888 lure
579 3833 794 3887 dedisse
842 3835 1092 3888 mandata
1119 3876 1138 3902 ,
1178 3846 1234 3888 ut
1281 3836 1424 3890 inter
1465 3847 1659 3890 caetera
1699 3838 1862 3904 hujus
1914 3839 1991 3892 rei

415 3935 812 3997 competentem
848 3943 1032 3981 curam
1066 3937 1292 3995 gerant;
1341 3943 1441 3982 nec
1475 3929 1519 3983 si
1553 3930 1682 3998 quid
1726 3930 1991 3996 ejusmodi

412 4029 628 4087 agatur,
669 4020 939 4089 negligere
971 4035 1034 4074 ac
1065 4021 1410 4075 dissimulare
1445 4022 1771 4076 sustineant.
1806 4021 1990 4092 Itaque

2104 2823 2164 2876 τὸ
2185 2824 2321 2896 πρὸς
2339 2825 2398 2878 σὲ
2418 2824 2566 2897 παρὰ
2593 2825 2772 2878 ὐσίου
2796 2824 3118 2889 ἀποσταλὲν,
3138 2823 3314 2878 ταῦτα
3341 2823 3411 2876 τὰ
3432 2825 3674 2895 χρήματα

2102 2915 2407 2988 διαδοθῆναι
2433 2919 2704 2972 κέλευσον.
2739 2918 2803 2971 Εἰ
2831 2916 2874 2970 δ’
2906 2917 3018 2988 ἀρα
3043 2917 3179 2989 πρὸς
3205 2919 3266 2970 τὸ
3291 2916 3674 2988 συμπληρωθῆ-

2102 3013 2191 3067 ναί
2221 3030 2322 3083 μου
2353 3011 2450 3084 τὴν
2477 3014 2554 3076 είς
2576 3013 2736 3066 τοῦτο
2769 3011 2898 3084 περὶ
2923 3013 3165 3075 ἅπαντας
3193 3013 3392 3075 αὐτοὺς
3427 3011 3674 3081 προαίρε-

2104 3118 2210 3166 σιν,
2241 3101 2408 3155 ἐνδεῖν
2433 3120 2484 3155 τι
2519 3101 2865 3174 καταμάθῃς,
2897 3101 3049 3173 παρά
3088 3100 3414 3172 Ἠρακλείδα
3439 3099 3532 3152 τοῦ
3569 3101 3672 3151 ἐπι-

2100 3192 2301 3264 τρόπου
2375 3191 2482 3244 τῶν
2539 3191 2826 3265 ἡμετέρων
2890 3191 3208 3262 κτημάτων,
3269 3190 3672 3262 ἀναμφιλέκτως

2101 3286 2236 3356 ὅπερ
2271 3285 2561 3351 ἀναγκαῖον
2590 3279 2726 3336 εἶναι
2771 3283 3127 3352 καταμάθοις,
3169 3282 3390 3352 αἰτῆσαι
3429 3283 3669 3352 ὀφείλεις.

2101 3377 2210 3430 Καὶ
2241 3377 2347 3447 γὰρ
2378 3376 2603 3447 παρόντι
2631 3375 2784 3446 αὐτῷ
2817 3374 3142 3446 προσέταξα,
3178 3375 3243 3427 ἶν’
3271 3376 3326 3427 εί
3367 3393 3420 3428 τι
3458 3376 3522 3429 ἂν
3548 3391 3672 3446 χρη-

2105 3469 2286 3538 μάτων
2348 3467 2474 3536 παρ’
2518 3465 2680 3518 αὑτοῦ
2735 3467 2768 3537 ἡ
2825 3465 2889 3536 σὴ
2942 3465 3234 3537 στερρότης
3282 3467 3509 3538 αἰτήσῃ,
3557 3467 3670 3520 ἄνευ

2099 3557 2394 3628 δισταγμοῦ
2431 3574 2575 3620 τινος
2611 3556 2994 3628 ἀπαριθμῆσαι
3033 3558 3317 3630 φροντίσῃ.
3363 3559 3476 3611 Καὶ
3503 3559 3671 3630 ἐπειδὴ

2100 3648 2405 3720 ἐπυθόμην,
2433 3648 2585 3712 τινὰς
2621 3647 2697 3718 μὴ
2729 3647 3083 3719 καθεστώσης
3118 3648 3360 3712 διανοίας
3390 3651 3670 3722 τυγχάνον-

2097 3757 2196 3804 τας
2223 3739 2572 3810 ἀνθρώπους,
2601 3739 2690 3792 τὸν
2727 3739 2854 3793 λαὸν
2883 3739 2979 3809 τῆς
3012 3740 3326 3812 ἁγιωτάτης
3355 3743 3452 3795 καὶ
3481 3742 3671 3795 καθολιο

2098 3832 2201 3901 κῆς
2252 3831 2578 3902 Ἐκκλησίας
2617 3829 2797 3901 φαύλη
2853 3831 2959 3882 τινὶ
3003 3829 3356 3885 ὑπονοθεύσει
3401 3831 3669 3902 βούλεσθαι

2097 3922 2472 3993 διαστρέφειν,
2512 3923 2751 3991 γίνωσκε
2799 3939 2864 3992 με
2905 3921 3156 3992 Ἀνυλίνῳ
3191 3923 3519 3994 ἀνθυπάτῳ,
3549 3923 3671 3978 ἀλλὰ

2102 4018 2206 4086 μὴν
2247 4015 2341 4068 καὶ
2371 4016 2650 4085 Πατρικίῳ
2692 4014 2773 4084 τῷ
2816 4015 3081 4086 οὺῖκαρίῳ
3117 4014 3226 4067 τῶν
3273 4015 3532 4086 ἐπάρχων
3571 4015 3666 4084 (69)

411 4111 458 4163 si
493 4125 631 4179 quos
663 4110 993 4181 ejuscetnodi
1035 4111 1282 4166 homines
1311 4111 1364 4165 in
1401 4112 1505 4165 hac
1537 4112 1773 4165 amentia
1804 4127 1988 4181 perse-

2099 4108 2325 4180 παροῦσι
2363 4108 2617 4171 τοιαύτας
2652 4107 2872 4171 ἐντολὰς
2904 4106 3214 4171 δεδωκέναι,
3252 4106 3320 4161 ἶν’
3346 4109 3404 4159 ὲν
3432 4111 3542 4171 τοῖς
3572 4107 3666 4160 λοι-

409 4219 601 4259 vorare
626 4205 980 4272 conspexeris
1005 4246 1020 4269 ,
1050 4205 1258 4274 absque
1282 4204 1387 4257 ulla
1427 4204 1771 4258 luesitatione
1796 4220 1987 4272 supra-

412 4298 586 4352 dictos
631 4293 843 4364 iudices
887 4296 1101 4362 adibis;
1142 4297 1304 4365 idque
1360 4296 1493 4364 ipsis
1547 4296 1784 4360 referes,
1825 4305 1884 4350 ut
1929 4297 1983 4351 in

357 4461 370 4471 .
409 4406 527 4455 eos,
559 4391 1010 4458 quemadmodum
1037 4390 1169 4459 ipsis
1201 4405 1388 4444 coram
1424 4389 1702 4454 mandavi,
1732 4389 1981 4443 animad-

408 4493 643 4538 vertant.
681 4483 944 4538 Divinitas
984 4482 1180 4538 summi
1229 4481 1322 4536 Dei
1357 4480 1540 4534 multis
1585 4481 1745 4536 annis
1777 4490 1829 4535 te
1862 4496 1984 4536 ser-

409 4591 516 4632 νει.
551 4598 569 4630 ι

409 4699 724 4756 Eleazarum
758 4708 815 4752 et
847 4695 1089 4750 ltliamar
1131 4694 1270 4747 ﬁlios
1297 4692 1477 4747 Aaron
1526 4703 1770 4762 paterna:
1811 4691 1986 4760 pleni-

407 4769 611 4824 tudinis
639 4767 1026 4821 ahundantiam
1070 4764 1433 4826 transfudisti,
1467 4775 1525 4818 ut
1553 4765 1617 4816 ad
1649 4763 1857 4817 hostias
1894 4778 1983 4814 sa-

409 4841 612 4895 lutares
636 4849 690 4892 et
719 4837 1104 4906 frequentioris
1137 4835 1296 4888 ollicii
1324 4842 1684 4906 sacramenta
1729 4833 1980 4906 ministe-

410 4912 550 4964 rium
580 4903 845 4964 sui‘liceret
875 4906 1240 4960 sacerdotum.
1269 4922 1287 4954 ι
1323 4903 1389 4957 Ει
1435 4906 1592 4972 paulo
1630 4913 1786 4971 post:
1829 4921 1844 4951 ι
1879 4905 1986 4954 Ac-

409 4990 624 5048 Ceptum
655 4995 683 5030 a
720 4990 794 5043 te,
844 4978 1004 5037 Dens.
1037 4975 1261 5048 secundi
1303 4976 1481 5028 meriti
1531 4989 1725 5048 mutuis
1773 4973 1985 5048 obtine-

409 5043 566 5104 ant.)
626 5050 750 5103 llzec
813 5047 1215 5114 descripsimus
1255 5059 1320 5097 ex
1389 5044 1768 5114 vetustissimo
1839 5043 1984 5095 libro

411 5119 710 5175 Pontiﬁcaii
741 5113 1076 5172 Senonensis
1109 5113 1369 5169 ecelesite.
1401 5113 1595 5167 Eadem
1627 5114 1788 5166 habet
1819 5114 1987 5165 etiam

407 5193 543 5246 ordo
589 5193 886 5246 Romanus.
933 5188 1073 5239 Sunt
1101 5196 1278 5238 autent
1324 5183 1757 5252 elegantissima,
1800 5199 1883 5245 ac,
1928 5180 1983 5234 ni

409 5265 586 5328 fallor,
613 5280 642 5316 a
676 5260 856 5313 Leone
886 5274 1019 5327 papa
1067 5255 1389 5328 composita.
1436 5255 1607 5328 Porro
1638 5269 1700 5328 ex
1752 5253 1836 5328 his
1865 5265 1986 5320 quae

408 5338 550 5400 dixi,
572 5325 814 5402 apparet
846 5325 1182 5402 quantopere
1217 5327 1389 5402 falsus
1427 5326 1499 5378 sit
1524 5325 1986 5402 _Qliri_stopliorso-

409 5394 546 5470 ...δέ
588 5394 679 5472 qui
733 5394 978 5472 secundat
1017 5397 1156 5448 sedis
1203 5398 1482 5472 episcopos
1524 5394 1610 5472 hic
1661 5395 1986 5472 interpretii:

411 5459 720 5542 terrm-lem
775 5471 1162 5542 fe_rei_sccutus
1208 5459 1291 5520 est
1325 5459 1650 5519 Sirmoudus
1696 5465 1747 5516 in
1787 5473 1932 5515 tonio
1967 5459 1986 5512 ί

408 5539 768 5602 Conciiiorum
801 5539 1018 5612 quliw.
1296 5605 1320 5612 _
1650 5605 1660 5612 Δ
1887 5600 1950 5612 η,

475 5616 586 5686 (68)
625 5613 764 5681 Περὶ
809 5605 1348 5686 τῶν-,Χριστιανοῗς
1385 5605 1838 5686 προσηκόνεων.
1887 5600 1988 5655 Hic

409 5670 597 5739 titulus
631 5670 852 5750 prorsus
901 5670 1081 5732 alieno
1129 5678 1248 5750 loco
1280 5670 1496 5750 positus
1540 5670 1640 5750 est.
1688 5670 1821 5725 Nam
1862 5687 1986 5750 qua:

402 5739 651 5825 sequitur
679 5750 908 5825 epistula
952 5739 1304 5825 Qtitistantini
1327 5746 1394 5799 ad
1428 5739 1973 5825 tiaacilia_tittin,._n_ihil

401 5811 524 5882 dicit
566 5827 630 5879 de
661 5811 815 5877 bonis
841 5820 906 5873 ad
951 5819 1292 5874 Christianus
1337 5815 1746 5877 pertinentibus.
1784 5811 1974 5866 Melius

2093 4207 2212 4266 παῖς
2260 4203 2430 4256 ἅπασι
2470 4201 2563 4254 καὶ
2600 4197 2789 4252 τούτου
2832 4199 3064 4270 μάλιστα
3111 4201 3210 4268 τὴν
3257 4201 3517 4270 φροντίδα
3564 4215 3669 4252 ποι·-

2091 4301 2327 4364 ῄςωνται
2361 4295 2459 4362 τὴν
2501 4292 2908 4363 προσήκουσαν,
2949 4293 3042 4344 καὶ
3080 4291 3154 4362 μὴ
3194 4293 3538 4362 ἀνάσχωνται
3577 4309 3664 4344 πε-

2093 4388 2276 4458 ριορᾷν
2303 4383 2513 4438 τοιοῦτο
2554 4383 2860 4453 γινόμενον.
2887 4384 3085 4454 Διόπερ
3122 4385 3172 4435 εί
3208 4400 3362 4446 τινας
3407 4384 3665 4448 τοιούτους

2090 4477 2410 4548 ἀνθρώπους
2460 4479 2516 4530 ὲν
2573 4476 2710 4546 αὐτῇ
2766 4479 2830 4547 τῇ
2885 4476 3051 4546 μανίᾳ⁵
3101 4476 3388 4546 ἐπιμένειν
3434 4477 3662 4550 κατίδῃς,

2089 4571 2216 4625 ἄνευ
2251 4569 2395 4632 τινὸς
2421 4567 2756 4639 ἀμφιϐολίας
2797 4571 2909 4630 τοῖς
2947 4565 3370 4639 προειρημένοις
3395 4566 3662 4631 δικασταῖς

2079 4687 2168 4741 hic
2210 4685 2398 4740 titulus
2441 4686 2815 4754 praeﬁgeretnr
2848 4683 3010 4752 capiti
3043 4684 3099 4749 ὅ,
3129 4683 3182 4737 in
3217 4684 3486 4754 quo_du:e
3532 4685 3664 4740 refe-

2082 4766 2275 4810 runtur
2303 4752 2646 4810 CunStanlini
2686 4758 3000 4810 Sanetioucs
3043 4755 3107 4810 de
3137 4754 3295 4808 bonis
3323 4752 3663 4809 Christiano-

2081 4843 2226 4882 rum.
2256 4826 2423 4880 Recte
2453 4827 2613 4893 igitur
2639 4827 3044 4878 vetustissimus
3071 4831 3238 4878 codex
3271 4824 3583 4878 Mazarinus
3612 4837 3663 4879 et

2080 4896 2435 4959 Fuketianus,
2467 4897 2669 4950 nullam
2719 4897 2824 4950 ltOC
2855 4897 2973 4949 loco
3019 4897 3218 4965 capitis
3263 4896 3662 4950 ἀίειίιιοιὶυιιριιι

2081 4976 2400 5038 agnoscunt.

2151 5037 2266 5107 (69)
2301 5037 2601 5106 Οὐτκαρίῳ
2618 5034 2738 5089 τῶν
2763 5035 3062 5104 ἐπάρχων.
3101 5035 3178 5088 De
3209 5035 3439 5107 vicariis
3466 5037 3657 5106 prafe-

2083 5105 2292 5160 cttirum
2321 5108 2534 5160 abunde
2581 5109 2690 5160 dixi
2732 5110 2799 5159 ad
2851 5107 2943 5160 lib.
2979 5121 3068 5160 xiv
3115 5109 3297 5158 Amm.
3339 5105 3655 5161 Marcellini.

2084 5176 2256 5230 Erant
2308 5177 2360 5229 hi
2416 5177 2603 5230 vicarii
2659 5186 2791 5230 tunc
2823 5177 3084 5243 temporis
3116 5175 3526 5243 perfectissimi,
3558 5193 3656 5230 non

2083 5258 2265 5300 autem
2293 5247 2586 5300 clarissimi
2626 5256 2718 5299 aut
2753 5248 3094 5314 spectabiles.
3151 5245 3321 5299 Docet
3345 5249 3397 5299 id
3433 5249 3653 5313 epistola

2083 5316 2426 5372 Conszantini
2455 5317 2806 5385 imperatoris
2860 5321 2927 5370 ad
2974 5315 3303 5370 Probianum
3360 5331 3656 5383 proconsu-

2083 5387 2187 5441 lem
2221 5386 2443 5451 Africze,
2494 5401 2658 5457 quam
2696 5386 2867 5442 refert
2893 5386 3228 5454 Augustinus
3264 5387 3329 5439 in.
3357 5387 3520 5456 epist.
3565 5388 3649 5447 68.

2085 5459 2169 5512 his
2209 5459 2425 5511 verbis:
2485 5455 2796 5510 (Ailianus
2841 5459 3210 5524 praedecessor
3267 5455 3417 5517 tuus,
3470 5457 3654 5511 merito

2084 5529 2210 5582 dum
2252 5527 2333 5579 vir
2383 5525 2820 5596 perfectissimus
2875 5525 3334 5596 Vcrusrvicarius
3375 5526 3652 5594 praefecto—
3741 5526 3748 5532 ’

2084 5614 2202 5650 rum
2232 5606 2358 5649 tunc
2386 5595 2480 5665 per
2510 5595 2754 5651 Africam
2785 5608 3018 5648 vestram
3059 5595 3407 5648 incommoda
3450 5597 3646 5649 valetu-

2083 5668 2209 5720 dine
2239 5675 2532 5731 teneretur,
2569 5687 2588 5718 ι
2641 5674 2754 5720 etc.
2809 5667 3001 5720 Scribe
3054 5681 3072 5714 ι
3121 5681 3219 5733 per
3270 5665 3513 5719 Africam
3558 5681 3647 5718 no-

2079 5747 2268 5790 stram.
2300 5755 2318 5787 ι
2353 5738 2442 5792 Sic
2465 5738 2608 5791 cuitu
2644 5735 2883 5804 loquitur
2912 5734 3307 5789 Constantinus
3338 5737 3390 5788 in
3416 5735 3645 5802 Εμίειοισ

2081 5808 2147 5862 ad
2186 5805 2486 5861 Elea/tium.
2545 5809 2722 5868 Atque
2778 5809 2847 5860 ita
2898 5806 3152 5861 su-ribitur
3209 5807 3348 5863 apud
3401 5807 3641 5861 eumdem
