3860 6518
227 402 318 458 895

1227 394 1574 451 HISTORUE
1614 395 2175 455 ECCLESIASTICE
2214 398 2343 454 LIB.
2384 397 2451 453 X.

3327 391 3444 449 ’894

227 512 495 587 πρόσελθε,
520 513 613 566 καὶ
643 512 774 567 αὐτὸ
793 511 948 567 τοῦτο
970 512 1394 585 προσανένεγκε,
1417 513 1565 575 ὅπως
1587 511 1783 576 αὐτοὺς
1821 513 2038 576 ἐκεῖνοι,
2065 511 2318 584 καθάπερ
2358 510 2542 575 αὐτοῖς
2582 507 2845 582 παροῦσιν
2881 508 3158 572 ἐκέλευσα,
3195 508 3445 579 ἐπιστρέ-

226 607 401 677 ψωσιν.
449 603 515 658 Ἦ
551 603 763 676 θειότης
794 605 886 659 τοῦ
922 606 1155 676 μεγάλου
1191 604 1325 659 Θεοῦ
1371 622 1429 658 σε
1461 603 1777 675 διαφυλάξοι
1814 607 1906 660 ἐπὶ
1932 606 2144 672 πολλοῖς
2174 606 2367 659 ἔτεσιν.
2412 622 2431 654 ι

684 688 687 691 ’
737 696 1131 751 κΕφΑΑΑιυΝ
1176 699 1248 753 Ζι.
1806 714 1860 771 Α

286 785 416 856 Περί
445 783 559 852 τῆς
588 785 1044 868 τῶνλςτληρέριῶτ
1075 787 1188 860 (70)
1217 790 1709 868 μεπουρτησίας

705 856 847 928 (Nic.
881 856 955 911 Η.
983 857 1049 912 Ε.
1089 856 1186 925 νη,
1211 860 1324 929 44).

241 946 939 1027 Λντίγραφονρασελικῇς
957 948 1286 1027 ἐξιστοῆῆς
1301 950 1375 1003 δι’
1392 946 1469 1027 ᾖς
1488 950 1787 1027 ποίης-,προ-

285 1018 536 1086 εστῶτας
584 1018 700 1073 τῶν
731 1018 1074 1085 ἐκκλησιῶν
1133 1019 1335 1087 πάσης
1374 1018 1788 1077 ἀπολελύσθαι

287 1089 389 1156 τῆς
417 1086 552 1155 περὶ
580 1089 653 1142 τὰ
687 1088 966 1142 πολιτικὰ
1003 1086 1375 1159 λειτουργίας
1412 1089 1789 1157 προστάττει,

203 1173 207 1175 λ
292 1200 309 1232 ι
347 1181 549 1251 Χαῖρε,
621 1178 858 1232 Ἀνυλῖνε
905 1178 1199 1250 τιμιώτατε
1248 1181 1397 1251 ημῖν.
1456 1180 1670 1253 Ἐπειδὴ
1721 1182 1787 1234 ἐκ

227 1256 464 1325 πλειόνων
523 1272 868 1345 πραγμάτων
925 1272 1170 1341 φαίνεται
1230 1273 1787 1346 παρεξουθενηθεῖσαν

225 1364 310 1434 τὴν
358 1362 653 1434 θρησκείαν
710 1365 769 1416 ὲν
923 1366 956 1435 ἡ
1005 1365 1278 1437 κορυφαῖα
1330 1367 1432 1437 τῆς
1479 1368 1788 1439 ἁγιωτάτης

194 1480 203 1511 ,π
226 1453 529 1524 ἐπουρανίου
573 1452 685 1525 (71)
709 1454 880 1521 ,αἰδὼς
918 1454 1276 1523 φυλάττεται,
1308 1458 1577 1528 μεγάλους
1605 1458 1784 1513 κινδύ-

225 1559 335 1606 νους
363 1544 677 1615 ἐνηνοχέναι
705 1548 816 1610 τοῖς
844 1546 1122 1617 δημοσίοις
1154 1534 1494 1620 πράγμασιν,
1524 1550 1693 1621 αὐτην
1725 1568 1785 1605 τε

223 1634 407 1706 ταύτην
447 1635 732 1708 ἑνθὲσμως
762 1637 1162 1707 ἀναληφθεῖσαν
1212 1640 1307 1692 καὶ
1356 1640 1784 1712 φυλαττομένην,

226 1729 471 1801 μεγίστην
500 1730 758 1801 εὐτυχίαν
787 1729 864 1802 τῷ
909 1730 1201 1803 Ῥωμαϊκῷ
1242 1733 1487 1805 ὀνόματι,
1521 1734 1614 1789 καὶ
1649 1733 1786 1805 σύμ-

224 1838 343 1874 πασι
371 1824 484 1885 τοῖς
522 1821 634 1875 τῶν
665 1821 966 1892 ἀνθρώπων
1010 1824 1330 1896 πράγμασιν
1381 1824 1656 1896 ἐξαίρετον
1694 1825 1782 1881 εὑ-

220 1912 484 1983 δαιμονίαν
554 1913 1002 1985 παρεσχηκέναι,
1060 1913 1171 1969 τῶν
1240 1914 1429 1969 θείων
1459 1915 1787 1988 εὐεργεσιῶν

2377 695 2542 769 394
2578 693 2804 753 caeur
2846 691 2958 749 vn.

2257 789 2337 845 De
2391 789 2721 844 immunitate
2744 786 3076 842 clericorum.

1888 944 2202 1013 Exemplum
2260 944 2494 1013 epistolae
2540 941 2874 1013 imperatoris
2923 938 3316 1013 Constantini,_

1958 1008 2173 1069 cunctos
2222 1008 2559 1068 ecclesiarum
2605 1008 2854 1080 prmities
2880 1010 2943 1062 ab
2967 1009 3206 1080 omnibus
3223 1008 3447 1076 publicis

1960 1084 2318 1155 {unctionibus
2350 1086 2606 1136 immunes
2631 1097 2741 1135 esse
2778 1079 3031 1150 prwcipit.

1962 1194 1981 1227 ι
2013 1178 2148 1238 Ave,
2186 1173 2416 1228 Anuline
2442 1172 2760 1228 charissime
2782 1171 2956 1225 nobis.
2991 1168 3124 1225 Cum
3165 1182 3230 1223 ex
3264 1165 3449 1222 multis

1885 1265 2046 1321 rebus
2079 1272 2327 1327 constet,
2363 1263 2677 1333 religionem
2721 1262 2867 1316 illam
2902 1261 2956 1314 in
2983 1262 3095 1329 qua
3115 1272 3325 1313 summa
3365 1258 3449 1311 di~
3548 1281 3552 1289 -

1884 1357 2025 1410 vinte
2058 1355 2356 1423 maiestatis
2385 1353 2689 1408 reverentia
2716 1351 3041 1416 custoditur,
3075 1357 3308 1419 spretam
3330 1348 3450 1418 qui-

1884 1446 2009 1501 dem
2063 1447 2299 1501 maxima
2344 1445 2669 1515 ‘reipublica:
2714 1444 3036 1512 importasse
3082 1440 3392 1494 discrimina
3429 1456 3447 1505 ;

1884 1538 2132 1594 eamdem
2166 1553 2296 1592 vero
2321 1537 2425 1592 rite
2453 1546 2763 1606 susceptam
2797 1549 2860 1589 ac
2893 1533 3236 1597 custoditam,
3267 1539 3320 1586 et
3348 1546 3450 1585 no»

1886 1631 2019 1685 mini
2050 1631 2296 1686 Romano
2331 1628 2628 1684 maximam
2662 1629 3079 1697 prosperitatcm
3109 1666 3125 1691 ,
3166 1635 3219 1679 et
3243 1611 3452 1703 cunctis

1886 1722 2196 1779 mortalium
2230 1723 2413 1787 rebus,
2449 1721 2630 1775 divina
2676 1719 2727 1773 id
2762 1719 3032 1774 tribuente
3055 1717 3406 1773 beneﬁcentia
3431 1756 3451 1781 ,

1886 1813 2212 1882 praecipuam
2243 1811 2560 1867 felicitatem
2592 1806 2891 1866 contulisse
2921 1825 2934 1861 :
2970 1807 3167 1878 placuit
3197 1818 3252 1862 ut
3283 1806 3459 1862 homi-

1887 1921 1983 1962 nes
2015 1907 2091 1961 illi
2122 1908 2216 1978 qui
2245 1921 2371 1960 cum
2402 1905 2581 1962 debita
2624 1904 2977 1960 sanctimonia
3006 1915 3063 1958 et
3090 1903 3302 1958 assidua
3350 1902 3454 1956 hn-

220 2001 362 2056 τιῦτο
390 2003 769 2075 παρεχουσῶν,
804 2003 980 2069 ἔδοξεν
1008 2006 1249 2070 ἐκείνους
1280 2007 1403 2070 τοὺς
1436 2006 1635 2079 ἄνδρας
1659 2007 1786 2073 τοὺς

1893 1999 1970 2065 ius
2022 1998 2159 2070 legis
2211 1998 2562 2053 observantia
2589 2037 2605 2063 ,
2647 1998 3010 2053 ministerium
3058 2012 3213 2053 suum
3258 1994 3457 2050 divinze

219 2097 277 2166 τῇ
326 2095 652 2170 ὀψειλομένῃ
702 2096 946 2167 ἁγιότητι
995 2100 1088 2151 καὶ
1136 2101 1202 2171 τῇ
1250 2098 1342 2152 τοῦ
1385 2076 1550 2170 νόμου
1595 2098 1783 2152 τούτου

1893 2090 2162 2162 religionis
2192 2088 2363 2144 cultui
2391 2089 2687 2155 exhibent,
2723 2088 2970 2142 laborum
3003 2102 3222 2142 suorum
3251 2100 3454 2140 merce-

219 2184 470 2258 παρεδρίᾳ
498 2186 600 2250 τὰς
624 2188 926 2257 ὑπηρεσίας
953 2187 1052 2251 τὰς
1076 2188 1133 2254 ἐξ
1160 2188 1391 2254 ἑαυτῶν,
1413 2192 1480 2261 τῇ
1510 2189 1611 2260 τῆς
1641 2187 1790 2252 θείας

219 2276 501 2348 θρησκείας
536 2278 807 2351 θεραπείᾳ
846 2280 1204 2350 παρέχοντας,
1234 2280 1343 2334 τῶν
1376 2282 1640 2352 καμάτων
1681 2280 1791 2334 τῶν

219 2367 349 2421 ιδίων
367 2368 439 2421 τὰ
468 2368 682 2424 ἔπαθλα
698 2370 1044 2441 κομίσασθαι,
1078 2372 1313 2425 Ἀνυλῖνε
1338 2372 1632 2444 τιμιώτατε
1655 2372 1787 2445 (72).

217 2460 396 2532 Διόπερ
418 2461 663 2525 ἐκείνους
691 2461 818 2525 τοὺς
845 2463 975 2515 εῖσω
1002 2463 1100 2533 τῆς
1128 2464 1399 2536 ἐπαρχίας
1426 2464 1525 2534 τῆς
1553 2465 1636 2518 σοί
1691 2482 1789 2518 πε-

218 2552 574 2624 πιστευμένης
602 2555 661 2607 ἐν
689 2555 756 2627 τῇ
795 2554 1055 2625 καθολικῇ
1106 2554 1400 2626 Ἐκκλησία
1439 2550 1472 2630 ᾖ
1502 2557 1792 2610 Καικιλια-

217 2644 295 2707 νὸς
342 2645 638 2716 ἐφέστηκε,
689 2645 788 2717 τὴν
843 2645 902 2711 ἐξ
948 2647 1157 2706 ἑαυτῶν
1207 2648 1509 2719 ὑπηρεσίαν
1552 2651 1619 2720 τῇ
1661 2648 1791 2721 ἁγίᾳ

214 2734 370 2806 ταύτῃ
402 2736 677 2808 θρησκείᾳ
721 2737 1081 2808 παρέχοντας,
1117 2736 1325 2809 οὕσπερ
1366 2737 1659 2811 κληρικοὺς
1689 2740 1787 2791 ἐπ·-

215 2827 484 2896 ονομάζειν
511 2825 790 2891 εἰώθασιν,
813 2828 920 2881 ἀπὸ
942 2828 1159 2882 πάντων
1189 2828 1522 2894 ἁπαξαπλῶς
1549 2828 1657 2882 τῶν
1684 2828 1790 2882 λει-

215 2919 468 2990 τουργιῶν
518 2918 780 2990 βούλομαι
837 2919 1284 2993 ἀλειτουργήτους
1340 2920 1784 2991 διαφυλαχθῆναι,

214 3008 349 3072 ὅπως
384 3008 459 3080 μὴ
489 3008 583 3063 διά
605 3026 752 3073 τινος
779 3008 989 3081 πλάνης
1014 3010 1048 3081 ἢ
1091 3009 1481 3081 ἐξολισθὴσεως
1510 3007 1783 3079 ίεροσύλου

217 3098 312 3151 ἀπὸ
338 3099 438 3170 τῆς
464 3098 767 3170 θεραπείας
794 3099 895 3170 τῆς
923 3102 987 3171 τῇ
1025 3100 1259 3172 θειότητι
1301 3098 1657 3169 ὀφειλομένης
1683 3097 1786 3165 ἁφ-

217 3190 486 3258 ἐλκωνται,
530 3189 669 3244 ἀλλὰ
720 3190 918 3262 μᾶλλον
971 3192 1099 3246 ἄνευ
1153 3192 1297 3256 τινὸς
1347 3189 1679 3262 ἐνοχλήσεως
1708 3187 1785 3259 τῷ

217 3283 322 3352 ίδίῳ
358 3284 509 3354 νόμῳ
538 3282 1004 3354 ἐξυπηρετῶνται,
1053 3278 1238 3354 ὦνπερ
1272 3284 1535 3355 μεγίστην
1568 3281 1696 3351 περὶ
1721 3280 1785 3332 τὸ

1891 2184 2010 2237 dem
2046 2188 2339 2250 reportent.
2375 2180 2608 2234 Anuline
2636 2179 2958 2234 charissime
2985 2177 3159 2233 nobis.
3192 2175 3455 2244 Quocirca

1889 2287 1984 2327 eos
2016 2271 2263 2326 homines
2288 2272 2380 2341 qui
2412 2269 2551 2325 intra
2589 2271 2924 2341 provinciam
2974 2270 3070 2326 tibi
3108 2270 3373 2325 creditam
3396 2269 3457 2324 in

1890 2362 2134 2419 Ecclesia
2164 2362 2433 2418 catholica
2464 2363 2553 2418 cui
2587 2364 2905 2419 Caecilianus
2938 2374 3156 2435 prmest,
3185 2362 3312 2418 huic
3337 2377 3460 2416 san-

1893 2454 2151 2510 ctissimae
2177 2453 2427 2524 religioni
2455 2454 2806 2523 ministrant,
2832 2470 2967 2524 quos
2992 2454 3221 2511 clericos
3259 2466 3458 2506 vocare

1892 2556 2326 2612 consueverunt,
2377 2543 2446 2599 ab
2479 2543 2732 2599 omnibus
2779 2545 3002 2600 omnino
3054 2542 3283 2614 publicis
3333 2541 3457 2596 fun-

1887 2639 2157 2695 ctionibus
2178 2638 2449 2694 immunes
2485 2636 2736 2692 volumus
2763 2638 3096 2701 conservari,
3157 2650 3226 2690 ne
3268 2648 3460 2690 errore

1888 2731 2066 2800 aliquo
2090 2740 2185 2785 aut
2212 2743 2342 2784 casu
2379 2727 2646 2799 sacrilego
2679 2744 2708 2781 a
2746 2729 2891 2783 cultu
2917 2742 3141 2783 summa:
3184 2725 3456 2781 divinitati

1888 2820 2072 2874 debito
2114 2817 2534 2881 abstrahamur;
2571 2821 2667 2872 sed
2698 2827 2756 2871 ut
2789 2819 2979 2886 potius,
3006 2816 3212 2885 absque
3239 2814 3341 2870 ulla
3374 2816 3457 2869 in-

1893 2911 2208 2981 quietudine
2264 2910 2500 2979 propriae
2556 2910 2658 2980 legi
2710 2910 3044 2965 deserviant.
3101 2908 3313 2978 Quippe
3374 2910 3456 2963 his

1892 3016 2158 3057 summam
2188 2998 2587 3054 venerationem
2619 3000 2800 3053 divino
2825 2999 3031 3053 numini
3055 2997 3455 3062 exhibentibus,

1894 3093 2187 3146 maximum
2239 3092 2362 3146 inde
2406 3091 2837 3147 emolumentum
2890 3090 3199 3160 reipublicae
3243 3090 3465 3145 videtur

1892 3182 2174 3237 accedere.
2212 3182 2363 3246 Vale,
2392 3182 2638 3237 Anuline
2681 3182 3003 3236 cbarissime
3030 3196 3091 3237 ac
3122 3180 3462 3238 desideratis-

1891 3276 2025 3328 sime
2049 3273 2221 3325 nobis.
2266 3291 2286 3325 ι

214 3372 352 3426 Θείον
408 3372 669 3445 λατρείαν
724 3374 1075 3444 ποιουμένων,
1122 3375 1371 3429 πλεῖστον
1422 3375 1545 3427 ὅσον
1604 3374 1716 3434 τοῖς
1760 3369 1959 3429 κοινοῖς
2005 3364 2291 3433 πράγμασι
2365 3363 2622 3417 συνοίσειν
2674 3362 2835 3419 δοκεῖ.
2885 3364 3166 3436 Ἐῥίῖωσον
3223 3363 3463 3419 Ἀνυλῖνει

213 3462 496 3533 τιμιώτατε
521 3465 616 3517 καὶ
646 3464 990 3519 ποθεινότατε
1016 3468 1169 3537 ἡμῖν.
1208 3486 1226 3518 ι

738 3560 1135 3614 ΚΕΦΑΛΑΙΟΝ
1168 3561 1251 3615 H’.

218 3648 344 3721 Περί
375 3647 479 3712 τῆς
508 3650 817 3721 Λικίννιον
836 3653 924 3717 εἰς
958 3651 1219 3721 ὕστερον
1248 3655 1782 3721 κακοτροπίας,καὶ

276 3718 379 3785 τῆς
407 3719 836 3787 καταστροφῆς
860 3720 1044 3775 αὐτοῦ
1087 3722 1228 3791 (Nic.
1267 3722 1340 3777 Η.
1376 3718 1443 3774 Εξ
1472 3739 1566 3788 vn,
1601 3718 1711 3797 44).

275 3809 511 3864 Τοιαῦτα
546 3810 647 3880 μὲν
674 3806 765 3863 οὖν
787 3813 919 3882 ἡμῖν
945 3815 979 3883 ἡ
1009 3811 1128 3865 θεία
1162 3813 1256 3866 καὶ
1289 3814 1537 3885 οὐράνιος
1559 3817 1655 3887 τῆς
1686 3818 1782 3872 τοῦ

215 3903 455 3976 Σωτῆρος
488 3904 649 3976 ἡμῶν
678 3906 998 3976 ἐπιφανείας
1029 3906 1284 3979 ἐδωρεῖτο
1321 3908 1500 3981 χάρις,
1548 3912 1781 3982 τοσαύτη

215 4010 266 4047 τε
289 3996 490 4050 ἅπασιν
517 3996 828 4069 ἀνθρώποις
861 3998 1091 4068 ἀφθονία
1117 3998 1337 4066 ἀγαθῶν
1358 3999 1445 4054 διὰ
1463 4001 1565 4071 τῆς
1585 4002 1786 4073 ἡμετέ-

218 4102 308 4159 ρας
350 4089 753 4162 ἐπρυτανεύετο
810 4091 1050 4162 εἰρήνης.
1105 4092 1216 4146 Καὶ
1279 4086 1383 4147 ὦδε
1428 4092 1527 4165 μὲν
1558 4095 1627 4147 τὰ
1665 4094 1788 4148 καθ’

214 4227 566 4301 Augustinum
594 4230 649 4284 in
685 4230 779 4301 lib.
809 4247 896 4301 tn.
927 4231 1127 4286 Contra
1170 4233 1513 4288 Cresconium
1546 4247 1667 4301 cap.
1699 4233 1793 4295 70.

278 4299 387 4372 (7.0)
423 4301 585 4372 _I_Iepl
648 4298 761 4372 1135
786 4300 936 4372 _tcbr
966 4302 1286 4372 κληρικῶν.
1320 4302 1375 4355 1η
1422 4298 1795 4357 vetustissimo

216 4368 391 4422 codd."
421 4368 565 4426 Μη.
620 4379 676 4424 et
705 4368 976 4439 Fultihoc
998 4368 1159 4439 caput
1197 4373 1230 4426 6
1273 4372 1493 4435 dicitur.
1545 4383 1600 4426 et
1645 4382 1794 4429 recte

215 4439 450 4563 ggidéam,
499 4441 558 4495 ni
607 4439 789 4495 fallor.
822 4438 952 4496 Vide
1000 4438 1124 4512 qua:
1172 4456 1336 4511 supra
1374 4442 1557 4497 notavi
1588 4443 1655 4498 ad
1689 4458 1789 4498 ca-

216 4517 303 4574 put
322 4517 375 4563 δ.

279 4579 391 4649 (71)
438 4577 561 4649 Τῆς
589 4579 931 4650 ἁγιωτάτης
966 4580 1352 4650 ἐπουρανίου.
1404 4581 1792 4650 Christophor-

215 4660 368 4721 sonus
394 4650 553 4721 addit
587 4649 775 4704 vacem
809 4649 1127 4721 δυνάμεως,
1162 4668 1229 4707 ex
1286 4649 1639 4707 Constantini
1672 4654 1791 4721 epi-

214 4718 338 4768 stola
371 4719 439 4773 ad
469 4718 788 4775 Chrestum.

277 4787 387 4860 (72)
451 4788 726 4860 Ἄνυλῒνε
767 4788 1092 4860 τιμιώτατε.
1122 4790 1179 4843 lu
1207 4791 1393 4845 codice
1423 4790 1588 4857 Med.,
1621 4789 1789 4860 Mam,

213 4855 343 4932 ω.
366 4866 424 4912 et
470 4859 644 4932 savii.
694 4855 896 4932 legitur
946 4861 1184 4932 ’ᾼνυλῖνε
1216 4860 1510 4932 τιμιώτατε
1553 4855 1649 4916 καὶ
1688 4855 1791 4915 vro-'-

212 4925 489 5000 θεινᾲτατε
513 4930 671 5000 ἡμῖν.
700 4925 873 5000 Porro
917 4931 1116 4986 relatio
1167 4925 1388 4985 Antilini
1445 4932 1787 4998 proconsulis

211 5012 306 5066 qua
338 4998 422 5052 his
452 4997 804 5056 Constantini
840 5000 1042 5055 litteris
1083 5003 1394 5070 respondet.
1430 4997 1614 5055 exstat
1640 5002 1785 5068 apud

210 5070 571 5137 Augustinum
630 5070 682 5122 in
731 5072 890 5135 epist.
938 5070 1029 5131 68,
1073 5071 1158 5124 his
1184 5070 1408 5125 verbis:
1463 5090 1484 5122 ι
1521 5071 1789 5125 Anuliuus

214 5140 287 5189 vir
306 5137 652 5193 clarissimus
681 5142 969 5206 proconsul
995 5139 1216 5196 Africa.
1267 5140 1486 5208 Scripta
1536 5140 1786 5195 coelestia

212 5207 752 5281 majestatisvestrge
801 5220 1025 5281 accepta
1080 5219 1243 5281 atque
1291 5207 1553 5272 adorata,
1612 5211 1783 5281 Caeci:

213 5277 446 5349 lianoﬂet
483 5277 577 5333 his
630 5278 724 5349 qui
773 5280 874 5333 sub
906 5283 1096 5335 eodem
1136 5277 1326 5349 agunt,
1363 5281 1568 5349 quique
1598 5280 1781 5333 clerici

211 5348 578 5419 appellantur,
608 5347 824 5403 devotio
851 5351 1133 5419 parvitatis
1174 5347 1341 5419 meae
1367 5347 1649 5404 insinuare
1682 5365 1781 5402 cu-

211 5419 385 5472 ravit:
415 5417 752 5487 eosdemque
785 5417 997 5474 hortata
1027 5431 1132 5485 est,
1163 5429 1225 5473 ut
1254 5418 1462 5473 unitate
1511 5433 1784 5474 consensu

209 5489 452 5540 omnium
485 5486 810 5550 facta,’culn
865 5490 1008 5544 omni
1064 5489 1292 5543 omnino
1341 5502 1567 5542 munere
1601 5488 1781 5541 indul-

210 5557 389 5679 gentia
444 5558 754 5626 maiestatis
809 5570 1005 5613 vestrae
1060 5558 1278 5612 liberati
1333 5572 1456 5612 esse
1494 5558 1784 5612 videantur

254 5624 499 5679 atbnlici.
553 5628 829 5679 custodita
876 5629 1172 5679 sanctitate
1203 5627 1363 5679 leuis.
1409 5627 1591 5679 debita
1626 5642 1782 5679 reve-

254 5624 499 5689 atbalici,
536 5624 829 5684 custodita
876 5629 1172 5683 sanctitate
1203 5627 1363 5695 legis,
1409 5627 1591 5682 debita
1626 5642 1782 5683 reve-

215 5697 387 5749 rentia
422 5695 629 5751 divinis
658 5698 820 5752 rebus
854 5698 1175 5752 inserviant.
1204 5694 1404 5750 verum
1436 5705 1556 5765 post
1584 5712 1781 5765 paucos

215 5765 327 5819 dies
351 5767 922 5836 exstiteruntquidam
952 5768 1186 5823 adunata
1221 5780 1403 5821 secum
1434 5768 1615 5835 populi
1642 5768 1781 5821 mul-

219 5835 473 5901 titudine,
497 5837 591 5907 qui
629 5835 922 5895 Casiliano
974 5837 1458 5893 contradicenduin
1505 5846 1777 5901 putarent.

2483 3567 2707 3623 CAPUT
2740 3567 2874 3623 \‘lll.

1897 3662 1975 3717 De
2003 3658 2327 3729 malignitate
2372 3657 2563 3714 Licinii
2606 3670 2786 3728 postea
2829 3660 3103 3715 subsecuta
3122 3700 3138 3726 ,
3164 3672 3216 3714 et
3245 3661 3311 3716 de
3341 3662 3467 3731 ejus

2588 3741 2776 3784 morte.

1960 3820 2273 3891 Huiusmodi
2325 3820 2481 3876 nobis
2550 3821 2687 3875 dona
2733 3819 2967 3875 caelestis
3008 3836 3073 3876 ac
3111 3821 3291 3876 divina
3336 3838 3457 3892 gra-

1893 3914 1966 3968 tia
2048 3913 2349 3983 praisentiie
2391 3910 2733 3979 _Servatoris
2819 3912 2991 3965 nostri
3057 3911 3248 3983 largita
3327 3922 3458 3977 est,

1897 4016 2154 4076 tantaque
2187 4006 2456 4059 bonorum
2499 4003 2653 4073 copia
2702 4004 2954 4058 universo
3002 4006 3182 4070 generi
3225 4005 3459 4059 humano

1898 4111 1964 4150 ex
1995 4111 2127 4167 pace
2162 4095 2319 4151 nobis
2369 4093 2617 4152 restituta
2646 4091 2933 4164 proﬂuxit.
2973 4097 3053 4149 Ac
3104 4111 3190 4151 res
3238 4096 3458 4165 quidem

1905 4235 2105 4305 quique
2139 4233 2457 4290 fasciculum
2506 4234 2561 4288 in
2613 4233 2757 4305 aluta
2788 4234 3060 4305 signatum
3113 4242 3168 4287 et
3216 4232 3457 4305 libellum

1901 4303 2029 4360 sine
2044 4306 2195 4376 signo
2215 4306 2533 4360 obtulerunt
2562 4304 2820 4376 dicationi
2846 4303 2983 4359 mea:
3010 4321 3022 4356 :
3058 4311 3223 4376 atque
3252 4303 3457 4372 impen-

1900 4377 1989 4430 dio
2023 4371 2391 4443 postularunt.
2429 4383 2487 4427 ut
2533 4374 2598 4426 ad
2627 4388 2843 4443 sacrum
2870 4382 2925 4425 et
2953 4371 3453 4443 venerabiletn’co-

1896 4441 2149 4498 mitatum
2184 4444 2424 4498 numinis
2468 4442 2629 4496 vestri
2682 4441 2989 4510 dirigerem.
3033 4441 3163 4508 Quae
3202 4453 3453 4497 manente

1894 4514 2182 4569 Czeciliano
2208 4514 2263 4567 in
2294 4522 2437 4567 statu
2470 4528 2589 4574 suo,
2620 4511 2883 4580 subjectis
2934 4511 3242 4565 corumdem
3292 4512 3450 4579 actis,

1892 4599 2002 4653 quo
2031 4594 2225 4638 cuncta
2265 4582 2518 4648 maiestas
2548 4592 2724 4636 vestra
2760 4583 2929 4653 possit
2956 4582 3293 4653 dignoscere,
3328 4597 3453 4653 par-

1895 4651 2034 4707 vittts
2064 4668 2182 4709 mea
2207 4653 2440 4719 dirigere
2476 4654 2711 4706 curavit.
2745 4651 2769 4702 »⁷
2834 4651 2935 4705 Per
2987 4667 3005 4701 ι
3036 4652 3235 4719 scripta
3283 4651 3445 4706 ctele-

1892 4724 1996 4777 stia
2033 4741 2053 4775 ι
2101 4722 2355 4792 intelligit
2388 4722 2656 4775 Anulinus
2687 4721 2986 4792 epistolam
3016 4720 3358 4776 Constantini
3382 4722 3451 4777 ad

1892 4792 2066 4861 ipsum
2121 4791 2306 4845 datam
2364 4794 2429 4847 de
2471 4791 2817 4846 immunitate
2846 4791 3189 4861 clericorum,
3231 4806 3352 4860 quze
3383 4793 3450 4846 ab

1888 4858 2122 4919 Eusebio
2174 4862 2227 4915 iu
2279 4864 2381 4915 hoc
2433 4863 2612 4931 capite
2648 4862 2834 4931 relata
2879 4870 2982 4915 est.
3026 4858 3179 4926 Quod
3232 4858 3449 4930 (intidem

1889 4931 2237 5000 apertissime
2285 4930 2601 5001 declaratur
2646 4930 2752 5001 his
2790 4931 2990 5001 verbis,
3039 4944 3157 4999 qum
3204 4933 3451 5001 proxime

1890 5010 2192 5069 sequuntur
2217 5001 2270 5054 in
2306 5000 2570 5055 relatione
2596 5000 2855 5054 Annlini:
2897 5016 2915 5051 ι
2947 5000 3081 5055 Cum
3134 5000 3283 5054 omni
3330 5013 3452 5055 om-

1889 5073 2021 5124 nino
2052 5084 2275 5125 munere
2303 5071 2638 5139 indulgentia
2671 5069 2970 5137 majestatis
2999 5078 3190 5124 vestra:
3233 5070 3448 5125 liberati

1886 5155 2005 5195 esse
2036 5141 2325 5195 videantur
2354 5140 2640 5195 Catholici.
2692 5158 2712 5192 ι
2761 5141 3031 5194 Cancrum
3059 5141 3156 5195 has
3183 5140 3449 5195 Constan-

1885 5211 1985 5264 tini
2018 5210 2276 5280 epistolas
2307 5220 2640 5280 praepostero
2697 5211 2890 5280 ordine
2926 5211 3108 5264 retulit
3159 5209 3444 5264 Eusebius.

1885 5279 2022 5334 Nam
2053 5279 2309 5349 ’epistnla
2357 5279 2694 5333 Constantini
2739 5280 2806 5334 ad
2845 5279 3187 5334 Caecilianum
3236 5279 3449 5349 episco-

1884 5366 2034 5418 pum,
2092 5352 2232 5422 item_
2264 5350 2504 5422 ejusdem
2561 5349 2788 5422 cpistola
2836 5354 2902 5404 ad
2937 5349 3247 5422 Anulinum.
3326 5364 3448 5402 cum

1884 5415 2153 5475 relatione
2186 5415 2429 5489 ejusdem
2460 5415 2890 5489 Anulini'.quam
2904 5425 3068 5484 supra
3083 5415 3270 5489 citavi,
3310 5434 3450 5489 ρηο-

1883 5492 2077 5545 cedere
2106 5487 2306 5545 debent
2342 5487 2624 5557 epistolam
2654 5490 2995 5543 Constantini
3055 5491 3123 5542 ad
3155 5487 3453 5542 Miltiadem

1881 5562 2196 5629 episcopum
2229 5558 2379 5613 urbis
2420 5558 2629 5613 Romae.
2656 5558 2874 5629 _0mnes
2905 5559 3050 5612 enim
3097 5572 3175 5613 ea:
3212 5560 3453 5628 epistolae

1883 5627 2153 5697 pertinent
2191 5629 2257 5681 ad
2305 5628 2600 5683 concilium
2653 5627 2979 5697 Romanum,
3017 5629 3160 5697 quod
3207 5627 3452 5684 habitum

1880 5696 1965 5753 est
2002 5702 2054 5755 in
2086 5712 2248 5753 causa
2300 5697 2579 5752 Caaciliaui
2634 5712 2816 5753 coram
2868 5696 3105 5753 Miltiade
3166 5698 3270 5756 PP.
3309 5700 3456 5754 Con-

1878 5771 2122 5825 stantino
2148 5783 2205 5822 nt
2244 5776 2300 5822 et
2328 5766 2539 5823 Licinio
2579 5783 2639 5823 Ill
2689 5783 2856 5835 coss.,
2910 5784 3051 5825 anno
3078 5770 3278 5826 Christi
3304 5769 3430 5824 515.
