3860 6492
365 337 471 395 895

1069 340 1337 398 EUSEBII
1375 338 1856 397 CAESARIENSIS
1894 335 2046 396 OPP.
2091 336 2271 392 PARS
2306 337 2349 397 1.
2385 365 2458 380 --
2496 317 2885 400 HISTORICA.

3520 334 3620 394 893

368 467 570 517 nostra
614 459 668 517 in
718 461 825 520 hoc
870 460 1150 517 laetissimo
1170 470 1315 516 statu
1348 470 1403 517 et
1431 461 1487 517 in
1522 460 1834 532 bujusmodi
1863 462 1943 519 fe-

2052 460 2190 530 ἡμᾶς
2224 460 2283 512 ἐν
2328 458 2639 533 εὐφροσύνῃ
2670 459 2762 513 καὶ
2796 455 3167 530 πανηγύρεσιν
3220 454 3476 511 ἐτελεῖτο.
3510 456 3621 511 Οὐκ

370 553 704 611 stivitatibus
745 563 926 611 erant.
973 555 1080 609 Sed
1125 555 1344 610 virtutis
1379 554 1632 612 inimicus
1662 567 1719 612 et
1768 556 1940 615 malo-

372 662 494 702 rum
548 647 787 703 omnium
842 647 1273 701 studiosissimus
1316 644 1580 703 daemonis
1626 648 1787 714 livor,
1835 646 1940 704 hoc

371 738 744 807 spectaculum
792 738 883 793 diu
947 737 1093 795 ferre
1151 754 1260 795 non
1313 741 1507 811 potuit.
1567 739 1752 811 Neque
1808 741 1939 797 item

370 830 531 902 395
551 829 789 885 Licinius
816 829 885 884 iis
908 829 1307 886 calamitatibus
1336 847 1456 901 quae
1492 832 1822 902 supradictis
1845 841 1931 903 ty-

371 920 563 974 rannis
588 916 925 981 acciderant,
951 918 1153 973 erudiri
1181 919 1354 987 potuit
1388 928 1448 974 ut
1477 928 1695 989 saperet
1727 935 1790 976 ac
1824 936 1942 976 mo-

370 1012 522 1066 deste
540 1017 743 1079 ageret.
769 1007 869 1074 Qui
895 1023 1153 1080 prospero
1177 1010 1388 1081 imperii
1408 1013 1489 1068 sui
1520 1020 1689 1081 statu,
1712 1014 1937 1068 secundi

366 1112 490 1173 post
527 1099 941 1156 Constantinum
973 1101 1270 1156 maximum
1294 1102 1397 1158 loci
1434 1104 1721 1174 dignitate,
1746 1115 1801 1160 et
1827 1104 1943 1159 alii-

366 1195 535 1249 nitate
566 1192 891 1263 angustique
922 1194 1141 1263 generis
1176 1194 1560 1264 conjunctione
1594 1195 1897 1253 honoratus
1922 1238 1938 1265 ,

367 1299 399 1337 a
428 1284 687 1339 bonorum
730 1284 949 1354 quidem
1000 1284 1306 1341 imitatione
1336 1285 1600 1351 descivit,
1644 1288 1941 1359 impiorum

366 1388 500 1429 vero
554 1385 912 1444 tyrannorum
961 1390 1161 1445 pravos
1216 1386 1383 1446 atque
1429 1376 1712 1448 improbos
1760 1395 1941 1436 mores

366 1466 645 1522 aemulatus
672 1478 776 1525 est.
805 1467 874 1523 Et
896 1482 1126 1537 quorum
1159 1466 1524 1524 miserabilem
1575 1469 1703 1523 vitas
1736 1470 1940 1525 exitum

365 1557 481 1613 suis
508 1561 627 1629 ipse
657 1558 830 1615 oculis
865 1569 1258 1631 conspexerat,
1302 1572 1494 1613 eorum
1526 1560 1756 1615 consilia
1786 1562 1939 1632 sequi

366 1647 583 1715 maluit,
611 1664 775 1719 quam
804 1650 857 1704 iu
887 1649 1262 1706 benevolentia
1287 1659 1449 1723 atque
1473 1651 1714 1707 amicitia
1747 1652 1940 1723 optimi

364 1739 627 1811 principis
651 1749 917 1810 perstare.
946 1739 1157 1796 Etenim
1182 1740 1403 1795 invidia:
1425 1741 1659 1798 stimulis
1682 1743 1942 1798 adversus

2041 546 2110 622 ἦν
2137 550 2196 604 δὲ
2227 550 2336 622 ἄρα
2367 550 2448 622 τῷ
2481 550 2761 622 μισοκάλῳ
2805 549 2984 622 φθόνῳ
3004 589 3021 617 ,
3052 548 3132 620 τῷ
3175 564 3236 603 τε
3280 546 3621 619 φιλοπονήρῳ

2043 643 2255 714 δαίμονι
2304 643 2541 716 φορητὸς
2578 646 2611 714 ἡ
2660 643 2766 697 τῶν
2802 642 3096 714 ὁρωμένων
3139 640 3271 694 θέα·
3309 640 3501 712 ὥσπερ
3530 635 3620 693 οῦν

2043 734 2166 787 οὐδὲ
2192 735 2451 805 Λικιννίῳ
2474 732 2609 805 πρὸς
2631 732 2885 805 σώφρονα
2914 730 3168 801 λογισμὸν
3196 728 3496 799 ἐτύγχανεν
3526 728 3621 780 αὐ-

2042 828 2222 899 τάρκη
2248 826 2318 880 τά
2342 830 2454 891 τοῖς
2493 824 2727 899 πρόσθεν
2757 823 3146 896 δεδηλωμένοις
3171 822 3458 894 τυράννοις
3491 838 3624 892 συμο

2044 917 2353 988 ϐεϐηκότω
2390 918 2450 983 ὃς
2481 913 2542 971 εὖ
2584 917 2892 988 φερομένης
2924 916 3023 986 τῆς
3056 914 3233 985 ἀρχῆς
3260 911 3435 983 αὐτῷ,
3471 911 3623 983 βασι-

2044 1008 2182 1075 λέως
2210 1010 2445 1082 μεγάλου
2480 1009 2892 1063 Κωνσταντίνου
2917 1006 3240 1078 δευτερείων
3271 1004 3472 1075 τιμῆς,
3506 1005 3623 1056 ἐπι-

2042 1099 2320 1173 γαμϐρίας
2345 1117 2406 1153 τε
2429 1100 2523 1155 καὶ
2553 1099 2871 1169 συγγενείας
2893 1098 2994 1168 τῆς
3020 1095 3281 1151 ἀνωτάτω
3301 1093 3622 1165 ἠξιωμένος,

2047 1193 2336 1265 μιμήσεως
2359 1193 2458 1264 μέν
2495 1191 2596 1262 τῆς
2627 1190 2738 1245 τῶν
2778 1188 2958 1244 καλῶν
2984 1188 3417 1260 ἀπελιμπάνετο,
3444 1185 3544 1255 τῆς
3572 1184 3629 1239 δέ

2042 1284 2152 1340 τῶν
2187 1284 2402 1339 ἀσεϐῶν
2439 1285 2717 1356 τυράννων
2755 1282 3057 1355 μοχθηρίας
3092 1278 3285 1353 ἐζήλου
3325 1279 3428 1350 τὴν
3468 1281 3628 1332 κακο-

2042 1375 2295 1448 τροπίαν,
2331 1376 2424 1430 καὶ
2462 1368 2537 1429 ὧν
2565 1374 2660 1429 τοῦ
2702 1374 2817 1446 βίου
2857 1375 2957 1447 τὴν
3005 1371 3393 1446 καταστροφὴν
3420 1371 3628 1425 ἐπεῖδεν

2042 1469 2229 1533 αὐτοῖς
2256 1467 2577 1540 ὀφθαλμοῖς,
2613 1467 2817 1521 τούτων
2838 1467 3069 1522 ἐπεσθαι
3097 1468 3165 1537 τῇ
3187 1464 3384 1537 γνώμῃ
3410 1464 3626 1536 μᾶλλον,

2043 1561 2170 1634 ἢτῇ
2217 1560 2310 1615 τοῦ
2369 1561 2680 1632 κρείττονος
2729 1558 2969 1614 διαθέσει
3018 1558 3279 1630 ἐμμένειν
3318 1556 3415 1611 καὶ
3461 1555 3627 1628 φιλίᾳ,

2045 1657 2249 1726 ᾑρεῖτο.
2270 1652 2655 1726 Διαφθονηθείς
2680 1653 2744 1723 γέ
2762 1669 2843 1706 τοι
2865 1651 2943 1723 τῷ
2966 1668 3163 1706 πανευε
3173 1650 3363 1723 ργέτῃ,
3398 1649 3629 1721 πόλεμον

2044 1746 2252 1819 δυσαγῆ
2269 1747 2363 1800 καὶ
2378 1745 2682 1799 δεινότατον
2712 1744 2849 1816 πρὸς
2869 1744 3029 1798 αὐτὸν
3056 1742 3303 1813 ἐκφέρει.
3328 1743 3391 1795 οὐ
3421 1729 3631 1813 φύσεως

364 1809 508 1885 liene
536 1829 602 1884 de
621 1843 680 1883 se
699 1829 949 1884 meritum
975 1828 1253 1894 incitatus,
1282 1829 1664 1900 gravissimum
1694 1837 1752 1884 et
1780 1828 1936 1884 nefa-

2052 1809 2224 1909 νόμων
2241 1809 2591 1907 φεισάμενος,
2625 1835 2723 1907 οὐχ
2747 1809 3146 1907 όρκωμοσιῶν,⁷
3162 1809 3262 1903 οὐχ
3292 1809 3546 1905 αἵματος,
3569 1832 3628 1885 οὐ

367 1920 508 1976 rium
542 1920 590 1975 ei
622 1920 819 1976 bellum
843 1922 1040 1988 intulit,
1099 1937 1203 1976 non
1241 1934 1452 1979 naturae
1478 1925 1749 1980 reveritus
1786 1923 1935 1993 jura,

366 2026 476 2066 non
508 2009 799 2077 foederum,
837 2026 945 2066 non
972 2012 1349 2082 jurisjurandi.
1398 2028 1499 2069 uec
1549 2014 1937 2086 consanguini-

369 2101 498 2158 tatis
549 2115 777 2157 memor.
834 2101 969 2156 Nam
1030 2103 1424 2159 Constantinus
1477 2106 1693 2175 quidem
1753 2114 1941 2176 utpote

367 2194 791 2264 benignissimus
825 2196 1101 2266 princeps,
1131 2210 1239 2266 quo
1268 2198 1498 2254 sincera:
1544 2199 1940 2255 benevolentia:

367 2288 737 2344 certissimum
794 2292 843 2343 ei
900 2300 1279 2360 argumentum
1327 2290 1503 2357 daret,
1548 2290 1811 2347 afﬁnitate
1839 2307 1939 2347 sua

368 2394 493 2436 eum
539 2382 791 2453 dignatus
839 2383 1055 2451 fuerat;
1124 2398 1226 2439 nec
1273 2381 1514 2438 illustres
1570 2386 1783 2441 sororis
1828 2400 1940 2440 suae

369 2476 587 2546 nuptias
647 2473 823 2530 eidem
876 2476 1237 2544 denegaverat
1284 2493 1298 2528 :
1342 2487 1530 2528 verum
1589 2475 1779 2545 stirpis
1831 2491 1941 2531 sure

369 2568 724 2631 nobilitatem,
751 2578 805 2622 et
832 2566 1159 2637 imperatorii
1180 2566 1291 2638 jam
1321 2567 1450 2623 inde
1471 2582 1499 2620 ιι
1529 2568 1751 2636 proavis
1772 2583 1939 2636 gene-

370 2659 449 2716 ris
478 2659 818 2729 splendorem
848 2675 970 2714 cum
1004 2675 1071 2713 eo
1107 2661 1628 2726 communicaverat,
1664 2663 1940 2733 latiusque

369 2750 517 2806 orbis
549 2749 775 2804 Romani
804 2749 1086 2820 imperium
1138 2764 1258 2804 cum
1307 2749 1420 2814 illo,
1473 2760 1659 2821 utpote
1702 2751 1860 2808 aliine
1889 2763 1943 2807 et

369 2841 524 2914 regni
550 2850 798 2897 consorte
824 2842 1264 2912 participaverat.
1298 2840 1409 2897 Nec
1450 2843 1713 2899 minorem
1738 2845 1787 2898 ei
1813 2859 1941 2914 por-

371 2934 571 2988 tionem
603 2933 807 3003 imperii
847 2932 1076 2988 Romani
1105 2933 1394 3002 regendam
1426 2931 1942 3004 gubernandamque

370 3036 739 3082 concesserat.
770 3024 1009 3080 Licinius
1034 3038 1165 3078 vero
1192 3038 1414 3093 prorsus
1445 3026 1722 3079 contraria
1757 3026 1939 3082 omnia

371 3117 601 3187 agebat;
631 3116 810 3172 omnis
834 3114 1051 3186 generis
1101 3115 1324 3171 fraudes
1371 3115 1631 3170 adversus
1668 3117 1938 3185 potiorem

371 3209 616 3280 quotidie
650 3207 1088 3270 comminiscens,
1123 3215 1455 3276 cunctasque
1478 3204 1763 3262 insidiandi
1799 3217 1946 3265 artes

370 3299 707 3369 echgitans,
725 3308 784 3352 ut
812 3297 949 3353 bene
980 3296 1237 3351 meritum
1280 3298 1437 3352 malis
1461 3297 1944 3366 Iremuneraretur.

370 3391 450 3446 Ac
495 3386 764 3461 principio
803 3388 1021 3458 quidem
1053 3386 1278 3444 insidias
1306 3397 1488 3458 tegere
1511 3389 1737 3446 studens
1758 3430 1776 3457 ,
1808 3393 1948 3448 ami-

373 3496 496 3538 cum
517 3495 577 3537 se
601 3495 723 3535 esse
747 3477 1037 3534 simulabat
1065 3496 1080 3533 :
1111 3487 1168 3534 et
1200 3479 1388 3535 fraude
1411 3494 1475 3534 ac
1503 3480 1643 3536 dolis
1672 3482 1947 3539 Constan-

376 3572 547 3628 tinum
584 3584 727 3639 saepe
755 3579 1047 3639 appetens,
1080 3571 1237 3626 facile
1279 3587 1338 3627 se
1382 3574 1489 3627 voti
1526 3574 1607 3629 sui
1641 3586 1947 3645 compotem

375 3664 494 3721 fore
516 3665 789 3733 sperabat.
812 3664 917 3719 Sed
955 3662 1099 3717 enim
1131 3663 1491 3722 Constantino
1514 3668 1741 3732 amicus,
1774 3679 1829 3725 et
1863 3682 1949 3723 tu-

379 3769 465 3813 tor
492 3765 788 3825 custosque
817 3763 935 3810 erat
964 3756 1107 3813 Deus
1142 3773 1157 3812 :
1187 3757 1278 3826 qui
1308 3758 1538 3815 insidias
1576 3762 1718 3816 clam
1762 3774 1815 3819 et
1856 3779 1950 3819 oc-

378 3849 527 3904 culte
551 3847 650 3917 ipsi
678 3856 1018 3916 comparatas
1067 3847 1119 3901 iu
1168 3846 1348 3904 lucem
1384 3851 1667 3920 proferens
1697 3856 1951 3911 confuta-

378 3942 492 3997 bat.
537 3940 768 3996 Tantam
814 3940 921 3994 vim
956 3938 1118 3995 babet
1156 3956 1348 4011 magna
1397 3943 1487 3997 illa
1522 3946 1737 4016 pietatis
1766 3963 1950 4002 arma-

382 4044 524 4102 tura,
558 4042 671 4089 tum
700 4034 767 4087 ad
797 4034 1190 4105 propulsandos
1230 4037 1503 4101 inimicos,
1565 4047 1677 4093 tum
1711 4041 1780 4095 ad
1825 4057 1951 4112 pro-

378 4126 513 4194 priae
541 4124 732 4180 salutis
760 4126 1251 4182 conservationem.
1281 4125 1398 4193 Qua
1428 4127 1648 4195 quidem
1674 4141 1951 4187 armatura

379 4217 618 4273 munitus
656 4220 952 4288 imperator
983 4228 1167 4274 noster
1194 4220 1303 4277 Deo
1340 4221 1701 4277 cbarissimus
1725 4264 1741 4288 ,
1772 4224 1953 4279 multi-

380 4309 548 4377 plices
571 4310 763 4366 nefarii
786 4310 1025 4367 hominis
1047 4310 1274 4368 iusidias
1295 4311 1501 4383 effugit.
1527 4313 1694 4385 Igitur
1713 4313 1957 4372 Licinius

379 4420 504 4458 cum
535 4405 773 4463 occultas
804 4407 1031 4463 insidias
1060 4423 1167 4464 non
1199 4421 1266 4462 ex
1289 4417 1413 4463 voto
1441 4407 1544 4463 sibi
1568 4408 1765 4465 cedere
1797 4410 1954 4466 vide-

2046 1929 2328 2002 συνθηκῶν
2380 1929 2598 2001 μνήμην
2649 1929 2707 1981 ἐν
2756 1926 2965 1999 διανοίᾳ
3016 1924 3218 1980 λαϐὼν.
3277 1925 3339 1979 '0
3393 1923 3496 1996 μὲν
3528 1923 3630 1996 γὰρ

2046 2021 2195 2092 αὐτῷ
2257 2016 2346 2074 οἷα
2385 2019 2697 2089 πανάγαθος
2760 2018 3047 2090 βασιλεὺς,
3104 2017 3319 2081 εὐνοίας
3379 2014 3631 2087 παρέχων

2047 2111 2283 2184 ἀληθοῦς
2314 2111 2581 2183 σύμϐολα,
2634 2111 2958 2181 συγγενείας
2998 2110 3100 2180 τῆς
3145 2109 3284 2182 πρὸς
3334 2108 3501 2162 αὐτὸν
3536 2108 3631 2161 οὐκ

2047 2204 2331 2277 ἐφθόνησε,
2360 2205 2551 2276 γάμων
2575 2221 2636 2257 τε
2652 2203 2919 2275 λαμπρῶν
2953 2201 3186 2273 ἀδελφῆς
3219 2201 3510 2272 μετουσίαν
3536 2199 3632 2251 οὐκ

2047 2297 2423 2369 ἀπηρνήσατο,
2452 2294 2588 2348 ἀλλὰ
2608 2297 2699 2349 καὶ
2725 2295 2824 2366 τῆς
2848 2296 2914 2348 ἐκ
2933 2294 3183 2366 πατέρων
3198 2292 3485 2361 εὐγενείας
3504 2291 3628 2363 (73),

2051 2386 2326 2458 βασιλικοῦ
2359 2404 2419 2440 τε
2478 2385 2744 2441 ἀνέκαθεν
2793 2386 3024 2457 αἵματος
3083 2383 3344 2438 κοινωνὸν
3384 2380 3630 2453 γενέσθαι

2048 2479 2268 2549 ἠξίωσε,
2304 2478 2404 2550 τῆς
2434 2495 2493 2531 τε
2543 2477 2685 2532 κατά
2717 2477 2936 2531 πάντων
2974 2474 3269 2529 ἀπολαύειν
3303 2474 3515 2547 ἀρχῆς,
3548 2467 3629 2525 οἷα

2048 2571 2281 2642 κηδεστῇ
2317 2570 2408 2624 xai.
2443 2568 2763 2639 συμϐασιλεῖ
2793 2556 3018 2639 παρεῖχε
3065 2566 3163 2639 τὴν
3195 2566 3455 2633 ἐξουσίαν
3477 2604 3493 2629 ,
3537 2564 3631 2617 οὐκ

2049 2662 2269 2717 ἔλαττον
2324 2661 2488 2733 μέρος
2531 2659 2639 2715 τῶν
2688 2660 2794 2713 ὐπὸ
2839 2659 3144 2731 Ῥωμαίους
3202 2656 3376 2711 ἐθνῶν
3433 2656 3630 2709 διέπειν

2049 2755 2199 2827 αὐτῷ
2224 2755 2319 2810 καὶ
2346 2754 2562 2808 διοικεῖν
2592 2752 3006 2825 κεχαρισμένος.
3041 2752 3101 2805 '0
3131 2751 3175 2804 δ’
3211 2749 3476 2822 ἔμπαλιν,
3510 2746 3630 2800 τού-

2048 2865 2162 2912 τοις
2194 2848 2450 2902 τάναντία
2480 2846 2851 2921 διεπράττετο,
2901 2844 3156 2907 παντοίας
3197 2841 3472 2914 ὁσημέραι
3498 2838 3629 2894 κατά

2049 2938 2145 2992 τοῦ
2186 2940 2493 3012 κρείττονος
2529 2937 2775 3010 μηχανὰς
2820 2934 3276 3005 ἐπιτεχνώμενος,
3327 2933 3534 2991 πάντας
3574 2944 3639 2985 τι

2050 3028 2280 3083 ἐπινοῶν
2300 3027 2590 3099 ἐπιϐουλῆς
2616 3027 2875 3099 τρόπους,
2899 3026 2975 3088 ὼς
3004 3023 3070 3077 ἂν
3096 3024 3289 3086 κακοῖς
3310 3021 3402 3075 τὸν
3424 3017 3633 3092 εὐεργέο

2048 3137 2150 3193 την
2178 3120 2490 3191 ἀμείψαιτο.
2525 3119 2607 3173 Τὰ
2654 3118 2754 3190 μὲν
2786 3114 2878 3173 οῦν
2911 3116 3103 3189 πρῶτα
3144 3114 3494 3186 πειρώμενος
3539 3110 3630 3183 τὴν

2051 3213 2320 3287 συσκευὴν
2336 3213 2717 3285 ἐπικρύπτειν,
2742 3210 2893 3282 φίλος
2916 3205 3055 3264 εἶναι
3074 3211 3482 3282 προσεποιεῖτο,
3504 3207 3632 3276 δόλῳ

2049 3325 2111 3364 τε
2165 3310 2258 3362 καὶ
2311 3306 2494 3378 ἀπάτῃ
2549 3305 2865 3367 πλειστάκις
2914 3300 3265 3372 ἐπιθέμενος,
3333 3300 3512 3370 ῥᾷστα
3570 3297 3633 3351 ἂν

2049 3400 2234 3470 τυχεῖν
2264 3395 2357 3450 τοῦ
2393 3394 2838 3467 προσδοκωμένου
2861 3391 3078 3463 ἤλπισε.
3110 3389 3202 3460 Τῷ
3227 3389 3285 3443 δὲ
3318 3390 3430 3461 ἄρα
3460 3392 3489 3444 ὁ
3509 3388 3633 3453 Θεὸς

2049 3484 2120 3561 ἦν
2154 3486 2334 3558 φίλος,
2384 3483 2636 3558 κηδεμών
2674 3502 2734 3538 τε
2774 3483 2869 3538 καὶ
2911 3481 3104 3552 φύλαξ,
3152 3481 3211 3544 ὃς
3259 3480 3414 3551 αὐτῷ
3450 3481 3549 3544 τὰς
3578 3481 3632 3531 ἐν

2052 3581 2350 3652 ἀπορρήτῳ
2396 3580 2489 3632 καὶ
2523 3578 2701 3631 σκότει
2757 3575 3155 3648 μηχανωμένας
3208 3573 3505 3636 ἐπιϐουλὰς
3559 3575 3634 3635 εἰς

2054 3673 2170 3743 φῶς
2213 3673 2360 3740 ἄγων
2406 3670 2674 3743 διήλεγχε.
2706 3668 2970 3723 Τοσοῦτον
3004 3666 3205 3739 ἀρετῆς
3234 3666 3298 3719 τὸ
3347 3666 3493 3736 μέγα
3544 3666 3631 3735 τῆς

2055 3766 2362 3828 θεοσεϐείας
2413 3763 2576 3818 ὅπλον
2630 3762 2763 3833 (74),
2811 3762 2949 3834 πρὸς
2989 3760 3203 3832 ἄμυναν
3250 3759 3353 3829 μὲν
3406 3757 3631 3830 ἐχθρῶν,

2054 3858 2261 3922 οἰκείας
2286 3857 2343 3910 δὲ
2360 3855 2604 3927 φυλακὴν
2629 3854 2905 3926 σωτηρίας
2930 3852 3122 3923 ἰσχύει·
3150 3844 3197 3920 ᾧ
3221 3851 3288 3921 δὴ
3319 3848 3636 3921 πεφραγμέ-

2054 3970 2143 4015 νος
2172 3953 2202 4006 ὁ
2234 3946 2840 4020 θεοφιλέστατος’ήμῶν
2878 3945 3128 4017 βασιλεὺς
3152 3985 3167 4009 ,
3204 3943 3310 4008 τὰς
3371 3943 3470 3997 τοῦ
3513 3944 3633 3997 δυσ-

2053 4043 2271 4115 ωνύμου
2295 4040 2662 4104 πολυπλόκους
2713 4037 3003 4102 ἐπιϐουλὰς
3032 4036 3430 4108 διεδίδρασκεν.
3485 4034 3544 4088 ’0
3580 4033 3635 4088 δέ

2055 4134 2423 4208 τὴνλαθραίαν
2447 4130 2713 4202 συσκευὴν
2729 4130 2804 4193 ὡς
2822 4127 3071 4199 οὐδαμῶς
3094 4126 3243 4197 ἐώρα
3254 4127 3397 4180 κατὰ
3415 4123 3633 4195 γνώμην

2056 4224 2205 4296 αὐτῷ
2249 4221 2531 4297 χωροῦσαν
2553 4260 2567 4284 ,
2614 4217 2706 4273 τοῦ
2741 4216 2875 4272 Θεοῦ
2907 4219 3082 4272 πάντα
3110 4216 3263 4269 δόλον
3303 4233 3365 4267 τε
3401 4217 3495 4267 καὶ
3543 4216 3633 4285 ρᾳ-

2055 4315 2333 4384 διουργίαν
2362 4311 2440 4383 τῷ
2476 4309 2711 4379 θεοφιλεῖ
2745 4308 2955 4379 βασιλεῖ
2980 4306 3286 4380 κατάφωρα
3333 4305 3633 4368 ποιοῦντος,

2015 4467 2019 4470 ,
2057 4406 2235 4461 οὐκέθ’
2264 4400 2375 4467 οἷός
2415 4420 2478 4456 τε
2509 4401 2585 4455 ὣν
2618 4398 3077 4472 ἐπικρύπτεσθαι,
3103 4398 3361 4468 προφανῆ
3408 4397 3637 4466 πόλεμον

380 4507 484 4563 ret,
513 4506 698 4568 utpote
724 4497 833 4555 Deo
862 4509 1092 4556 cunctas
1119 4499 1287 4570 ipsius
1312 4500 1532 4556 fraudes
1552 4516 1617 4557 ac
1643 4501 1796 4556 dolos
1820 4501 1947 4556 cba-

2058 4497 2292 4564 αῐρεται.
2318 4490 2517 4562 Ὀμόσε
2534 4490 2668 4561 δῆτα
2685 4488 3080 4559 Κωνσταντίνῳ
3096 4487 3223 4540 πολε
3233 4489 3355 4558 μεῖν
3368 4485 3635 4556 διαγνοὺς,

380 4590 600 4647 rissimo
628 4592 855 4662 principi
889 4596 1194 4665 detegente,
1248 4592 1419 4648 latere
1466 4609 1527 4650 se
1577 4587 1812 4665 amplius
1843 4609 1953 4649 non

383 4696 543 4752 posse
575 4684 927 4753 perspiciens,
954 4685 1151 4743 bellum
1188 4685 1364 4753 palam
1402 4695 1603 4743 movet.
1633 4686 1804 4742 Porro
1827 4700 1952 4740 cum

380 4771 739 4828 Constantino
767 4774 967 4830 bellum
999 4775 1202 4831 inferre
1229 4777 1545 4843 statuisset,
1585 4777 1745 4833 simul
1789 4777 1958 4851 396

382 4868 547 4921 etiam
588 4867 849 4923 adversus
885 4883 1153 4922 summum
1202 4869 1445 4923 omnium
1498 4870 1662 4925 Deum
1708 4887 1870 4940 quem
1928 4886 1961 4923 a

384 4958 742 5015 Constantino
778 4960 880 5015 coli
923 4972 1272 5030 cognoverat,
1303 4961 1537 5029 prmliari
1564 4960 1821 5015 instituit.
1858 4960 1962 5015 De-

384 5047 516 5105 hinc
539 5049 775 5105 cultores
796 5050 964 5105 divini
990 5052 1231 5106 numinis
1268 5052 1368 5105 sub
1389 5052 1601 5105 ditione
1629 5065 1725 5103 sua
1758 5054 1961 5121 degen-

387 5150 492 5203 tes.
522 5144 613 5214 qui
636 5142 777 5198 nulla
805 5158 1040 5213 unquam
1067 5142 1264 5211 injuria
1287 5150 1379 5198 aut
1402 5143 1645 5198 molestia
1671 5142 1959 5211 imperium

388 5233 559 5303 ipsius
608 5232 923 5304 affecerant,
965 5236 1166 5292 sensim
1204 5249 1269 5289 ac
1316 5236 1481 5291 tacite
1512 5249 1828 5306 Oppugnare
1863 5248 1956 5305 ag-

460 5396 573 5467 (75)
604 5398 720 5468 Τῆς
733 5398 803 5455 ἐκ
823 5399 1091 5470 πατέρων
1113 5400 1435 5467 εὐγενείας.
1464 5397 1788 5466 Συγγενείας
1815 5395 1958 5470 vulg.

391 5466 708 5539 Amplector
738 5466 1176 5526 emendationem
1200 5466 1332 5539 ’qnze
1373 5471 1438 5524 ad
1471 5470 1766 5539 marginem
1804 5469 1961 5539 codi-

393 5538 474 5591 cis
498 5535 737 5609 Turnebi
771 5540 1006 5609 ascripta
1040 5551 1122 5594 est
1157 5535 1455 5609 εὐγενείας.
1489 5535 1615 5593 Erat
1646 5537 1790 5592 enim
1823 5536 1967 5609 Cou-

395 5606 668 5678 stantinus
699 5605 1043 5665 nobilissimo
1078 5605 1277 5678 genere
1302 5608 1702 5677 uatus.quippe
1733 5609 1824 5674 qui
1856 5605 1969 5659 ori-

396 5677 575 5745 ginem
609 5678 795 5748 stirpis
832 5694 943 5734 suae
988 5681 1057 5734 ad
1092 5681 1374 5735 Claudium
1445 5681 1825 5748 imperatorem
1880 5690 1968 5730 re-

402 5750 586 5800 terret.

370 5853 398 5875 -.
474 5814 587 5888 (74)
633 5818 931 5873 Τοσοῦτον
973 5816 1196 5887 ἀρετῆς
1221 5817 1284 5873 τὸ
1317 5818 1470 5889 μέγα
1503 5815 1611 5886 τῆς
1641 5817 1977 5890 θεοσεϐείας

2060 4587 2160 4659 ἤδη
2175 4586 2269 4639 καὶ
2292 4586 2432 4639 κατὰ
2461 4583 2557 4639 τοῦ
2582 4583 2716 4638 Θεοῦ
2744 4581 2854 4636 τῶν
2884 4582 3041 4646 δλων,
3067 4581 3127 4635 δν
3158 4579 3435 4650 ἠπίστατο
3464 4578 3638 4633 σέϐειν

2058 4677 2243 4741 αὐτὸν,
2263 4674 2700 4749 παρατάττεσθαι
2724 4675 2966 4746 ὡρμᾶτο.
2984 4671 3236 4727 Κάπειτα
3250 4672 3378 4734 τοὺς
3392 4671 3486 4723 ὑπ’
3498 4667 3639 4739 αὐτῷ

2060 4770 2350 4835 θεοσεϐεῖς,
2389 4769 2557 4842 μηδὲν
2583 4759 2705 4840 μηδ’
2729 4768 2865 4831 ὅλως
2900 4764 3117 4819 πώποτε
3140 4762 3240 4835 τὴν
3273 4762 3451 4835 ἀρχὴν
3480 4759 3637 4815 αὐτοῦ

2061 4862 2302 4935 λυπηρὸν
2331 4860 2705 4932 διαθεμένους,
2743 4860 2929 4930 ἡρέμα
2975 4857 3111 4920 τέως
3167 4856 3263 4910 καὶ
3318 4856 3503 4927 ἡσυχῆ
3548 4870 3640 4907 πο·

2062 4956 2298 5027 λιορκεῖν
2331 4954 2643 5007 ἐπεϐάλετο’
2673 4952 2770 5006 καὶ
2802 4950 2944 5004 τοῦτ’
2969 4950 3228 5021 ἔπραττε,
3256 4948 3452 5012 δεινῶς
3486 4947 3639 5002 ἀϐλε-
3727 4986 3739 4997 .

2062 5051 2217 5101 πτεῖν
2253 5046 2358 5100 ὑπὸ
2382 5046 2481 5117 τῆς
2507 5043 2750 5116 ἐμφύτου
2794 5042 2993 5106 κακίας
3022 5039 3468 5113 ἠναγκασμένος.
3518 5037 3639 5092 Οῧτ⁹

2063 5136 2157 5193 οῦν
2192 5138 2288 5211 τὴν
2325 5139 2543 5211 μνήμην
2572 5136 2681 5189 τῶν
2710 5135 2814 5208 πρὸ
2872 5132 3033 5188 αὐτοῦ
3061 5132 3427 5204 Χριστιανοὺς
3460 5131 3641 5185 ἐκδιω-

2067 5229 2271 5297 ξάντων
2317 5230 2423 5301 πρὸ
2457 5226 2750 5297 ὀφθαλμῶν
2794 5224 2966 5289 ἔθετο,
3016 5224 3125 5281 οὐδ’
3152 5217 3229 5279 ὦν
3268 5224 3437 5288 αὐτὸς
3452 5221 3645 5291 ὀλετὴρ

2065 5395 2227 5449 ὅπλα
2333 5389 2674 5465 Nicephorus
2740 5385 3219 5465 τωρωι-ἀρετῆς,
3273 5385 3482 5465 quippe
3528 5396 3642 5465 qua:

2068 5482 2207 5520 scus"
2248 5478 2289 5514 λι
2332 5456 2595 5522 turbaret,
2627 5459 2909 5525 expunxil.
2947 5456 3356 5510 ExStat'tameu
3391 5458 3444 5507 iu
3469 5456 3638 5507 omui-
3732 5504 3739 5508 ,

2069 5538 2171 5589 bus
2201 5533 2403 5584 nostris
2432 5530 2737 5592 codicibus,
2788 5537 2842 5581 et
2895 5529 3036 5594 apud
3090 5525 3373 5580 Gelasium
3423 5526 3639 5595 (jyzice-

2070 5620 2223 5659 num.
2257 5601 2441 5669 Itaque
2484 5590 2771 5669 videndum
2821 5612 2889 5669 an
2914 5590 3049 5669 :Iegi
3074 5598 3263 5669 possit
3296 5590 3549 5669 τοσοῦτον
3564 5590 3638 5669 ,τὸ

2078 5675 2214 5747 μέγα
2242 5662 2554 5747 θεοέεϐείας
2591 5668 2828 5747 ἀρετῆς-
2840 5662 3024 5747 ὅπλον.
3069 5662 3161 5747 Sic
3208 5665 3476 5747 Eusebius
3497 5662 3635 5747 intra

2082 5732 2135 5799 in
2160 5732 2270 5797 line
2304 5744 2459 5806 hujus
2487 5740 2605 5793 libri
2633 5732 2950 5799 ’θεοσεϐείας
2977 5736 3181 5807 ἀρετήν
3210 5736 3365 5802 dicit,
3406 5744 3461 5790 et
3496 5735 3544 5787 iu
3576 5732 3635 5784 li-

2087 5817 2227 5871 brOI
2264 5813 2336 5868 De
2368 5814 2472 5866 rita
2508 5808 2861 5873 Constantini,
2895 5810 3066 5861 tttilto.
