3860 6492
184 365 265 422 901
1162 369 1513 427 HISTORIIE
1556 373 2114 433 ECCLESIASTICIE
2151 377 2278 434 LIB.
2323 380 2389 434 Χ.
3283 379 3399 450 902-

182 480 348 553 ήγοντό
375 496 429 532 τε
459 481 551 534 καὶ
577 481 893 546 ἐκολάζοντο
921 484 1340 556 ἀπροφασίστως
1357 494 1468 555 τοῖς
1499 493 1684 562 μιαιφό

1787 505 1876 558 .et
1904 511 2158 568 supremo
2191 499 2405 556 Numini
2442 501 2681 558 debitum
2709 505 2908 583 cultum
2946 509 3246 569 exhiberet.
3281 513 3387 570 Nc-

181 590 272 636 νοις
297 571 504 642 ὁμοίως,
535 575 582 625 οἱ
607 575 770 645 μηδὲν
789 575 1126 646 ἠδικηκότες⁵
1152 581 1250 652 ἥδη
1273 580 1331 633 δέ
1355 599 1496 646 τινες
1533 601 1684 636 καινο

1821 602 1926 658 que
1949 591 2096 644 enim
2138 591 2414 647 orationes
2439 608 2536 662 pro
2569 611 2627 651 se
2675 574 3174 671 lierhopinabatur,
3211 607 3386 662 scele-

177 664 317 735 τέραν
357 664 618 734 ὑπέμενον
649 666 924 739 τελευτὴν,
955 668 1100 738 ξίφει
1133 671 1194 724 τὸ
1231 671 1388 742 σῶμα
1429 675 1510 736 εἰς
1548 673 1719 729 πολλά

172 757 404 827 τμήματα
425 759 1053 831 κατακρεουργούμενοι,
1089 763 1184 817 καὶ
1228 763 1366 834 μετά
1396 764 1493 836 τὴν
1532 766 1714 838 ἀπηνῆ

173 845 350 918 ταύτην
386 847 478 900 καὶ
526 851 888 924 φρικτοτάτην
933 853 1080 918 θέαν,
1130 857 1243 919 τοῖς
1291 856 1390 926 τῆς
1441 855 1715 927 Θαλάσσης

174 938 346 1008 βυθοίς,
375 939 546 1009 ἰχθύσι
579 941 714 1014 βορά
751 946 1116 1017 ῥιπτούμενοι.
1151 949 1321 1016 Φυγαὶ
1354 949 1419 1020 δὴ
1443 945 1598 1013 αὖθις
1623 951 1714 1004 ἐπὶ

170 1030 352 1093 τούτοις
376 1030 480 1084 τῶν
527 1032 792 1087 θεοσεδῶν
834 1037 1074 1104 ἐγίνοντο
1106 1038 1349 1110 ἀνδρῶν·
1405 1041 1499 1093 καὶ
1551 1039 1712 1094 πάλιν

170 1121 326 1191 ἀγροὶ,
363 1121 455 1174 καὶ
497 1123 658 1177 πάλιν
697 1127 952 1197 ὲρημίαι,
995 1129 1163 1183 νάπαι
1201 1147 1260 1182 τε
1305 1131 1399 1205 καὶ
1440 1130 1540 1202 ὅρη
1585 1131 1712 1196 τοὺς

167 1211 375 1282 Χριστοῦ
436 1212 772 1286 θεράποντας
823 1219 1165 1290 ὑπεδέχοντο.
1217 1224 1370 1278 Ἐπεὶ
1419 1225 1477 1278 δὲ
1539 1225 1712 1280 ταῦτα

166 1303 328 1358 τοῦτον
359 1307 661 1380 προύχώρει
689 1310 766 1380 τῷ
779 1311 1026 1365 δυσσεϐεῖ
1046 1314 1136 1367 τὸν
1161 1315 1380 1384 τρόπον,
1402 1317 1583 1370 λοιπὸν
1617 1321 1710 1372 καὶ⁹

167 1395 242 1447 τὸν
277 1397 406 1449 κατά
453 1399 668 1454 πάντων
718 1402 992 1458 ἀνακινεῖν
1025 1405 1286 1477 διωγμὸν,
1323 1410 1416 1460 ἐπὶ
1470 1409 1708 1464 διάνοιαν

167 1487 406 1545 ἐϐάλλετο.
452 1492 704 1564 Ἐκράτει
731 1513 790 1548 τε
820 1495 1045 1568 γνώμης
1069 1499 1164 1551 καὶ
1191 1499 1340 1553 οὐδὲν
1375 1501 1620 1571 ἐμποδὼν
1639 1499 1708 1574 ἦν

165 1578 292 1651 αὐτῷ
326 1581 394 1652 μὴ
440 1584 561 1655 οὐχὶ
611 1586 670 1637 ἐν
715 1587 860 1660 ἔργῳ
905 1593 1124 1662 χωρεῖν,
1180 1595 1228 1646 εἰ
1269 1593 1342 1665 μὴ
1387 1594 1614 1666 τάχιστα
1645 1597 1707 1649 τὸ

165 1671 327 1742 μέλλον
346 1674 559 1729 ἔσεσθαι
581 1679 868 1750 προλαϐὼν
895 1683 924 1734 ό
946 1682 1054 1735 τῶν
1087 1685 1302 1738 οἰκείων
1326 1686 1510 1757 ψυχῶν
1539 1688 1706 1759 ὑπέρ-

163 1782 308 1836 μαχος
349 1768 506 1834 Θεὸς,
537 1771 614 1836 ὡς
644 1774 702 1826 ὲν
742 1773 896 1844 βαθεί
935 1775 1109 1848 σκότῳ
1129 1779 1230 1832 οιαὶ
1255 1779 1411 1833 νυκτὶ
1467 1781 1703 1848 ζοφωδε-

1818 695 1939 732 rum
1985 680 2190 736 scilicet
2237 686 2571 742 conscientia
2621 689 2673 742 in
2716 704 2835 744 eam
2873 695 3183 762 opinionem
3215 701 3385 754 addu-

1816 778 1956 828 ctus.
1983 770 2087 827 Sed
2111 788 2208 828 nos
2227 791 2324 844 pro
2348 778 2674 848 imperatore
2692 783 2782 840 Dei
2807 788 3178 844 amantissimo
3201 790 3385 852 omnia

1816 861 2019 928 facere,
2050 882 2113 922 ac
2141 868 2378 922 divinum
2403 888 2600 928 numen
2618 875 2852 947 placare,
2880 879 2979 934 sibi
3011 896 3380 950 persuaserat.

1814 953 1987 1020 Quam
2019 957 2089 1012 ob
2123 974 2343 1016 causam
2374 964 2630 1032 impetum
2681 982 2894 1023 omnem
2949 969 3149 1029 furoris
3191 978 3274 1031 sui
3327 979 3382 1035 in

1813 1060 1912 1100 nos
1939 1050 2229 1105 convertit.
2267 1052 2500 1110 Proinde
2530 1058 2785 1125 prmsidcs
2815 1072 3082 1133 quotquot
3121 1067 3382 1140 principis

1812 1138 2045 1205 gratiam
2079 1141 2406 1210 captabant,
2447 1162 2569 1202 cum
2621 1150 3009 1210 scelestissinto
3056 1138 3382 1226 tyranno-id

1810 1227 2025 1296 placere
2055 1231 2442 1304 intelligerent,
2472 1240 2756 1311 episcopos
2783 1246 2979 1312 partim
3013 1248 3204 1305 iisdem
3253 1252 3379 1323 qui-

1809 1321 1914 1376 bus
1944 1324 2216 1381 maleﬁcos
2260 1327 2508 1386 homines
2556 1336 2732 1402 pmnis
2778 1336 3072 1394 identidem
3119 1321 3378 1413 subjicie-

1808 1415 1961 1469 bant.
2023 1414 2209 1486 Itaque
2266 1420 2372 1474 viri
2427 1425 2516 1492 qui
2581 1426 2714 1480 nihil
2770 1429 2897 1482 mali
2950 1434 3374 1500 commiserant,

1812 1505 2014 1576 absque
2050 1509 2156 1563 ulla
2204 1526 2368 1566 causa
2420 1515 2848 1586 abducebantnr,
2915 1529 2968 1575 et
3011 1524 3375 1591 puniebantur

1807 1599 2033 1667 perinde
2079 1615 2146 1655 ac
2175 1601 2377 1658 sicarii.
2414 1605 2644 1672 Quidam
2691 1624 2819 1664 vero
2874 1627 3070 1674 novum
3107 1617 3374 1683 quoddam

1807 1691 1997 1746 mortis
2033 1707 2204 1762 genus
2237 1696 2593 1764 pertulerunt,
2615 1715 2848 1770 corpore
2873 1704 2927 1760 in
2961 1707 3161 1763 multas
3191 1720 3374 1780 partes

1805 1780 2078 1842 frustatim
2121 1786 2368 1853 conciso;
2407 1798 2462 1843 et
2501 1799 2621 1859 post
2660 1801 2814 1848 atrox
2861 1795 3167 1864 hujusmodi
3210 1812 3376 1870 atque

160 1857 304 1932 στάτῃ
326 1862 585 1934 φωστῆρα
610 1865 781 1934 μέγαν
802 1867 1011 1940 ἀθρόως
1033 1844 1127 1923 καὶ
1156 1871 1377 1941 σωτῆρα
1395 1875 1507 1935 τοῖς
1534 1844 1684 1926 πᾶσα

2355 1844 2367 1853 ,
2503 1844 2515 1859 .
2547 1844 2556 1845 κ
2609 1844 2614 1845 ν
2669 1844 2814 1848 νυνπ
2863 1844 3167 1864 ---δ·-----ν--
3210 1844 3373 1870 ιιι-’νυν

1805 1872 2135 1929 horrendum
2161 1880 2556 1947 spectaculum,
2595 1882 2762 1954 398
2823 1895 2881 1940 ut
2921 1887 3158 1956 piscibus
3189 1891 3373 1948 cibum

156 1946 522 2020 ἐξέλαμψε,τὸν
551 1956 714 2009 αὐτοῦ
745 1957 1051 2030 θεράποντα
1073 1963 1480 2015 Κωνσταντῖνον
1511 1963 1684 2036 ὑψηλᾷ

157 2036 199 2056 ον
277 2041 288 2056 ,
399 2044 411 2056 .
465 2044 477 2056 .
551 2047 561 2056 .
645 2048 705 2056 --
1049 2054 1056 2056 -

1803 1969 2171 2036 przeberentin
2194 1971 2514 2029 altissimum
2544 1993 2693 2032 mare
2721 1978 2970 2047 projecti.
2995 1981 3243 2038 Posthaac
3273 1985 3376 2056 igi-

155 2036 364 2110 βραχίονι
394 2044 487 2097 ἐπὶ
508 2047 576 2100 τὰ
609 2048 732 2119 τῇδε
756 2054 1190 2123 χειραγωγήσας.

1805 2068 1892 2112 tur
1913 2060 2003 2113 Dei
2025 2061 2261 2117 cultores
2281 2063 2460 2135 fugam
2490 2067 2630 2123 inire
2646 2070 2824 2124 denuo
2851 2083 3155 2142 coeperunt.
3175 2036 3371 2131 [tergm

153 2131 270 2200 agri,
297 2133 484 2188 iterum
500 2138 844 2208 solitudines,
867 2145 1059 2199 iterum
1079 2155 1294 2203 montes
1317 2163 1380 2204 ac
1396 2148 1542 2204 silva:
1566 2149 1799 2206 famulos
1816 2153 2020 2209 Christi
2045 2169 2349 2223 suscepere.
2369 2157 2498 2224 Quze
2519 2175 2640 2214 cum
2668 2162 2732 2216 ad
2750 2165 2891 2220 hunc
2911 2167 3127 2221 modum
3160 2168 3372 2240 impiis-

151 2221 267 2276 simo
289 2233 513 2295 tyranno
530 2232 906 2299 succederent,
925 2236 1181 2308 deinceps
1199 2241 1632 2308 persecutionem
1661 2243 1924 2298 adversus
1950 2259 2140 2300 omnes
2162 2245 2499 2305 Christianos
2517 2253 2758 2308 excitare
2785 2256 2838 2310 in
2861 2258 3102 2312 animum
3129 2259 3364 2318 induxit.

151 2309 215 2412 Ac
231 2316 400 2422 procul
421 2318 588 2374 dubio
611 2323 724 2376 voti
749 2324 830 2378 sui
859 2341 1081 2397 compos
1099 2333 1424 2397 exstitisset,
1445 2350 1542 2390 nec
1558 2335 1605 2390 ei
1633 2337 1928 2407 quidquam
1947 2340 2250 2396 obstitisset
2271 2345 2560 2411 quominus
2577 2362 2688 2401 rem
2709 2348 2776 2403 ad
2799 2351 3002 2405 exitum
3030 2353 3369 2422 perduceret;

1652 2401 1665 2405 _
1780 2401 1797 2407 -
2289 2401 2302 2411 .
2716 2401 2775 2403 η
3030 2401 3368 2422 r---_-----,

156 2401 240 2457 uisi
251 2403 562 2462 famulorum
576 2426 794 2467 suorum
811 2430 1176 2488 propugnator
1199 2421 1360 2487 Deus,
1382 2425 1433 2478 id
1453 2431 1596 2495 quod
1611 2427 1978 2482 futurumerat
1993 2430 2276 2487 celerrime
2289 2438 2646 2502 pmveniens,
2666 2439 3082 2497 Constantinum
3107 2442 3368 2502 famulum

156 2508 304 2598 suum,
319 2508 574 2571 tanquam
591 2505 930 2598 splendidum
945 2514 1216 2582 quoddam
1231 2532 1294 2572 ac
1310 2517 1546 2574 salutare
1563 2519 1887 2591 lucisjubar,
1905 2523 1956 2576 in
1975 2525 2240 2593 profunda
2253 2527 2480 2598 caligine
2493 2540 2546 2585 et
2564 2532 2614 2585 in
2636 2535 3018 2590 obscurissima
3032 2547 3189 2592 nocte
3201 2539 3372 2592 omni-

154 2583 236 2642 bus
255 2601 466 2660 repente
493 2597 840 2668 ostendisset,
861 2603 1218 2678 eumdemque
1235 2608 1288 2664 in
1313 2608 1541 2668 brachio
1561 2612 1777 2668 excelso
1801 2615 1868 2669 ad
1886 2614 1984 2670 has
2006 2627 2188 2686 partes
2205 2621 2363 2689 quasi
2390 2637 2549 2677 manu
2577 2625 2970 2693 apprehensum
3004 2627 3365 2698 perduxisset.

655 2734 1047 2796 ΚΕΦΑΛΑΙΟΝ
1084 2743 1161 2800 Θν.

2409 2759 2636 2816 CAPUT
2675 2760 2766 2815 IX.

154 2842 403 2935 mplfﬁc
420 2846 600 2950 ζίοςης
621 2853 1079 2950 Ιςὲνστξιντίνρέ)
1102 2862 1199 2914 καί
1229 2860 1347 2916 τῶν
1377 2866 1480 2920 ὑπ’
1507 2867 1684 2922 αὐτοί

211 2929 414 2950 τηηιυηγ
469 2935 588 2950 οαὶμ
711 2941 830 2950 ’.ιιι-
863 2943 940 2950 ι.--
1077 2947 1113 2950 _,
1158 2933 1208 2950 ,,l
1316 2937 1328 2950 ο
1473 2935 1534 2950 In)

1799 2867 1875 2925 De
1895 2870 2115 2950 vietoer
2146 2873 2483 2950 Constantini
2505 2886 2600 2950 ,μοι
2630 2878 2692 2929 de
2727 2876 2875 2932 bonis
2908 2877 3262 2950 qumcunctis
3303 2878 3363 2934 in

335 2916 448 3016 ego
469 2918 588 3016 ἷῂν
642 2921 940 3016 Ῥωμαίων
995 2928 1284 2993 ἐξουσίαν
1299 2935 1684 3004 ὑπαρξάντων

1799 2911 1872 2925 ..υ
1898 2911 2115 2925 ..ν.ν....
2146 2911 2441 2928 “suun...”
2465 2911 2480 2928 .
2548 2911 2596 2928 ς.
2630 2911 2690 2929 π
2727 2911 2874 2932 wn...
2945 2911 3019 2929 ιιω
3058 2911 3252 2932 ωυιοιη

1901 2943 2022 2997 orbe
2063 2941 2297 2998 Romano
2324 2911 2625 3014 dege‘nl’ibus
2647 2962 2738 3014 per
2762 2961 2879 2999 eum
2908 2911 3252 3016 Zorttigerunt.

226 2982 328 3038 Nic.
361 2986 433 3041 Il.
467 2982 537 3042 E.
571 3005 671 3055 vn,
698 2982 786 3053 45’.
809 2994 920 3055 46).

207 2983 328 3051 (Νίεο
361 2986 433 3041 Η.
467 2983 537 3042 Ε,
571 3005 671 3055 νη,
698 2983 786 3053 45".
809 2994 920 3067 46).
1042 2983 1056 2993 '
1112 2983 1115 2984 ν
1148 2983 1159 2985 -
1306 2983 1556 3004 νην-,νη
1582 2983 1676 2992 -..η

205 3075 370 3149 Τούτῳ
411 3079 512 3151 μὲν
565 3077 658 3135 οὖν
699 3085 807 3157 (85)
847 3087 1050 3142 ἄνωθεν
1095 3091 1154 3160 ἐξ
1201 3095 1432 3166 οὐρανοῦ
1480 3099 1684 3172 καρπὸν

1902 2983 2020 2997 ν.-.
2063 2983 2296 2998 .............
2324 2983 2625 3014 ...,......,....
2647 2983 2726 3014 μυ.
2762 2983 2879 2999 η...
2908 2983 3252 3016 μυκηυωηηι.

1862 3090 1928 3146 Ει
1951 3092 2078 3148 huic
2103 3094 2320 3162 quidem
2357 3095 2638 3151 victoriam
2676 3112 2739 3151 ac
2769 3099 3096 3168 triumphum
3136 3099 3203 3154 de
3253 3099 3359 3155 im-

151 3165 391 3234 εὖσεὸείας
419 3174 662 3240 ἐπάξιον,
693 3177 760 3230 τά
784 3179 1016 3250 τρόπαια
1046 3184 1146 3255 τῆς
1179 3188 1318 3241 κατὰ
1346 3189 1453 3241 τῶν
1481 3191 1689 3243 ἀσεϐῶν

150 3262 343 3350 παρεῖχε
385 3264 572 3334 νίκηςο
604 3267 695 3320 τὸν
726 3267 772 3321 δ’
794 3269 1090 3342 ἀλιτήριον,
1137 3277 1318 3343 αὐτοῖς
1366 3279 1688 3350 συμϐούλοις

149 3346 292 3403 ἅπασι
317 3354 405 3406 καὶ
439 3355 634 3422 φίλοις,
662 3357 767 3411 ὑπὸ
786 3363 895 3423 τοῖς
925 3363 1332 3419 Κωνσταντίνου
1357 3369 1482 3420 ποσὶ
1503 3370 1685 3440 πρηνῆ

146 3441 423 3501 κατέϐαλεν.
466 3447 553 3511 Ὡς
577 3448 686 3521 γὰρ
712 3451 790 3514 είς
809 3451 1009 3523 ἔσχατα
1051 3457 1248 3526 μανίας
1275 3457 1342 3510 τά
1381 3461 1500 3512 κατ’
1523 3461 1685 3515 αὐτὸν

142 3530 358 3600 ἡλαυνεν,
383 3538 561 3592 οὐκέτ’
584 3542 810 3595 ἀνεκτὸν
838 3539 974 3597 εἶναι
991 3546 1346 3618 λογισάμενος
1380 3549 1628 3620 βασιλεὺς
1654 3555 1684 3607 ὁ

142 3623 204 3694 τῷ
218 3625 324 3699 Θεῷ
337 3630 506 3698 φίλος,
522 3633 615 3685 τὸν
643 3632 890 3705 σώφρονα
917 3640 1240 3709 συναγαγὼν
1263 3641 1520 3713 λογισμὸν
1545 3643 1679 3713 (84),

108 3707 217 3771 ’καὶ
249 3721 332 3775 τὸν
376 3726 602 3796 στερρὸν
658 3727 753 3781 τοῦ
802 3729 1008 3783 δικαίου
1048 3707 1248 3805 τρόπον
1303 3707 1681 3810 φιλανθρωπίᾳ

140 3816 499 3885 κερασάμενος,
548 3818 785 3890 ἄσμενος
817 3823 1091 3893 ἐπαμῦναι
1123 3826 1292 3896 κρίνει
1321 3830 1435 3889 τοῖς
1465 3829 1569 3882 ὑπὸ
1604 3829 1681 3900 τῷ

137 3903 349 3976 τυράννῳ
387 3907 941 3981 ταλαιπωρουμένοις,
968 3913 1064 3967 καὶ
1103 3916 1164 3968 τό
1206 3932 1269 3984 γε
1302 3915 1550 3969 πλεῖστον
1588 3919 1681 3971 ἀν-

138 3992 336 4064 θρώπων
369 4001 546 4068 γένος,
591 4002 811 4073 βραχεῖς
849 4003 1130 4074 λυμεῶνας
1168 4005 1410 4061 ἐκποδὼν
1453 4009 1681 4080 ποιησά-

139 4103 291 4154 μενος,
325 4093 706 4147 ἀνασώσασθαι
743 4095 996 4166 ὁρμᾶται.
1030 4099 1183 4173 Μόνη
1211 4101 1320 4173 γάρ
1352 4101 1500 4171 αὐτῷ
1534 4120 1676 4172 χρω-

138 4183 260 4250 μένῳ
282 4186 464 4255 φιλανθ
472 4189 654 4260 ρωπίᾳ
675 4189 763 4241 τὸν
798 4189 902 4261 πρὸ
933 4191 1120 4245 τούτου
1145 4195 1354 4263 χρόνον,
1384 4196 1476 4248 καὶ
1507 4197 1595 4248 τὸν
1614 4197 1674 4249 οὐ

136 4277 438 4345 συμπαθείας
487 4279 636 4344 ἀξιον
688 4280 941 4346 ὲλεοῦντι,
995 4283 1073 4354 τῷ
1129 4286 1228 4357 μὲν
1270 4286 1419 4340 οὐδὲν
1466 4287 1675 4355 ἐγίνετο

1790 3182 1914 3252 piis,
1942 3193 2197 3254 tanquam
2240 3190 2517 3255 praemium
2547 3188 2662 3256 ejus
2697 3190 2883 3257 pietati
2927 3191 3167 3245 debitum
3203 3193 3360 3247 coali-

1792 3285 1881 3328 tus
1910 3275 2138 3346 largitus
2165 3288 2248 3333 est
2277 3279 2434 3333 Deus.
2469 3279 2620 3335 lllum
2651 3297 2778 3336 vero
2803 3282 3067 3337 nefarium
3098 3298 3206 3337 una
3231 3299 3356 3340 cum

1786 3371 2036 3426 onmibus
2105 3373 2435 3429 consiliariis
2483 3375 2648 3444 ipsius
2707 3387 2762 3429 et
2825 3376 3048 3441 amicis,
3124 3378 3356 3446 pedibus

1785 3459 2128 3519 Constantini
2171 3480 2398 3534 pronum
2445 3468 2758 3524 substravit.
2794 3467 2928 3521 Nam
2977 3483 3098 3522 cum
3145 3469 3236 3524 ille
3284 3471 3353 3524 ad

1785 3569 2049 3610 summam
2083 3568 2458 3628 prorumperet
2498 3559 2768 3614 insaniam
2797 3603 2812 3627 ,
2863 3575 2970 3614 non
3007 3560 3240 3630 amplius
3292 3560 3348 3616 id

1784 3646 2064 3702 ferendum
2097 3659 2247 3704 ratus
2293 3649 2399 3705 Deo
2449 3651 2647 3706 charus
2677 3652 2993 3719 imperator,
3047 3651 3348 3707 modestam

1782 3754 1847 3794 ac
1889 3739 2132 3794 sobriam
2170 3743 2222 3796 in
2259 3757 2318 3796 se
2360 3744 2623 3813 colligens
2664 3755 2935 3809 mentem,
2994 3753 3048 3800 et
3101 3759 3346 3800 severum

1776 3830 2001 3899 iustitiae
2030 3833 2268 3904 vigorem
2297 3835 2582 3889 clementia
2613 3846 2943 3906 temperans,
2962 3836 3350 3892 libentianimo

1780 3935 1934 3990 opem
1964 3921 2109 3976 ferre
2140 3923 2326 3976 statuit
2350 3925 2414 3978 iis
2445 3926 2534 3992 qui
2560 3940 2588 3978 a
2619 3934 2849 3996 tyranno
2873 3927 3342 3995 opprimebantur,

1778 4023 1833 4066 et
1865 4013 2054 4082 paucis
2087 4013 2332 4081 pestibus
2357 4028 2386 4067 e
2421 4016 2601 4070 medio
2627 4017 2883 4080 sublatis,
2915 4017 3346 4073 innumerabiles

1778 4113 1945 4169 prope
1976 4102 2223 4158 homines
2253 4118 2494 4158 servare.
2535 4104 2668 4159 Cum
2705 4106 2848 4160 enim
2895 4116 3056 4161 antea
3083 4107 3195 4163 sola
3232 4107 3345 4163 cle-

1779 4193 1980 4246 mentia
2007 4204 2136 4248 usus
2159 4193 2374 4260 fuisset,
2421 4204 2475 4250 et
2501 4195 2774 4250 hominem
2809 4197 2953 4250 nulla
2995 4199 3347 4255 miseratione

1778 4283 2000 4352 dignum
2031 4291 2178 4339 esset
2213 4285 2500 4341 miseratus
2539 4301 2552 4337 :
2587 4287 2637 4341 ei
2670 4287 2887 4356 quidem
2935 4288 3067 4342 nihil
3112 4287 3338 4358 profuit,

134 4365 285 4433 πλέον,
321 4371 417 4442 τῆς
451 4371 653 4435 κακίας
693 4373 794 4427 οὐκ
833 4374 1313 4449 ἀπαλλαττομένῳ,
1359 4377 1573 4442 αὔξοντι
1616 4378 1672 4432 δὲ

1787 4375 1974 4444 quippe
1997 4375 2091 4445 qui
2116 4392 2145 4429 a
2169 4377 2400 4446 pristina
2433 4379 2776 4450 improbitate
2813 4395 3150 4450 nequaquam
3172 4382 3340 4436 desti-

135 4458 302 4524 μᾶλλον
328 4461 422 4533 τὴν
455 4462 602 4516 κατά
626 4463 734 4517 τῶν
760 4465 1088 4537 ὑποχειρίων
1111 4467 1278 4521 ἐθνῶν
1301 4466 1516 4530 λύτταν,
1560 4469 1672 4530 τοῖς

1787 4465 1924 4531 lerit,
1967 4466 2096 4535 quin
2132 4467 2309 4536 potius
2339 4470 2541 4525 rabiem
2584 4471 2845 4525 adversus
2873 4470 3119 4526 subditos
3161 4471 3338 4526 inten-

132 4548 174 4601 δὲ
202 4555 544 4626 κακουμένοις
583 4555 731 4620 οὔτις
782 4557 1024 4611 ἐλείπετο
1053 4559 1326 4631 σωτηρίας
1356 4558 1532 4622 ἐλπὶς,
1568 4557 1673 4610 ὑπὸ

129 4637 259 4712 dum?)
294 4643 462 4716 θηρίῳ
492 4647 1010 4717 καταπονουμένοις.
1040 4649 1134 4702 Διδ
1173 4648 1237 4720 δὴ
1272 4647 1350 4719 τῷ
1392 4646 1674 4718 φιλαγάθῳ

133 4733 264 4801 μίξας
283 4737 339 4790 τὸ
361 4739 728 4809 μισοπόνηρον
747 4740 775 4791 ὁ
801 4739 907 4792 τῶν
929 4739 1148 4808 ἀγαθῶν
1175 4741 1408 4812 ἀρωγὸς,
1428 4740 1674 4813 πρόεισιν

130 4825 223 4895 ἅμα
253 4831 395 4883 παιδὶ
426 4829 664 4901 Κρίσπῳ
703 4829 909 4899 βασιλεῖ
945 4830 1456 4904 φιλανθρωποτάτῳ,
1496 4831 1672 4900 σωτή-

1775 4555 1938 4610 derit.
1975 4557 2261 4627 Oppressis
2293 4575 2426 4615 vero
2461 4561 2605 4615 nulla
2645 4560 2755 4631 jam
2787 4575 2912 4630 spes
2935 4561 3125 4616 salutis
3145 4576 3337 4632 super-

1772 4656 1923 4713 erat,
1957 4662 2093 4718 quos
2130 4651 2383 4707 immanis
2411 4652 2500 4706 illa
2535 4652 2710 4708 bellua
2741 4652 3120 4709 crudelissime
3168 4666 3337 4707 vexa-

1774 4739 1886 4793 bat.
1908 4740 2178 4807 Quocirca
2204 4742 2466 4797 bonorum
2509 4755 2880 4815 propugnator
2925 4743 3331 4809 Constantinus,

1772 4822 1943 4886 amori
2008 4835 2228 4890 virtutis
2275 4836 2508 4892 miscens
2559 4821 2742 4893 odium
2796 4836 3180 4906 improbitatis,
3225 4852 3332 4893 una

1769 4939 1890 4980 cum
1912 4923 2022 4980 tilio
2041 4925 2232 4998 Crispo
2251 4926 2678 4984 clementissimo
2697 4929 2911 4984 Caesare
2926 4926 3327 4996 expeditionem

1766 5017 2051 5085 suscepit,
2095 5017 2393 5073 salutarem
2428 5021 2674 5074 dextram
2727 5021 2939 5076 cunctis
2975 5022 3327 5091 pereuntibus

1763 5108 2065 5177 porrigens.
2087 5108 2262 5163 Ambo
2278 5092 2463 5178 igitur,
2480 5119 2631 5178 pater
2646 5109 2894 5164 videlicet
2916 5127 2979 5167 ac
3001 5112 3162 5177 ﬁlius,
3186 5125 3330 5165 sum-

1763 5215 1850 5254 mo
1871 5201 2109 5255 omnium
2140 5215 2270 5272 rege
2295 5218 2358 5256 ac
2375 5201 2671 5258 Servatore
2697 5203 2787 5256 Dei
2805 5203 2942 5258 Filio
2959 5221 3022 5260 ac
3043 5205 3169 5271 Deo,
3190 5206 3324 5260 duce

1758 5290 2247 5363 399etadjutore
2280 5293 2421 5359 fulti,
2448 5294 2561 5349 acie
2585 5294 2725 5349 inter
2754 5310 2813 5350 se
2828 5296 2991 5351 divisa
3016 5296 3215 5366 Deique
3229 5298 3326 5353 ho-

129 4936 219 4986 ριον
248 4920 416 4986 δεξιάν
445 4923 620 4976 ἅπασι
654 4924 766 4984 τοῖς
794 4921 1184 4991 ἀπολλυμένοις
1236 4923 1480 4985 ἐκτείνας
1503 4939 1516 4954 ο
1570 4917 1669 4975 εἷθ’

125 5004 194 5062 οἶα
236 5015 561 5084 παμϐασιλεί
601 5014 740 5084 Θεῷ,
783 5015 915 5068 Θεοῦ
958 5016 1114 5068 Παιδὶ
1155 5016 1367 5086 Σωτῆρι
1413 5015 1668 5068 ἀπάντων

125 5103 313 5175 ποδηγῷ
333 5107 426 5160 καὶ
455 5106 732 5178 συμμάχῳ
753 5105 1046 5178 χρώμενοι,
1069 5107 1247 5180 πατὴρ
1269 5109 1384 5177 ἅμα
1412 5107 1506 5160 καὶ
1530 5106 1663 5172 υἱὸς,

125 5193 259 5266 ἄμφω
282 5192 460 5272 κῦκλῳ
489 5200 756 5263 διελόντες
785 5200 883 5270 τὴν
926 5199 1069 5253 κατά
1107 5199 1214 5252 τῶν
1249 5199 1515 5269 θεομισῶν
1556 5215 1663 5250 πα-

124 5287 313 5358 ράταξιν
366 5293 556 5366 όᾳδίαν
594 5292 694 5363 τὴν
738 5291 893 5363 νίκην
932 5291 1316 5362 ἀποφέρονται,
1366 5289 1475 5344 τῶν
1521 5289 1660 5343 κατά

1775 5478 1794 5510 r
1831 5458 2132 5514 modestam
2160 5459 2210 5512 in
2251 5473 2309 5514 se
2338 5455 2595 5525 colligens
2620 5465 2876 5511 mentem.
2929 5475 2948 5508 ι
2994 5456 3218 5512 Phrasis
3239 5466 3324 5513 est

1769 5529 2100 5608 Eusebiana.
2139 5530 2231 5586 Sic
2276 5529 2421 5608 ettim
2476 5529 2831 5608 loquittrr‘im
2856 5527 2949 5581 lib.
2987 5542 3066 5608 tu.
3104 5527 3181 5580 De
3214 5529 3322 5582 vita

1769 5598 2120 5664 Constantini,
2145 5614 2263 5664 cap.
2306 5597 2340 5650 5
2367 5609 2419 5651 et
2447 5613 2566 5665 cap.
2599 5598 2690 5650 11.
2719 5598 2788 5649 At
2811 5597 3322 5666 Langus‘interpres

1758 5668 2048 5738 Nicephori
2072 5671 2233 5723 vertit
2266 5684 2285 5719 ι
2306 5668 2642 5722 moderatam
2665 5668 2995 5722 contrahens
3011 5678 3313 5734 mentem,»

1758 5740 1899 5808 quod
1927 5754 2031 5794 non
2063 5739 2256 5809 probo.

175 5454 272 5522 (83)
301 5458 492 5525 Τούτῳ
518 5455 638 5526 μὲν
662 5450 793 5512 οὖν.
842 5456 922 5509 ΑΙ)
950 5456 1030 5510 his
1073 5454 1251 5508 verbis
1285 5464 1448 5522 caput
1509 5453 1539 5508 9
1576 5454 1660 5506 in-

123 5523 402 5582 choavimus
451 5523 469 5582 ἐ
520 5523 702 5594 ⁷(ιιιτιηι
763 5526 1132 5594 conjecturam
1200 5533 1439 5576 nostram
1504 5526 1660 5594 plane

123 5594 414 5651 confirmant
472 5593 829 5653 vetustissim.
867 5593 1024 5649 eodd.
1071 5594 1374 5646 Mazarinus
1402 5603 1456 5646 et
1484 5593 1660 5648 Fuke-

123 5663 286 5738 tianus.
319 5667 373 5721 In
407 5668 610 5738 quibus
633 5666 797 5719 etiam
835 5668 936 5719 hoc
963 5663 1262 5731 capitulum
1289 5671 1539 5718 octavum
1570 5665 1650 5718 di-

123 5735 251 5804 citur,
284 5735 516 5792 recte—ut
545 5752 708 5804 supra
753 5738 953 5804 notavi.

176 5803 270 5876 (84)
317 5797 631 5878 Σώφρονα
660 5803 1017 5876 συναγαγὼν
1071 5801 1386 5874 λογισμόν.
1442 5803 1495 5859 Id
1545 5815 1651 5889 est,
