3860 6492
497 384 603 444 τοι
1161 380 1430 436 EUSEBll
1467 379 1939 438 CESARIENSIS
1975 377 2126 437 OPP.
2167 379 2349 439 PARS
2385 381 2426 438 1.
2464 414 2535 427 -
2570 381 2962 440 HISTOBICA.
3609 380 3704 452 901~

498 485 683 564 stibus‘
723 504 956 575 undique
1010 503 1373 573 circumjecta,
1427 503 1736 573 perfacilem
1789 505 2056 560 victorian“

2171 506 2270 578 τὴν
2311 505 2581 578 συμϐολὴν
2617 507 2834 560 πάντων
2876 506 3374 580 ἐξευμαρισθέντων
3409 511 3572 576 αὐτοῖς
3610 515 3700 573 ὐπὸ

498 595 842 658 retulerunt,
879 603 998 645 cum
1023 591 1160 645 Deus
1189 589 1510 646 inc0nﬂictu
1534 604 1724 648 cuncta
1753 594 1881 663 ipsis
1907 611 2056 665 prout

2172 599 2266 654 τοῦ
2320 599 2453 652 Θεοῦ
2501 599 2638 653 κατὰ
2688 598 2935 672 γνώμην.
2998 599 3228 672 Ἀθρόως
3283 601 3413 672 δῆτα
3459 603 3543 655 καὶ
3565 603 3696 672 λόγοι.

498 693 660 753 atque
691 682 940 751 expedita
975 696 1040 735 ex
1072 681 1235 734 animi
1271 683 1540 737 sententia
1572 686 1932 754 praestitisset.
1964 683 2072 740 Re-

495 785 656 844 pente
683 788 809 842 ergo
858 781 912 826 et
942 771 1087 825 dicto
1121 772 1305 834 citius,
1342 772 1394 826 hi
1430 773 1649 841 quidem
1712 775 1802 842 qui
1847 774 1964 829 heri
2008 791 2071 831 ac

493 864 882 918 nudiustertius
927 864 1103 918 caedes
1160 878 1220 917 ac
1288 865 1466 920 minas
1515 864 1864 932 anhelabant,
1898 868 2071 936 perie-

493 968 623 1012 runt
656 957 919 1022 funditus,
956 972 1021 1012 ac
1054 971 1122 1011 ne
1171 958 1408 1012 nominis
1467 959 1685 1028 quidem
1715 974 1904 1015 eorum
1958 976 2071 1016 me-

493 1053 664 1106 moria
695 1053 1017 1121 permansit.
1052 1049 1324 1122 lmagines
1367 1069 1586 1124 quoque
1631 1069 1820 1109 eorum
1854 1065 1903 1110 et
1937 1056 2067 1110 reli-

493 1156 595 1212 qua
620 1154 984 1209 monumenta,
1017 1157 1256 1213 congrua
1291 1145 1599 1214 ignominia:
1627 1147 1778 1202 labes
1816 1149 2065 1218 aspersit.

491 1233 560 1288 Et
587 1249 706 1302 quae
742 1235 921 1304 impiis
943 1235 1073 1290 olim
1105 1237 1356 1306 tyrannis
1378 1235 1622 1292 Licinius
1645 1238 1759 1308 ipse
1799 1241 1912 1294 suis
1935 1255 2066 1294 ocu-

492 1324 557 1380 lis
585 1326 897 1396 contingere
935 1327 1168 1394 viderat,
1219 1329 1407 1384 eadem
1470 1344 1686 1399 quoque
1715 1331 1877 1385 simili
1909 1333 2066 1388 modo

490 1433 778 1489 perpessus
813 1429 917 1475 est.
955 1421 1166 1475 Etenim
1217 1423 1334 1491 ipse
1384 1422 1547 1478 etiam
1586 1424 1926 1493 disciplinam
1958 1441 2067 1480 non

491 1513 732 1577 admisit,
771 1528 873 1569 nec
897 1513 1132 1569 aliorum
1159 1514 1440 1585 suppliciis
1461 1515 1784 1570 emendatus
1817 1526 1899 1571 est
1924 1533 1938 1570 :
1971 1518 2067 1573 sed

2173 691 2385 754 θᾶττον,
2418 693 2464 745 οί
2490 693 2585 762 μὲν
2611 692 2739 763 χθὲς
2760 693 2852 746 καὶ
2873 693 2981 764 πρὸ
3005 692 3217 764 ἡμέρας
3245 692 3465 747 Θανάτου
3487 695 3700 759 πνέοντες

2171 784 2522 855 καὶάπειλῆς,
2540 781 2867 856 οὐκέτ“ἦσαν
2881 785 2990 856 (85)
3001 785 3138 848 ,οὐδὲ
3159 784 3316 856 μέχρι
3331 785 3570 856 ὀνόματος
3586 803 3698 856 μνη·

2174 875 2544 944 μονευόμενοι’
2569 875 2779 946 γραφαί
2802 891 2861 926 τε
2881 875 3060 928 αὐτῶν
3083 874 3176 928 καὶ
3199 874 3352 944 τιμαὶ
3370 873 3465 944 τὴν
3476 875 3614 941 ἀξίαν
3630 878 3698 928 αί-

2172 965 2370 1037 σχύνην
2390 966 2791 1037 ἀπελάμϐανον.
2810 967 2917 1019 Καὶ
2950 965 2986 1020 ἃ
3020 967 3131 1028 τοῖς
3157 964 3322 1018 πάλαι
3352 964 3610 1019 δυσσεϐἑσι
3625 985 3697 1020 τυ-

2171 1055 2381 1126 ράννοις
2432 1054 2638 1108 ἐπεῖδεν
2693 1055 2874 1118 αὐτοῖς
2911 1055 3208 1125 ὀφθαλμοῖς
3235 1053 3515 1118 Λικίννιος,
3559 1055 3698 1108 ταῦτα

2168 1146 2369 1217 ὁμοίως
2405 1149 2498 1200 κα)⁹
2535 1145 2698 1210 αὐτὸς
2736 1146 2992 1218 ἔπασχεν,
3046 1149 3126 1201 ὅτι
3176 1147 3298 1218 μηδ’
3329 1147 3486 1212 αὐτὸς
3519 1146 3697 1213 ἐδέξατο

2167 1239 2434 1305 παιδείαν,
2462 1240 2597 1311 μηδὲ
2628 1243 2752 1304 ταῖς
2771 1224 2875 1295 τῶν
2907 1240 3076 1304 πέλας
3095 1239 3462 1313 ἐσωφρονίσθη
3494 1235 3699 1312 μάστιξι·

2165 1329 2264 1402 τὴν
2302 1330 2489 1400 ὁμοίαν
2530 1329 2577 1382 δ’
2604 1329 2833 1394 ἐκείνοις
2868 1332 2966 1402 τῆς
3007 1330 3260 1393 ἀσεϐείας
3301 1329 3560 1401 μετελθὼν
3584 1331 3696 1395 ὁδὸν,

2167 1422 2260 1474 ἐπὶ
2306 1422 2399 1475 τὸν
2435 1421 2548 1476 ῐσον
2602 1423 2788 1486 αὐτοῖς
2838 1423 3061 1486 ἐνδίκως
3093 1421 3423 1493 περιηνέχθη
3471 1422 3698 1492 κρημνόν.

2179 1513 2318 1567 Ἀλλ’
2345 1506 2500 1579 οὗτος
2550 1515 2646 1586 μὲν
2673 1513 2848 1588 ταύτῃ
2881 1532 2956 1586 πη
2999 1514 3330 1585 βεϐλημένος
3368 1513 3553 1567 ἔκειτο.
3590 1515 3638 1567 Ὃ
3663 1512 3698 1567 δ’

2167 1608 2335 1679 ἀρετῇ
2372 1606 2522 1678 πάσῃ
2554 1606 2865 1670 θεοσεϐείας
2899 1606 3189 1677 ἐκπρέπων
3232 1605 3483 1676 μέγιστος
3509 1605 3698 1676 νικητὴς

2165 1701 2596 1764 Κωνσταντῖνος,
2639 1700 2737 1752 σὺν
2776 1698 2929 1752 παιδὶ
2979 1697 3210 1769 Κρίσπῳ
3247 1695 3454 1768 βασιλεῖ
3497 1693 3700 1764 θεοφιλε-

489 1605 736 1660 eatndem
772 1620 936 1675 quam
972 1606 1282 1675 superiores
1316 1607 1390 1660 illi
1431 1607 1571 1660 viam
1599 1606 1895 1675 impietatis
1931 1608 2068 1664 insi-

488 1701 666 1759 stetis,
696 1696 892 1750 merito
918 1695 971 1748 in
994 1695 1243 1750 eumdem
1270 1711 1392 1750 cum
1426 1694 1531 1750 illis
1582 1696 1738 1752 exitii
1795 1698 2066 1768 gurgitem

490 1795 574 1840 est
596 1786 871 1856 delapsus.
908 1786 974 1840 Et
1012 1787 1101 1841 hic
1133 1787 1356 1856 quidem
1390 1789 1457 1843 ad
1485 1788 1631 1842 hunc
1667 1791 1887 1844 modum
1941 1805 2056 1859 per-

2169 1791 2346 1860 στάτῳ
2366 1791 2460 1843 καὶ
2481 1791 2620 1843 κατά
2643 1791 2824 1844 πάντα
2847 1790 2941 1843 τοῦ
2970 1789 3173 1860 πατρὸς
3195 1789 3387 1859 ὁμοίῳ,
3408 1789 3502 1858 τὴν
3526 1787 3699 1840 οἰκείαν

489 1893 681 1933 cussus
713 1877 988 1933 occubuit.
1034 1878 1427 1934 Constantinus
1476 1894 1606 1936 vero
1630 1880 1882 1936 omnibus
1934 1882 2056 1937 reli-

2169 1881 2311 1953 ἑῴαν
2356 1881 2763 1952 ἀπελάμϐανονο
2804 1883 2900 1934 καὶ
2955 1882 3082 1952 μίαν
3125 1879 3414 1950 ἡνωμένην
3459 1878 3550 1948 τὴν
3588 1878 3699 1930 Ῥω·

491 1967 670 2036 gionis
699 1967 1016 2022 -virtutibus
1046 1978 1292 2034 ornatus,
1345 1978 1400 2023 et
1436 1970 1617 2025 victor
1637 1972 1928 2037 maximus,
1961 1988 2056 2026 una

2170 1972 2344 2042 μαίων
2394 1973 2533 2026 κατά
2568 1973 2630 2026 τὸ
2685 1973 2913 2025 παλαιὸν
2961 1973 3217 2041 παρεῖχον
3250 1969 3444 2041 ἀρχὴν,
3488 1968 3576 2038 τὴν
3621 1964 3698 2019 ἀπ’

489 2073 612 2113 cum
656 2058 768 2112 filio
816 2059 1010 2128 Crispo
1047 2061 1261 2115 Caasare
1305 2061 1417 2115 Deo
1450 2062 1772 2117 charissima
1826 2072 1882 2117 et
1922 2065 2056 2132 patri

2165 2064 2470 2134 ἀνίσχοντος
2507 2064 2657 2136 ἡλίου
2701 2066 2881 2118 πᾶσαν
2921 2065 2978 2116 ἐν
3009 2062 3193 2133 κύκλῳ
3223 2061 3368 2116 κατά
3410 2060 3596 2130 θάτερα
3623 2056 3700 2128 τῆς

489 2148 851 2218 undequaque
877 2150 1176 2214 simillimo,
1218 2150 1494 2207 Orientem
1527 2167 1684 2208 suum
1727 2154 1953 2222 recepit,
2011 2163 2056 2210 el

2164 2150 2507 2222 οίκουμένης,
2559 2151 2760 2222 ἄρκτον
2805 2169 2864 2205 τε
2914 2150 3050 2222 ὁμοῦ
3102 2151 3195 2203 καὶ
3241 2147 3595 2220 μεσημϐρίαν,
3637 2148 3700 2208 εἰς

489 2237 780 2308 imperium
815 2239 1144 2308 Romanum,
1185 2242 1330 2298 sicut
1371 2243 1500 2297 olim
1559 2241 1760 2309 fuerat,
1795 2245 1850 2300 in
1899 2259 2056 2298 unum

2165 2241 2366 2313 ἔσχατα
2411 2243 2675 2314 δυομένης
2725 2244 2936 2315 ἡμέρας
2987 2243 3092 2296 ὐπὸ
3133 2243 3231 2314 τὴν
3289 2242 3467 2294 αὐτῶν
3511 2242 3698 2308 ἄγοντες

479 2341 690 2397 corpus
725 2329 930 2398 redegit
957 2345 971 2381 :
1009 2332 1325 2386 universum
1353 2331 1539 2387 orbem
1572 2341 1844 2388 terrarum
1873 2336 1965 2404 qui
1993 2337 2056 2390 ab

2165 2338 2383 2408 είρήνην
2415 2337 2548 2408 (86).
2585 2336 2857 2408 Ἀφῄρητο
2877 2336 3008 2404 γοῦν
3038 2335 3094 2402 ἐξ
3149 2334 3456 2407 ἀνθρώπων
3483 2335 3579 2386 πᾶν
3604 2331 3698 2393 δέος

485 2417 701 2473 oriente
732 2417 846 2473 sole
879 2419 948 2474 ad
977 2420 1198 2475 ultimas
1237 2435 1408 2491 usque
1445 2421 1754 2476 occidentis
1785 2438 1910 2478 oras
1939 2439 2056 2494 pro-

2162 2427 2270 2480 τῶν
2288 2427 2416 2498 πρὶν
2433 2427 2626 2491 αὐτοὺς
2638 2427 2952 2492 πιεζόντων,
2971 2426 3227 2498 λαμπρὰς
3237 2426 3284 2478 δ’
3307 2425 3515 2478 ἐτέλουν
3528 2422 3610 2475 καὶ
3626 2439 3702 2473 πα-

2163 2517 2462 2589 νηγυρικὰς
2511 2518 2715 2588 ἑορτῶν
2759 2517 3009 2589 ήμέρας’
3057 2513 3126 2588 ἦν
3176 2517 3233 2570 δὲ
3301 2517 3474 2586 φωτὸς
3523 2513 3698 2584 ἔμπλεα

2163 2610 2362 2674 πάντα,
2391 2611 2486 2664 καὶ
2512 2609 2757 2682 μειδιῶσι
2785 2608 3116 2681 προσώποις,
3144 2607 3362 2679 δμμασί
3388 2624 3445 2660 τε
3488 2605 3701 2676 φαιδροῖς

2161 2705 2212 2758 οί
2241 2704 2370 2775 πρὶν
2404 2705 2668 2774 κατηφεῖς
2715 2701 2974 2773 ἀλλήλους
3015 2700 3265 2764 ἔϐλεπον,
3303 2700 3508 2770 χορεῖαι
3541 2696 3638 2767 (87)
3663 2694 3698 2746 δ’

2162 2797 2344 2862 αὐτοῖς
2403 2797 2498 2850 καὶ
2549 2794 2706 2866 ῦμνοι
2759 2793 2900 2846 κατά
2938 2791 3116 2860 πόλεις
3171 2789 3314 2861 ὁμοῦ
3368 2789 3461 2842 κα)⁸
3511 2787 3699 2858 ἀγροὺς,

2160 2887 2256 2941 τὸν
2323 2884 2670 2958 παμϐασιλέα
2727 2883 2857 2937 Θεὸν
2912 2881 3192 2955 πρώτιστα
3244 2882 3504 2945 πάντων,
3543 2877 3698 2945 ὁτιδὴ

2161 2980 2304 3034 τοῦτ’
2344 2977 2733 3048 ἐδιδάχθησαν,
2822 2974 3057 3028 κᾶπειτα
3106 2971 3198 3025 τὸν
3250 2971 3454 3042 εὐσεϐῆ
3513 2967 3701 3041 βασιλέα

2162 3071 2348 3126 παισίν
2370 3071 2484 3142 ἅμα
2505 3067 2804 3138 θεοφιλέσιν
2827 3067 3132 3137 ἐγέραιρον.
3165 3063 3373 3116 Κακῶν
3395 3063 3439 3116 δ’
3466 3058 3699 3132 ἀμνηστία

490 2509 753 2575 tenditur,
787 2525 908 2565 cum
954 2510 1301 2583 circumfusis
1324 2512 1581 2582 utrinque
1613 2514 1923 2586 regionibus
1955 2525 2063 2570 tam

486 2602 555 2656 ad
580 2605 1003 2672 septentrionem
1030 2620 1192 2674 quam
1225 2607 1290 2660 ad
1323 2605 1632 2668 meridiem,
1653 2607 1774 2675 paci
1813 2621 1924 2662 sua:
1943 2609 2065 2663 sub-

481 2691 702 2761 iiciens.
733 2693 920 2764 Itaque
951 2696 1196 2751 homines
1222 2695 1369 2750 omni
1398 2705 1542 2750 metu
1574 2710 1760 2750 eorum
1805 2710 1836 2750 a
1865 2697 2063 2766 quibus

485 2793 648 2839 antea
674 2787 1119 2855 opprimebantur
1147 2786 1362 2856 penitus
1383 2796 1588 2852 amoto,
1617 2786 1785 2842 festos
1803 2788 1916 2842 dies
1938 2803 2060 2844 cum

484 2876 727 2931 maximo
760 2877 1046 2948 splendore
1076 2893 1132 2934 et
1163 2879 1482 2936 celebritate
1501 2891 1748 2952 egerunt.
1775 2881 1890 2938 Lux
1915 2898 2062 2955 quae-

484 2966 612 3021 datn
635 2966 1036 3036 jucundissima
1084 2969 1407 3040 superfundi
1438 2969 1694 3026 omnibus
1755 2973 2059 3041 videbatur,

482 3065 542 3112 et
571 3061 662 3128 qui
689 3061 836 3129 prius
866 3063 1047 3117 moesti
1087 3061 1322 3128 fuerant,
1350 3071 1479 3118 tunc
1523 3063 1678 3117 hilari
1703 3078 1769 3118 ac
1794 3067 2061 3124 renidenti

484 3148 641 3203 vultu
677 3149 927 3222 laetisque
952 3152 1126 3208 oculis
1157 3168 1218 3208 se
1249 3153 1488 3209 vicissim
1517 3155 1883 3224 aspiciebant.
1919 3159 2059 3214 Cho-

483 3250 594 3307 reis
621 3250 786 3304 etiam
817 3258 874 3304 et
929 3247 1146 3319 hymnis
1182 3256 1294 3302 tam
1341 3262 1439 3317 per
1467 3263 1629 3319 agros
1653 3265 1818 3321 quam
1849 3265 1946 3321 per
1982 3251 2060 3305 ci-

485 3346 701 3410 vitales,
727 3313 1196 3412 primum'quidem
1221 3313 1388 3392 Deum
1419 3313 1868 3410 omniumregem
1896 3351 2058 3410 prout
2086 3313 2130 3374 θ

484 3437 665 3494 edoCti
700 3435 960 3496 fuerant,
992 3431 1192 3486 deinde
1231 3431 1536 3502 piissimum
1562 3433 1970 3504 imperatorem,
1999 3444 2056 3489 et

487 3531 602 3586 Deo
633 3527 984 3582 charissimos
1014 3522 1131 3592 ejus
1157 3523 1298 3579 filios
1325 3525 1700 3581 celebrabant.
1726 3525 1882 3581 Nulla
1920 3541 2059 3595 prae-

489 3622 779 3676 teritarum
831 3616 1233 3681 calamitatum,
1278 3616 1424 3671 nulla
1471 3617 1766 3687 impietatis
1796 3617 2058 3672 memoria

2162 3163 2403 3218 παλαιῶν
2429 3158 2520 3234 ἦν,
2557 3161 2650 3214 καὶ
2690 3159 2825 3231 λήθη
2863 3159 3043 3228 πάσης
3080 3155 3426 3219 δυσσεϐείας,
3455 3152 3700 3226 παρόντων

2161 3258 2208 3312 δ’
2239 3255 2455 3325 ἀγαθῶν
2487 3253 2804 3317 ἀπόλαυσις,
2834 3250 2928 3305 καὶ
2962 3247 3186 3320 προσέτι
3220 3247 3523 3319 μελλόντων
3563 3257 3701 3315 προσ-

2161 3351 2356 3404 δοκίαι.
2388 3347 2674 3402 Ἥπλωντο
2693 3345 2736 3398 δ’
2767 3340 2860 3398 οῦν
2889 3342 3028 3397 κατά
3063 3343 3241 3396 πάντα
3262 3341 3432 3396 τόπον
3461 3337 3551 3392 τοῦ
3572 3351 3700 3405 νικη-

2161 3441 2255 3494 τοῦ
2288 3437 2547 3510 βασιλέως
2579 3435 2984 3508 φιλανθρωπίας
3009 3433 3234 3506 ἔμπλεοι
3267 3431 3554 3496 διατάξεις,
3575 3427 3700 3497 νόμοι

2161 3548 2220 3586 τε
2251 3529 2659 3603 μεγαλοδωρεᾶς
2683 3529 2778 3582 καὶ
2803 3526 3035 3596 ἀληθοῦς
3065 3524 3352 3587 εὐσεϐείας
3385 3521 3702 3595 γνωρίσματα

2163 3623 2520 3695 περιέχοντες.
2557 3619 2712 3675 Οὕτω
2752 3620 2885 3691 δῆτα
2914 3619 3095 3689 πάσης
3118 3617 3437 3688 τυραννίδος
3467 3612 3703 3680 ἐκκαθαρ-

371 4993 374 4996 ’
484 4984 583 5046 ιὶυζ
618 4984 696 5043 De
721 4990 999 5042 clementia
1029 4989 1298 5042 Neronem
1330 4988 1406 5039 ita
1447 4986 1753 5052 loquentem
1793 4984 2042 5039 inducit:

486 3710 844 3782 suppetebat:
879 3708 974 3764 sed
1006 3707 1354 3777 praesentium
1393 3709 1661 3763 bonorum
1695 3708 1910 3764 fructus
1931 3724 2054 3766 cum

2165 3715 2368 3786 θείσης,
2400 3714 2580 3785 μόνρις
2602 3711 2930 3782 ἐφυλάττετο
2961 3710 3029 3766 τά
3055 3711 3152 3782 τῆς
3176 3708 3560 3782 προσηκούσης
3582 3705 3702 3776 βασι-
3745 3708 3750 3711 ’

486 3802 792 3857 futurorum
845 3811 942 3866 spe
994 3806 1162 3866 atque
1202 3798 1606 3866 exspectatione
1629 3799 2052 3867 percipiebatur.

2162 3806 2305 3871 λείας
2327 3805 2517 3877 βέϐαιά
2537 3821 2598 3857 τε
2624 3804 2716 3857 καὶ
2745 3802 3074 3872 ἀνεπίφθονα
3093 3802 3495 3872 Κωνσταντίνῳ
3510 3797 3701 3854 καὶτοῖς

485 3892 933 3964 Proponebantur
955 3890 1153 3959 ubique
1176 3890 1398 3944 victoris
1422 3890 1682 3960 principis
1705 3889 1904 3956 edicta,
1936 3891 2053 3961 ple-

2162 3897 2319 3952 αὐτοῦ
2356 3896 2558 3950 παισίνο
2583 3895 2634 3950 οῖ
2671 3895 2779 3949 τῶν
2805 3894 3291 3967 πρόσθεν¹πάντων
3321 3888 3699 3963 ἀποσμηξαντες

485 4000 556 4041 na
583 3983 933 4039 humanitatis
959 4020 974 4046 ,
1009 3991 1064 4037 et
1086 3982 1228 4052 leges
1267 3981 1609 4038 liberalitatis
1638 3982 1784 4037 illius
1806 3998 1873 4038 ac
1911 3998 2053 4039 veras

2162 3994 2252 4065 τὴν
2273 3990 2595 4062 ,θεοστυγίαν
2608 3989 2700 4043 τοῦ
2718 3989 2855 4060 βίου,
2877 3989 2984 4042 τῶν
3014 3991 3076 4042 ἐκ
3093 3987 3226 4041 Θεοῦ
3253 3982 3700 4057 πρυτανευθέντων

483 4077 707 4151 pietatis
730 4077 928 4133 indicia
957 4077 1324 4146 praeferentes.
1349 4076 1430 4131 Ad
1461 4075 1606 4132 hunc
1637 4076 1803 4148 igitur
1830 4076 2050 4132 modum

2162 4081 2370 4152 ἀγαθῶν
2386 4081 2566 4145 αὐτοῖς
2583 4079 2904 4152 ἡσθημένως
2951 4078 3085 4150 (88),
3099 4079 3160 4132 τὸ
3191 4079 3486 4150 φιλάρετον
3513 4073 3596 4128 καὶ
3610 4070 3699 4123 θεο-

486 4174 770 4246 tyrannica
796 4171 1170 4227 dominatione
1199 4171 1518 4239 exstirpata,
1549 4185 1714 4240 penes
1739 4169 1882 4225 solos
1907 4169 2049 4225 Con-

2162 4171 2407 4243 φιλές,τό
2438 4187 2498 4224 τε
2527 4170 2664 4242 πρὸς
2699 4170 2760 4223 τὸ
2792 4169 2945 4222 Θεῖον
2991 4167 3213 4231 εὐσεϐὲς
3260 4167 3361 4222 καὶ
3392 4165 3696 4236 εὐχάριστον,

483 4268 784 4323 stantinum
814 4267 1065 4334 eiusque
1123 4263 1323 4319 liberos
1379 4262 1663 4333 imperium
1709 4262 2051 4329 Romanum,

2162 4257 2318 4319 δι’ὧν
2376 4265 2456 4328 εις
2517 4257 2791 4334 προῦπτον
2841 4261 3048 4314 ἅπασιν
3109 4258 3427 4331 ἀνθρώποις
3458 4254 3698 4328 παρέσχον

483 4362 628 4430 quod
658 4359 781 4428 iure
803 4359 936 4428 ipsis
959 4355 1327 4425 competebat,
1349 4353 1564 4409 firmum
1591 4365 1646 4409 et
1661 4365 1813 4410 extra
1831 4369 2050 4409 omnem

2162 4358 2309 4429 δρᾷν,
2340 4353 2679 4419 ἐπεδείξαντο
2710 4352 2846 4424 (89).

482 4453 740 4508 invidiam
771 4451 1093 4522 permansit.
1127 4448 1228 4516 Qui
1259 4446 1421 4519 5.00
1448 4449 1662 4516 quidem
1717 4448 1958 4502 omnium
2023 4450 2362 4518 superiorum
2422 4445 2722 4516 principum
2754 4445 3033 4513 impietate
3062 4441 3282 4496 detersa
3311 4449 3478 4509 atque
3535 4451 3565 4490 e
3606 4446 3699 4487 nte-

480 4547 571 4603 dio
613 4544 824 4601 sublata
854 4583 870 4612 ,
941 4544 1205 4598 bonorum
1266 4541 1368 4596 sibi
1422 4539 1679 4595 divinitus
1733 4553 2112 4594 concessorum
2153 4541 2320 4610 probe
2373 4538 2600 4603 conscii,
2655 4535 2890 4594 studium
2924 4534 3142 4589 virtutis
3197 4541 3256 4588 et
3313 4545 3553 4587 amorem
3602 4524 3698 4586 Dei.

555 4710 667 4782 (85)
712 4706 914 4782 οὐκέτ’
945 4702 1223 4782 ἦσανκιη
1241 4701 1706 4782 _codd..Ma_z.‘et
1743 4700 1881 4756 Med.
1922 4703 2056 4782 scri-

2162 4717 2316 4782 quam
2365 4698 2803 4782 xopsiannfferri.
2839 4708 3020 4782 tamen
3065 4705 3359 4782 utcunque
3390 4701 3698 4782 potestALvos

482 4759 1097 4847 bitur’o’axvéo'trfsav.
1142 4773 1199 4828 lu
1237 4771 1373 4828 Fuk.
1413 4772 1513 4826 οὐκ
1555 4770 1854 4844 ἀνέστησαν
1879 4810 1896 4836 ,
1949 4779 2044 4828 sed

2162 4759 2555 4847 iOp-E't'ltf‘ﬁatl]
2605 4770 2899 4825 Christiani
2949 4759 3434 4847 choreas-ducere
3482 4759 3700 4847 solebant

485 4830 971 4916 neutrum-probo:
1165 4914 1183 4916 ῃ
1358 4915 1363 4916 γ
1430 4912 1439 4916 Α
1622 4913 1670 4916 -Α
1740 4830 1781 4916 '_
1879 4830 1892 4836 ’
1996 4913 2007 4916 _
2151 4830 2636 4916 i'n'festivitatibus
2669 4849 2995 4916 martyrum,
3026 4851 3134 4906 quo
3173 4835 3284 4916 illis
3317 4835 3575 4916 honorem
3607 4830 3699 4916 illa:

557 4919 667 4992 (86)
721 4906 866 4992 Ὑπὸ
885 4916 1001 4992 τὴν
1030 4912 1582 4992 αὐτῶν...είρήνην.
1617 4913 1709 4968 Sic
1749 4912 1972 4992 seneca
1994 4913 2048 4966 in

2162 4916 2361 4978 herent,
2387 4925 2684 4980 eorumque
2713 4906 3006 4992 certamina
3039 4923 3103 4988 ac
3131 4907 3406 4992 victorias
3439 4906 3539 4960 hoc
3564 4909 3699 4992 pacto

2149 4976 2511 5043 celebrarent,
2547 4976 2611 5034 ut
2637 4978 3160 5051 scribithregorius
3191 4976 3328 5030 Naz.
3370 4976 3422 5028 in
3458 4976 3698 5051 canuit}?

2148 5036 2254 5108 ltus
2274 5054 2338 5105 ad
2373 5036 2629 5105 mulieres
2661 5050 2931 5104 curiosius
2956 5036 3075 5102 sese
3106 5056 3473 5107 exornantes,
3502 5036 3695 5116 p453.

2148 5123 2345 5177 Contra
2372 5120 2680 5188 huiusmodi
2710 5117 3206 5188 choreasrgraviter
3243 5110 3524 5170 invehitur
3551 5110 3687 5164 Basi-

2150 5193 2255 5247 lius
2293 5191 2534 5258 Magnus,
2563 5191 2783 5245 humilia
2817 5189 2906 5252 14,
2935 5187 3001 5258 In
3024 5189 3356 5258 ebrietatem.
3390 5253 3408 5258 Α
3511 5192 3522 5258 _'

2211 5261 2323 5332 (88)
2361 5249 2756 5334 ’ξίσθὴμένως.
2789 5249 2947 5315 Forte
2981 5257 3268 5327 legendum
3307 5249 3621 5326 ᾐσθημένοι,
3649 5252 3696 5298 ut

2218 5349 2278 5384 as
2305 5347 2464 5384 saeue.
2499 5331 2654 5384 EDIT.

2143 5333 2278 5389 alias
2305 5333 2464 5389 saeue.
2499 5333 2654 5386 EDIT.

2218 5351 2278 5386 as
2305 5351 2464 5404 saepe.
2499 5351 2654 5386 non.

2210 5403 2324 5472 (89)
2341 5403 2419 5456 Δι’
2436 5395 2523 5455 ὦν
2533 5405 2620 5468 είς
2631 5395 2938 5472 προῦπτον
2953 5394 3540 5472 ἅπασινρτθρώπως
3560 5403 3691 5472 39p,

2140 5461 2331 5544 έσάοὶο
2367 5472 2533 5540 όρᾷν,
2578 5461 2993 5544 ἐπέδείξαττοη
3014 5469 3147 5522 Cod.
3187 5461 3360 5544 ne};
3406 5461 3693 5544 ηειοωιεεο

2142 5528 2343 5613 ubique
2392 5528 2628 5613 secutus,
2676 5528 2808 5613 __est'
2847 5540 3190 5613 Stephanus,
3255 5528 3365 5613 fida
3408 5528 3508 5613 τῆς

2142 5600 2479 5685 Χριστιανῶν
2522 5611 2847 5685 ἐνεδείξαντο
2881 5600 3218 5685 νομοθεσίας.
3244 5605 3367 5685 _Sed
3409 5600 3692 5685 itt‘re'iiqtlis

2143 5671 2718 5752 exemplaribuleaz:
2735 5671 3130 5752 sciticetlhledq
3155 5675 3301 5752 FuAk.
3331 5685 3386 5729 et
3415 5671 3688 5752 §aviliano,

2145 5745 2402 5808 totus'hic
2429 5753 2578 5806 locus
2601 5753 2856 5806 scribitur
2886 5762 2944 5801 ut
2966 5748 3192 5802 edimus.
3218 5746 3400 5812 Quam
3426 5745 3688 5796 lectionem

489 5078 513 5116 ι
551 5061 675 5115 Haec
708 5069 786 5113 tot
814 5057 977 5111 millia
1006 5058 1308 5128 gladiorum
1337 5069 1456 5122 quau
1497 5070 1599 5124 pax
1626 5067 1759 5128 _me_a
1808 5053 2047 5124 compri-

483 5133 607 5198 mit,
643 5130 708 5183 ad
744 5138 928 5181 nutum
962 5122 1143 5181 meum
1170 5122 1580 5198 stringentur.»
1615 5122 1851 5198 (Eodem
1884 5122 2048 5198 sensu

488 5193 629 5270 apud
666 5198 928 5270 Velleium
959 5210 1014 5252 et
1043 5199 1094 5250 in
1118 5193 1392 5270 veteribus
1422 5197 1656 5248 nummis
1685 5193 2040 5270 lnecJegitur

486 5262 804 5339 inscriptio:
827 5266 938 5321 Pax
957 5270 1222 5339 Aususrt,
1247 5267 1300 5319 id
1347 5274 1626 5339 estquam
1656 5265 1775 5319 orbi
1796 5262 2041 5339 βοτὴρηο

487 5332 710 5413 prastat
733 5340 1053 5413 imperator.
1088 5338 1208 5413 Alio
1233 5349 1397 5413 sensu
1426 5334 1627 5413 dicitur
1663 5348 1766 5402 pax
1796 5332 2040 5413 Romana

488 5402 557 5465 ab
580 5411 768 5466 eodem
798 5402 1007 5462 Seneca
1040 5409 1093 5460 in
1119 5407 1260 5460 libro
1283 5404 1360 5458 De
1390 5404 1684 5466 clementia,
1723 5413 1778 5458 et
1821 5403 1873 5456 in
1906 5402 2044 5457 libro

489 5481 566 5533 De
602 5480 952 5548 providentia,
987 5477 1038 5532 id
1067 5487 1152 5531 est
1211 5491 1315 5546 pax
1361 5490 1465 5545 qua
1517 5473 1718 5528 fruitur
1758 5473 2044 5541 imperium

486 5549 811 5602 Romanum.

562 5620 673 5688 (87)
712 5616 965 5686 Χορεῐαι.
1015 5615 1211 5688 Merito
1250 5615 1364 5688 haec
1403 5628 1508 5668 vox
1554 5611 1828 5688 displicuit
1880 5611 2037 5688 Nice-

488 5683 686 5757 phoro,
732 5683 856 5742 cum
905 5687 974 5741 de
1013 5686 1340 5739 Christianis
1377 5698 1556 5757 sermo
1594 5683 1868 5757 situDeum
1902 5683 2038 5757 Alau-

493 5752 767 5812 dantibus.
794 5759 975 5826 Itaque
1002 5771 1098 5823 pro
1137 5755 1544 5826 voce_xopeiat,_
1567 5755 1812 5826 παιᾶνες,
1834 5752 2035 5806 substi-

493 5829 617 5881 tttit.
647 5828 798 5895 Apud
827 5822 1114 5879 Eusebium
1165 5825 1215 5874 in
1250 5822 1386 5895 libro
1429 5838 1461 5876 tt
1508 5823 1584 5877 De
1621 5825 1726 5895 vita
1756 5822 2034 5895 Constan-

493 5899 613 5961 tiut’,
643 5892 767 5964 cap.
799 5899 887 5962 i9,
927 5895 1122 5963 legitur
1165 5892 1335 5967 χοροί,
1387 5895 1529 5967 quod
1583 5893 1913 5950 tolerabilius
1951 5901 2037 5949 est

2145 5833 2330 5891 utpote
2359 5822 2597 5890 plurium
2626 5836 2690 5875 ac
2731 5817 3392 5891 vetustiorum_codicum
3442 5819 3687 5888 consensu

2145 5887 2539 5962 confirmatam,
2570 5891 2761 5948 merito
2799 5891 2950 5946 alteri
2981 5887 3387 5958 przrferendam
3422 5893 3644 5955 puum;
