3860 6480
487 324 626 416 aia,

1196 320 1466 393 EUSEBII
1503 314 1985 396 CESARIENSIS
2021 339 2170 397 OPP.
2210 338 2393 396 PARS
2429 338 2472 394 I.
2512 369 2582 380 —
2617 337 3006 395 HISTORICA.

3621 342 3705 399 920

489 469 712 510 cursum
763 455 1021 520 absolvit;
1062 469 1290 525 quorum
1323 471 1430 512 non
1461 456 1584 527 plus
1612 472 1774 528 quam
1832 461 2046 516 tertiam

2149 477 2249 531 την
2276 454 2344 514 αῦ
2367 457 2528 514 πλέον
2565 457 2679 530 (21)
2709 458 2855 529 ότῆς
2891 456 3165 529 βασιλείας
3196 457 3504 530 περιώριζεο
3521 460 3702 530 χρόνος.

491 558 702 617 partem
753 557 961 618 tempus
992 546 1143 616 regni
1173 545 1317 601 illius
1341 547 1446 602 sibi
1471 548 1729 605 vindicat.
1759 549 2054 607 Grassatus

490 649 672 696 autem
715 649 799 696 est
845 653 942 709 per
968 639 1144 694 caedes
1179 639 1350 694 instar
1380 639 1648 707 fulminis,
1675 651 1867 713 gentes
1889 653 2058 713 atque

490 732 652 787 urbes
678 731 920 800 integras
943 731 1148 800 absque
1173 730 1282 786 ullo
1303 733 1482 788 aetatis
1507 733 1830 790 discrimine
1869 736 2059 792 crude-

488 819 613 876 liter
643 821 890 875 servituti
918 821 1235 891 subjiciens.
1270 822 1378 879 Sed
1403 840 1526 880 cum
1565 826 1788 881 vixdum
1842 828 1897 883 in
1937 828 2055 898 ipso

484 913 662 966 anatis
685 909 816 966 ﬂore
846 921 1052 981 ageret,
1083 922 1139 968 et
1163 915 1434 970 amasium
1470 931 1628 970 suum
1658 917 2056 988 lugeret,tnors

482 1011 706 1069 repente
733 1003 1141 1071 superveniens,
1167 1003 1318 1059 illum
1346 1005 1628 1075 improlem
1651 1048 1667 1073 ,
1693 1007 1837 1062 nulla
1860 1010 2052 1080 stirpe,

480 1091 626 1145 nulla
661 1092 940 1147 fundatum
975 1094 1168 1161 domo,
1206 1097 1260 1150 in
1290 1107 1515 1152 externo
1551 1108 1606 1152 et
1641 1099 1852 1154 hostico
1900 1116 2049 1170 agro,

477 1196 550 1235 ne
585 1182 878 1237 humanum
928 1200 1100 1254 genus
1164 1187 1367 1242 diutius
1427 1198 1704 1255 vastaret,
1770 1191 2050 1246 exstinxit.

475 1272 598 1326 Mox
652 1289 874 1344 regnum
907 1276 1025 1344 ejus
1053 1279 1206 1332 varia
1261 1278 1316 1334 in
1375 1280 1620 1334 membra
1651 1281 1918 1336 divulsum
1949 1291 2050 1350 est,

476 1364 705 1434 singulis
752 1365 868 1435 ejus
921 1367 1194 1423 ministris
1240 1379 1450 1438 partem
1489 1371 1591 1424 sibi
1647 1385 1840 1440 rapere
1889 1382 2052 1442 atque

475 1454 692 1510 auferre
723 1458 1200 1514 contendentibus.
1245 1459 1448 1515 Verum
1482 1462 1569 1517 hic
1598 1463 1820 1532 quidem
1851 1463 1922 1518 ob
1952 1467 2044 1522 hn-

469 1547 706 1615 jusmodi
731 1550 873 1604 mala
909 1550 1162 1606 laudibus
1199 1550 1448 1608 effertur.

1042 1642 1270 1699 CAPUT
1304 1642 1436 1699 VIII.

544 1730 698 1796 Quod
737 1734 914 1786 orbem
959 1734 1332 1799 propemodum
1359 1737 1658 1790 universum
1697 1739 1974 1808 subegerit.

540 1823 736 1879 Noster
765 1839 894 1880 vero
931 1826 1227 1894 imperator
1253 1842 1320 1883 es
1353 1843 1417 1882 eo
1451 1829 1626 1883 aetatis
1649 1845 1792 1886 anno
1818 1847 2048 1902 regnare
2077 1835 2123 1895 B

469 1932 630 1973 orsus
657 1925 760 1983 est,
787 1931 895 1986 quo
919 1917 1136 1972 Macedo
1164 1918 1253 1974 ille
1291 1920 1544 1976 decessit.
1578 1922 1655 1975 Ac
1681 1923 1804 1977 vita:
1832 1925 2046 1992 quidem

469 2011 708 2079 spatium
751 2008 914 2077 duplo
965 2009 1138 2079 majus
1172 2011 1360 2066 habuit
1383 2028 1546 2082 quam
1579 2013 1699 2079 ille,
1733 2017 1884 2086 regni
1906 2031 2048 2076 .vero

468 2101 634 2169 triplo
655 2100 888 2172 longius.
917 2101 1182 2158 Caeterum
1213 2120 1334 2159 cum
1362 2107 1659 2161 exercitum
1695 2122 1854 2162 suum
1894 2125 2048 2164 man-

469 2194 640 2249 suetis
664 2209 728 2249 ac
748 2194 1002 2250 modestis
1026 2196 1300 2266 religionis
1329 2198 1612 2268 pmceptis
1633 2200 1974 2266 munivisset,
1993 2203 2046 2256 in

466 2283 804 2340 Britanniam
835 2287 1051 2355 quidem
1095 2297 1149 2343 et
1180 2287 1234 2343 in
1268 2303 1361 2344 eos
1383 2289 1473 2358 qui
1503 2290 1557 2344 in
1593 2291 1709 2360 ipso
1730 2293 2048 2350 habitabant

467 2380 686 2434 Oceano
717 2379 787 2433 ad
817 2377 950 2434 solis
980 2392 1236 2433 occasum
1265 2379 1422 2451 longe
1462 2381 1677 2450 lateque
1709 2382 1939 2450 dilluso,
1966 2385 2045 2440 si-

466 2485 572 2539 gna
600 2468 805 2524 intulit.
834 2469 1110 2540 Scythiam
1151 2485 1281 2526 vero
1311 2472 1777 2545 universam,qn'.e
1796 2477 1899 2532 sub
1933 2477 2048 2545 ipso

465 2559 842 2630 septentrione
873 2559 1072 2628 posita,
1118 2561 1172 2615 in
1218 2561 1478 2630 plurimas
1513 2573 1700 2631 gentes
1731 2573 1786 2618 et
1830 2569 2049 2622 nomine

465 2659 526 2703 et
573 2651 818 2706 moribus
885 2650 1254 2720 discrepantes
1323 2653 1618 2720 dividitur,
1657 2669 1755 2710 suo
1807 2655 2050 2724 atljunxit

467 2742 721 2809 imperio.
747 2740 863 2795 Jatn
895 2757 1027 2797 vero
1065 2758 1189 2797 cum
1218 2743 1286 2798 ad
1323 2755 1597 2800 extremos
1633 2747 1879 2803 meridiei
1907 2748 2045 2804 ﬁnes

466 2833 754 2903 imperium
788 2845 1162 2904 propagasset,
1185 2835 1252 2889 ad
1275 2834 1423 2904 ipsos
1449 2837 1706 2892 nimirum
1741 2838 2048 2911 Blemmyas

463 2931 522 2978 ct
551 2921 836 2995 Etliiopas
866 2939 997 2981 :eos
1035 2940 1251 2996 quoque
1292 2926 1383 2996 qui
1433 2928 1499 2982 ad
1527 2927 1658 2983 solis
1685 2940 1863 2984 ortum
1898 2931 2048 2987 inco-

463 3011 605 3077 Iunt,
632 3013 686 3068 in
716 3028 870 3068 suam
901 3013 1164 3069 ditionem
1207 3015 1526 3086 redigendos
1549 3018 1774 3086 putavit.
1805 3019 2047 3090 Denique

462 3105 532 3158 ad
561 3103 780 3160 ultimos
809 3120 980 3176 usque
1003 3106 1336 3162 continentis
1379 3109 1661 3172 terminos,
1697 3109 1798 3165 hoc
1833 3122 1917 3166 est
1975 3113 2043 3168 ad

2161 549 2362 623 ἐχώρει
2393 550 2450 604 δὲ
2480 550 2547 602 δι’
2579 549 2850 620 αἱμάτων,
2885 547 3026 620 ἀνὴρ
3053 549 3295 621 σκηπτοῦ
3324 549 3476 620 δίκην
3503 551 3701 619 ἀφειδῶς

2159 645 2287 716 ἔθνη
2343 645 2438 699 καὶ
2482 644 2662 708 πόλεις
2707 643 2832 708 ὅλας
2881 643 3082 714 ἡϐηδὸν
3137 643 3696 716 ἐξανδραποδιζόμενος.

2162 737 2324 807 ’Ἄρτι
2350 736 2407 789 δέ
2441 735 2636 806 μικρὸν
2657 735 2928 804 ἀνθούσης
2951 735 3100 806 αὐτῷ
3122 735 3220 806 τῆς
3246 735 3396 807 ὥρας
3419 735 3522 805 (.22)
3548 739 3628 791 καὶ
3645 741 3698 795 τὰ

2161 828 2390 882 παιδικὰ
2425 827 2730 890 πενθοῦντι,
2766 827 2956 891 δεινῶς
2997 828 3058 881 τὸ
3103 828 3280 900 χρεὼν
3330 829 3564 894 ἐπιστὰν,
3601 832 3696 886 ἀτε-

2156 933 2306 979 κνον,
2338 915 2592 988 ἄρριζον,
2613 916 2878 983 ἀνέστιον,
2907 918 2993 971 ἐπ’
3019 917 3326 989 ἀλλοδαπῆς
3353 920 3443 973 καὶ⁵
3474 921 3696 991 πολεμίας

2155 1008 2342 1074 αὑτὸν,
2375 1008 2451 1071 ὡς
2483 1008 2547 1062 ἂν
2599 1009 2674 1080 μὴ
2709 1009 2789 1071 είς
2835 1009 3046 1080 μακρὸν
3089 1008 3401 1080 λυμαίνοιτο
3436 1009 3496 1061 τὸ
3523 1010 3698 1080 θνητῶν

2156 1100 2335 1168 γένος,
2367 1099 2652 1170 ἠφάνιζεν.
2689 1100 2900 1154 Αὐτίκα
2929 1100 2975 1152 δ’
3005 1103 3037 1171 ἠ
3079 1099 3325 1170 βασιλεία
3354 1101 3694 1172 ητετὲμνετο,

2156 1190 2264 1244 τῶν
2305 1191 2654 1264 θεραπόντων
2685 1191 2912 1244 ἑκάστου
2963 1193 3156 1262 μοῖράν
3187 1209 3311 1246 τινα
3344 1194 3694 1263 παρασπῶντος

2157 1281 2253 1334 καὶ
2280 1281 2670 1352 διαρπάζοντος
2721 1281 2915 1353 ἐαυτῷ.
2965 1281 3101 1334 Ἀλλ’
3138 1283 3168 1334 ό
3212 1280 3311 1351 μὲν
3338 1281 3430 1334 ἐπὶ
3471 1283 3694 1347 τοιούτοις

2159 1375 2476 1444 ἀνυμνείται
2503 1377 2701 1446 χοροῖς.

2682 1639 3080 1692 ΚΕΦΑΛΑΙΟΝ
3119 1638 3199 1691 Ην.

2156 1731 2287 1783 Ὅτι
2332 1729 2438 1797 τῆς
2479 1729 2834 1798 οἰκουμένης
2861 1730 3066 1797 πάσης
3111 1727 3339 1798 σχεδὸν
3375 1729 3688 1798 ἐκράτησεν.

2231 1824 2292 1876 '0
2339 1823 2381 1876 δ’
2437 1823 2703 1895 ἡμέτερος
2735 1823 2988 1893 βασιλεὺς
3030 1823 3089 1889 ἐξ
3126 1823 3335 1876 ἐκείνου
3385 1823 3479 1894 μὲν
3507 1823 3687 1897 ἦρχετο,

2151 1914 2208 1981 ἐξ
2258 1907 2430 1985 οὗπερ
2475 1918 2502 1968 ό
2535 1915 2799 1969 Μακεδὼν
2842 1915 3118 1979 ἐτελεύτα,
3165 1914 3505 1978 ἐδιπλασίαζε
3543 1915 3592 1968 δὲ
3628 1914 3690 1984 τῷ

2148 2006 2325 2078 χρόνῳ
2354 2007 2452 2077 τὴν
2481 2007 2686 2060 ἐκείνου
2717 2007 2881 2078 ζωὴν,
2921 2006 3242 2078 τριπλάσιον
3283 2006 3327 2058 δ’
3363 2007 3583 2058 ἐποιεῖτο
3608 2006 3689 2074 τῆς

2150 2098 2426 2169 βασιλείας
2463 2099 2524 2153 τὸ
2573 2099 2764 2170 μῆκος.
2823 2100 3080 2170 Ἠμέροις
3115 2099 3180 2167 γέ
3219 2116 3302 2152 τοι
3351 2100 3444 2152 καὶ
3485 2096 3688 2168 σώφροσι

2147 2190 2454 2254 θεοσεϐείας
2519 2190 2942 2263 παραγγέλμασι
3004 2190 3095 2244 τὸν
3153 2189 3317 2244 αὑτοῦ
3385 2190 3688 2262 φραξάμενος

2148 2282 2398 2352 στρατὸν,
2431 2281 2629 2352 ἐπῆλθε
2657 2282 2754 2352 μὲν
2780 2283 2878 2352 τὴν
2897 2282 3212 2354 Βρεττανῶν
3235 2281 3466 2344 καὶτοὺς
3495 2282 3547 2334 ἐν
3566 2281 3686 2351 αὐτῷ

2146 2374 2429 2438 οἰκοῦντας
2463 2373 2688 2444 ὠκεανῷ
2727 2374 2807 2445 τῷ
2859 2375 3001 2428 κατὰ
3029 2375 3224 2428 δύοντα
3251 2374 3402 2446 ἣλιον
3425 2373 3530 2444 (25)
3560 2391 3685 2443 περι-

2145 2465 2466 2537 οριζομένῳ,
2490 2465 2549 2518 τό
2582 2483 2640 2518 τε
2669 2466 2931 2520 Σκυθικὸν
2965 2466 3280 2537 ὑπηγάγετο
3309 2469 3435 2533 πᾶν,
3465 2466 3549 2519 ὑπ’
3572 2466 3683 2535 αὐτῇ

2147 2559 2334 2631 ἄρκτῳ
2358 2559 2570 2630 μυρίοις
2596 2557 2886 2629 βαρϐάρων
2915 2559 3300 2625 ἐξαλλάττουσι
3325 2561 3500 2635 γένεσι
3526 2558 3685 2628 τεμνό-

2151 2667 2329 2722 μενον.
2359 2650 2496 2722 Ἤδη
2523 2650 2579 2702 δὲ
2608 2649 2701 2702 καὶ
2725 2650 3071 2722 μεσημϐρίας
3097 2651 3183 2704 ἐπ’
3210 2649 3412 2721 ἔσχατα
3431 2651 3522 2720 τὴν
3540 2649 3684 2720 ἀρχὴν

2146 2740 2411 2805 ἐκτείνας,
2443 2741 2524 2803 είς
2549 2741 2746 2804 αὐτοὺς
2767 2739 3058 2811 Βλὲμμυάς
3087 2758 3146 2793 τε
3173 2742 3271 2795 καὶ
3289 2741 3567 2802 Δίθίοπας’
3586 2739 3682 2790 οὐδὲ

2146 2827 2256 2884 τῶν
2306 2829 2445 2902 πρὸς
2491 2829 2776 2901 ἀνίσχοντα
2819 2831 2970 2902 ἥλιον
3022 2831 3312 2903 ἀλλοτρίαν
3351 2834 3567 2886 ἐποιεῖτο
3603 2831 3682 2900 τὴν

2146 2920 2359 2992 κτῆσιν.
2395 2921 2513 2974 Ἐπ’
2543 2920 2683 2975 αὐτά
2705 2921 2762 2974 δὲ
2793 2923 2862 2974 τὰ
2887 2922 2985 2992 τῆς
3009 2922 3336 2994 οἰκουμένης
3362 2922 3483 2993 ὅλης
3518 2921 3682 2990 τέρμαο

2144 3030 2233 3077 τα,
2276 3012 2452 3066 Ἰνδῶν
2485 3013 2644 3085 μέχρι
2670 3013 2778 3066 τῶν
2806 3013 3080 3080 ἐξωτάτω,
3124 3014 3233 3068 τῶν
3273 3011 3679 3086 περικέκλῳβιί)

2148 3107 2439 3182 περιοίκων
2471 3106 2565 3159 τοῦ
2613 3107 2814 3170 παντὸς
2867 3108 2967 3177 τῆς
3016 3107 3120 3178 γῆς
3164 3107 3243 3178 τῷ
3296 3108 3394 3179 βίῳ
3437 3105 3678 3175 στοιχείου,

463 3206 736 3253 extremos
788 3198 948 3254 Indos
987 3207 1042 3254 et
1078 3199 1424 3254 circumsitos
1475 3201 1717 3272 undique
1773 3205 2036 3274 populos,

2148 3199 2320 3270 φωτὸς
2353 3199 2634 3263 εὐσεϐείας
2663 3201 2874 3252 ἀκτῖσιν
2905 3199 3222 3270 ἐκλάμπων,
3266 3196 3408 3270 εἶχεν
3448 3198 3681 3269 ἐπηκόους

461 3299 696 3344 cunctos
741 3291 999 3346 mortales
1043 3290 1136 3360 qui
1181 3291 1491 3346 universum
1545 3301 1811 3347 terrarum
1851 3297 2038 3353 orbem

460 3379 730 3448 incolunt,
755 3381 1211 3452 splendidissimis
1257 3383 1475 3452 pietatis
1529 3384 1696 3438 radiis
1727 3387 2038 3455 illustrans,

461 3471 698 3542 regulos,
717 3471 1002 3541 prafectos
1027 3481 1084 3527 et
1113 3480 1363 3542 satrapas
1395 3472 1634 3542 gentium
1683 3475 2038 3529 barbararum

461 3563 562 3617 sibi
609 3564 876 3618 obnoxios
928 3580 994 3620 ac
1034 3563 1283 3619 subditos
1326 3563 1554 3620 habuit;
1590 3565 1685 3634 qui
1720 3580 1818 3620 sua
1852 3577 2045 3636 sponte

459 3666 664 3710 etcum
692 3656 890 3724 gaudio
922 3655 1096 3726 ipsum
1119 3655 1448 3721 salutabant,
1471 3667 1525 3712 et
1555 3656 1758 3726 legatos
1782 3673 1904 3711 cum
1933 3673 2048 3712 tnu-

461 3750 685 3805 neribus
712 3750 780 3804 ad
810 3749 976 3822 410
1005 3764 1128 3806 eum
1174 3753 1478 3817 mittebant,
1517 3752 1741 3822 ejusque
1789 3751 2036 3830 notitiam

458 3852 623 3913 atque
655 3843 951 3899 amicitiam
1001 3845 1215 3916 plurimi
1265 3845 1627 3901 aestimabant.
1656 3844 1804 3898 Adeo
1830 3852 1888 3898 ut
1913 3857 2036 3898 eum

533 3955 645 4028 (21)
683 3953 772 4012 Αὖ
817 3960 1028 4014 πλέον.
1077 3963 1431 4020 Scrihendum
1466 3965 1678 4020 videtur
1725 3966 1787 4018 οὐ
1843 3963 2028 4028 πλέον,

459 4042 621 4096 quam
674 4029 964 4086 lectionem
1019 4045 1238 4087 secutus
1291 4047 1375 4088 est
1429 4035 1729 4090 Portesins.
1789 4034 2035 4089 Christo-

458 4101 764 4174 pliorsonus
780 4104 1068 4174 antemsic
1089 4105 1472 4172 interpretatus
1489 4115 1570 4159 est
1597 4107 1748 4174 quasi
1777 4106 2043 4173 legeretur

456 4168 492 4240 ἢ
528 4169 711 4245 μικρῷ
738 4170 920 4245 πλέον.
951 4173 1112 4228 Certe
1143 4168 1452 4230 Alexander
1483 4168 1710 4245 Magnus
1755 4168 2039 4230 duodecim

457 4240 699 4316 anniset
737 4242 968 4312 amplius
1011 4245 1278 4316 regnavit,
1331 4247 1424 4316 qui
1472 4240 1757 4316 aliquanto
1807 4247 1929 4316 plus
1958 4245 2040 4299 ei-

455 4309 646 4365 ﬂciunt
697 4309 858 4381 quam
901 4309 1118 4369 tertiani
1175 4309 1382 4384 partem
1433 4309 1754 4371 duor'umac
1807 4309 2032 4382 iriginta

455 4395 757 4458 annorum,
781 4384 826 4438 si
861 4385 1035 4458 resan
1071 4386 1343 4458 calculum
1377 4387 1647 4458 exigatur.
1685 4388 1877 4441 Verum
1910 4401 2038 4458 ora-

458 4459 604 4506 tores
665 4454 758 4521 qui
820 4455 1214 4523 amplilicandis
1279 4455 1444 4512 r'ebus
1473 4454 1729 4513 'student
1800 4471 1905 4510 non
1962 4457 2035 4509 ita

2140 3294 2388 3356 ἅπαντας
2414 3293 2714 3364 τοπάρχας,
2759 3291 3023 3362 ἐθνάρχας
3062 3292 3154 3344 καὶ
3195 3292 3474 3361 σατράπας
3516 3289 3681 3361 sapas-

2144 3402 2253 3455 ρων
2286 3383 2475 3447 ἐθνῶν,
2527 3383 2766 3436 ἐθελοντὶ
2813 3383 3227 3454 ἀσπαζομένους
3271 3384 3364 3438 καὶ
3414 3383 3677 3453 χαίροντας,

2142 3478 2257 3537 τοίς
2288 3491 2346 3526 τε
2384 3474 2512 3545 παρ’
2554 3473 2734 3527 αὐτῶν
2781 3473 2974 3542 δώροις
2992 3472 3103 3544 (25)
3137 3472 3677 3545 διαπρεσϐευομένους,

2147 3566 2241 3619 καὶ
2269 3565 2367 3637 τὴν
2394 3564 2529 3636 πρὸς
2556 3565 2714 3618 αὑτὸν
2745 3565 2943 3633 γνῶσίν
2971 3583 3030 3618 τε
3063 3566 3157 3618 καὶ
3185 3566 3366 3634 φιλίαν
3405 3567 3523 3636 περὶ
3556 3561 3678 3615 πλεί-

2148 3675 2276 3710 στου
2329 3657 2700 3726 ποιουμένους,
2729 3657 2869 3710 ὥστε
2907 3659 3001 3711 καὶ
3042 3662 3284 3732 γραφαῖς
3317 3659 3529 3710 εἰκόνων
3547 3655 3678 3707 αὐτὸν

2146 3748 2278 3821 παρ’
2311 3749 2491 3810 αὐτοῖς
2529 3749 2713 3818 τιμᾷν,
2746 3749 3078 3820 ἀνδριάντων
3108 3766 3167 3801 τε
3201 3749 3519 3820 ἀναθήμασι,
3551 3745 3678 3816 μόνον

2146 3857 2206 3892 τε
2240 3839 2658 3910 αὐτοκρατόρων
2682 3840 2832 3910 παρὰ
2854 3843 2966 3904 τοῖς
2996 3841 3128 3893 πᾶσι
3153 3841 3546 3894 Κωνσταντίνον
3570 3853 3679 3903 γνω-

2139 3962 2269 4023 νῶν,
2299 3962 2500 4014 rectius
2546 3976 2708 4030 quam
2766 3959 2818 4013 in
2859 3959 3091 4030 vulgatis
3151 3956 3671 4030 editionibus._Neque

2147 4033 2308 4087 aliter
2347 4031 2512 4084 codex
2552 4029 2710 4096 Fuk.;
2749 4043 2935 4083 contra
2957 4026 3098 4084 'vero
3125 4032 3288 4099 paulo
3313 4040 3446 4099 post,
3475 4026 3676 4099 ubi_\‘u_l-

2149 4114 2287 4171 gata:
2314 4101 2583 4172 editiones
2614 4093 2859 4154 scribunt
2884 4093 3188 4172 βλέμμνοίς,
3218 4093 3357 4155 Ῐιίοὶη
3383 4101 3537 4153 codex
3565 4093 3674 4172 Euk.

2149 4165 2312 4228 habet
2339 4171 2601 4241 βλέμυας,
2627 4185 2732 4224 non
2771 4165 2930 4236 male,
2961 4165 3230 4226 n't'notavi
3264 4174 3332 4225 ad
3368 4174 3533 4224 Anim.
3562 4165 3674 4219 Μυτ-

2214 4244 2424 4297 Ilinutn.

2278 4261 2306 4294 n
2355 4261 2424 4296 nt.

2147 4261 2345 4384 αξξειῖ
2385 4310 2509 4385 Τῶν
2545 4311 2903 4385 περικύκλῳ.
2939 4311 3308 4385 Scrihendum
3335 4319 3436 4374 est,
3472 4307 3566 4385 τῶν
3600 4302 3674 4385 κός

2141 4381 2256 4456 κλῳ
2285 4383 2579 4454 περιοίκων
2630 4381 2723 4456 τοῦ
2786 4382 2984 4456 παντὸς
3021 4382 3118 4456 τῆς
3144 4382 3256 4456 -γῆς
3310 4381 3574 4451 στοιχείου,
3611 4381 3674 4444 τῷ

2147 4451 2270 4525 βίω,
2301 4451 2477 4524 φωτὸς
2509 4451 2792 4525 εὐσεϐείας
2820 4454 3035 4525 ἀκτῖσιν
3079 4452 3394 4525 ἐκλάμπων.
3435 4456 3508 4525 de
3545 4461 3675 4524 V0905

454 4532 644 4596 cgacte
681 4509 1011 4595 'loquunt'ur.
1060 4509 1250 4595 Itaque
1282 4509 1749 4584 Eusebiusrecte
1793 4509 1932 4581 dixit
1977 4526 2038 4579 οὐ

2148 4509 2366 4596 quidem
2411 4509 2532 4578 illas
2561 4523 2668 4596 τῶν
2686 4509 2901 4596 ’κύκλῳ
2949 4509 3404 4596 περιοίκωνκθιο.
3441 4519 3675 4574 Portesius

455 4589 638 4648 πλέον.

531 4661 876 4738 (22)ΫυΙε.,
908 4667 1218 4735 ἀνθούσης
1272 4667 1464 4738 αὐτῆς
1510 4668 1619 4738 τῆς
1651 4667 1828 4737 ὥρας.
1877 4666 2048 4722 Nemo

453 4741 564 4812 est,
585 4737 1006 4812 qu_i_non_vid_eat
1029 4739 1374 4812 scribendum
1408 4737 1528 4796 esse
1552 4737 1700 4810 αὐτῷ
1737 4741 1838 4812 τῆς
1875 4737 2044 4812 ὧρας,

454 4812 518 4856 ιιι
550 4803 606 4857 in
640 4804 823 4860 Μοτεεί
865 4808 1003 4863 libro
1035 4809 1198 4863 etiam
1245 4809 1562 4865 adnotatum
1599 4803 1700 4866 est.
1750 4803 1808 4865 Iti
1857 4803 2049 4864 veteri-

451 4875 819 4949 bus_scl_ied_is
861 4879 1061 4949 legitur
1106 4879 1296 4936 αὐτοῦ.
1344 4882 1452 4936 Sed
1504 4881 1641 4936 liber
1690 4880 1826 4936 Fuk.
1884 4880 2048 4934 habet

454 4942 624 5024 αὐτῷ.
663 4945 770 5024 Sed
817 4959 873 5001 et
893 4942 1067 5024 paulo
1097 4961 1218 5024 post
1248 4952 1597 5024 scribendum
1629 4950 1739 5024 τῶν
1783 4949 2047 5024 θεραπόν-

451 5029 562 5092 των
591 5016 846 5092 ἐκάστου.
892 5016 960 5072 Ει
990 5024 1042 5074 in
1087 5016 1193 5075 line
1238 5023 1434 5092 capitis
1477 5022 1596 5092 lego
1646 5023 1740 5075 ἐπὶ
1781 5016 2045 5084 τοὶούτοις

452 5084 775 5161 ἀνυμνεῖται
821 5093 1036 5154 κακοῖς,
1077 5084 1387 5161 quanquam
1419 5084 1612 5161 scripti
1659 5093 1876 5147 codices
1909 5093 2044 5145 nihil

453 5161 689 5234 variant.
719 5159 776 5234 In
811 5163 998 5234 codice
1052 5159 1202 5234 Fnk._
1226 5159 1488 5232 scriptum
1523 5159 1699 5218 inveni
1733 5162 1845 5234 τῶν
1881 5162 2045 5234 θερα-

454 5223 667 5305 πόντων
742 5229 998 5296 ἐκάστου,
1048 5232 1268 5305 μοῖράν
1306 5223 1430 5287 τινα
1489 5233 1907 5305 παρασπῶντος,
1949 5223 2045 5305 fre-

452 5298 593 5353 ctius
639 5316 804 5372 quam
857 5313 916 5356 ut
948 5305 1001 5356 in
1051 5298 1305 5374 'vuigatis
1353 5298 1688 5361 editionibus
1732 5303 2044 5377 περισπῶν-

449 5381 564 5430 τος.

527 5441 642 5514 (25)
685 5441 865 5514 Vitlg.,
915 5443 997 5510 τῷ
1044 5443 1194 5498 κατὰ
1236 5444 1460 5498 δύοντα
1516 5445 1712 5514 ἥλιον.
1756 5444 1812 5499 In
1861 5461 2046 5500 manu-

455 5513 994 5587 scriptodle’giodet
1045 5514 1183 5568 Fuk.
1211 5513 1551 5587 rdisjunctini
1595 5518 1856 5571 scribitur
1904 5536 1918 5571 :
1963 5515 2042 5587 τῷ

455 5579 601 5634 κατὰ
621 5579 827 5656 ’δύοντᾷ
860 5583 1038 5656 ἥλιον,
1076 5586 1291 5656 rectius
1319 5579 1471 5640 'sine
1509 5586 1692 5645 dubio.
1756 5589 1847 5640 Sic
1901 5579 2040 5640 infra

455 5665 587 5723 can.
608 5651 702 5716 41,
719 5653 811 5705 ubi
842 5651 908 5706 de
935 5655 1338 5723 provinciarum
1363 5656 1732 5711 exsultatione
1754 5657 1995 5722 loquitur
2019 5675 2032 5709 :

467 5719 639 5789 Ἐθνη
662 5723 910 5795 τείπάνθξ
937 5719 1052 5777 ’ὅσα
1088 5725 1312 5795 ὠκεανῷ
1346 5725 1424 5794 τῷ
1479 5726 1618 5778 κατά
1655 5719 1847 5779 δύοντα
1893 5725 2040 5794 ἥλιον

470 5789 846 5860 περιωρίζετο.
892 5794 946 5848 ιιι
979 5797 1168 5849 codice
1193 5789 1363 5864 Regio
1395 5789 1588 5867 Egitnr
1616 5799 1777 5853 etiam
1805 5789 2037 5866 Βρεττα-

2149 4591 2217 4651 ad
2247 4596 2408 4649 Indos
2443 4595 2646 4647 retulit.
2682 4593 2773 4647 Sic
2817 4591 2962 4648 enim
3017 4591 3178 4647 vertit
3212 4610 3227 4646 :
3264 4591 3425 4646 Indos
3447 4601 3674 4654 extremus

2148 4683 2310 4735 usque
2371 4675 2524 4718 terra:
2562 4665 2794 4732 undique
2834 4665 3216 4732 circumjectos.
3267 4662 3371 4717 Sed
3424 4678 3520 4716 non
3566 4668 3674 4727 pulo

2149 4738 2289 4792 hanc
2329 4749 2448 4790 esse
2507 4745 2742 4790 mentem
2805 4735 3044 4788 Eusebii.
3095 4735 3280 4802 Neque
3327 4735 3464 4787 enim
3501 4740 3674 4802 veteres

2143 4806 2467 4879 geographi,
2500 4804 2842 4879 lndos__orbis
2891 4801 3439 4879 terrarumatnhitum
3477 4801 3673 4855 circum.

2147 4874 2327 4934 colere
2353 4874 2596 4950 unquam
2639 4875 2915 4931 dixerunt.
2965 4874 3187 4945 Hispani
3237 4875 3448 4950 quidem
3483 4880 3668 4950 avorum

2146 4948 2427 5011 memoria,
2451 4944 2726 5001 terrarum
2754 4959 2959 5016 partem
2993 4944 3184 5016 recens
3227 4945 3328 4999 sibi
3363 4944 3671 5016 cognitamet

2103 5065 2110 5072 .
2145 5005 2490 5089 patefactam,
2529 5005 3186 5089 Indiam'Occideutaletn
3219 5005 3559 5089 appellaftznt.
3586 5005 3671 5089 Ee—

2147 5076 2267 5144 i‘um
2291 5089 2367 5144 illi
2399 5088 2452 5142 id
2476 5076 2578 5161 pro
2617 5087 2844 5161 arbitrio
2889 5102 2990 5161 suo
3029 5089 3228 5142 fecere.
3254 5076 3488 5161 Proinde
3518 5076 3668 5161 in'E‘u-

2145 5161 2280 5215 sehii
2315 5148 2497 5234 nostri
2545 5159 2666 5213 loco
2701 5159 3235 5234 scribendtnnupnto
3269 5155 3376 5234 τῶν
3422 5170 3478 5206 τε
3501 5148 3668 5234 ,κύκλῳ

2144 5230 2460 5302 περιοίκων,
2485 5239 2614 5302 et_c..
2635 5229 2719 5282 vel
2747 5231 2924 5302 potius
2955 5223 3464 5302 nihil-mutandum.
3501 5223 3670 5302 Sensus

2145 5297 2290 5356 enini
2361 5313 2467 5365 est,
2521 5297 2938 5355 Constantinum
2993 5314 3022 5351 a
3083 5299 3310 5352 meridie
3361 5297 3423 5349 ad
3487 5300 3670 5358 septen-

2146 5374 2398 5434 trionem,
2434 5381 2490 5426 et
2531 5370 2600 5424 ab
2639 5384 2839 5424 occasu
2891 5369 2959 5422 ad
3019 5379 3221 5428 ortum,
3279 5369 3663 5435 quaquaversum

2147 5444 2360 5496 cunctis
2391 5441 2700 5496 hominibus
2726 5440 3004 5511 Christum
3038 5441 3381 5511 praedicasse.
3572 5500 3580 5511 .

2214 5513 2328 5583 (‘25)
2373 5512 2522 5583 Τοῖς
2545 5527 2608 5564 τε
2639 5511 2776 5580 παρ’
2816 5507 3014 5583 αὐτῶν
3038 5498 3287 5583 ’δώροις
3338 5498 3660 5583 In_veterilins

2144 5577 2368 5638 schedis
2397 5584 2484 5636 hic
2515 5582 2663 5635 locus
2706 5577 2776 5634 ita
2826 5581 3108 5648 suppletur
3154 5581 3225 5633 ad
3264 5577 3659 5648 inargincmﬂcf;

2141 5637 2200 5706 τε
2232 5637 2361 5725 παρ⁴
2389 5652 2566 5728 αῦτῶν
2599 5651 2787 5728 ξενίοις
2819 5637 2906 5728 ’τέ
2927 5637 3024 5728 καὶ.
3052 5649 3263 5720 δώροις,
3287 5637 3405 5728 .etc:
3441 5645 3501 5728 1‘3}
3534 5637 3658 5728 Pi'flf

2143 5736 2267 5795 post
2309 5709 2361 5779 in
2418 5709 2625 5776 IIStICIII-
2663 5709 2882 5795 scliedis
2926 5709 3142 5790 legitur;
3173 5709 3300 5790 παρ’
3349 5716 3509 5776 αὐτοῖς
3551 5709 3654 5759 τάδε

2143 5790 2548 5850 Κωνσταντῖνον
2581 5790 2958 5864 γνωρίζεσθαι.
