3860 6536
235 402 316 459 9‘3!
1309 403 1396 458 DE
1436 399 1601 459 “TA
1634 401 1762 464 COD'

1872 374 2096 457 tiNi‘t’Nt
2131 401 2262 458 LIB.
2294 400 2337 456 ι.

3344 401 3449 460 922

239 516 457 593 ρίζεσθαί
487 535 549 571 τε
591 518 686 572 καὶ
725 517 971 589 βοᾶσθαι.
1014 519 1072 573 '0
1101 518 1160 573 δὲ
1190 518 1289 574 καὶ
1318 519 1478 590 μέχρι
1503 518 1612 575 τῶν
1637 519 1762 592 τῇδε

1889 520 1944 574 in
1975 531 2076 574 sua
2105 517 2336 589 quisque
2362 517 2635 587 provincia
2657 517 2852 588 partim
2878 516 3225 588 imaginibus,
3252 522 3445 589 partim

235 610 507 684 βασιλικοῖς
526 610 818 680 προσφωνή
828 626 959 680 μασι
979 607 1071 665 τδν
1090 609 1285 665 ἑαυτοῦ
1305 610 1437 665 Θεὸν
1452 611 1762 682 ἁνεκήρυττι

1882 611 2076 668 statuis
2107 609 2320 680 publica
2342 610 2604 664 dedicatis
2634 610 2923 665 bonoraret
2939 626 2955 665 :
2973 608 3233 679 solusque
3250 624 3318 665 ex
3346 611 3451 663 im-

232 702 315 757 σύν
338 700 614 774 παρρησίᾳ
636 702 702 771 τῇ
730 700 899 772 πάσῃ.

1883 693 2228 773 peratoribus
2253 702 2678 768 Constantinus,
2703 702 2905 772 ubique
2938 712 3203 756 terrarum
3230 702 3449 757 notissi-

231 809 330 848 mus
366 801 509 848 esset
538 807 602 846 ac
626 791 1034 848 celeberrimus.
1084 790 1256 863 igitur
1299 791 1366 847 ad
1399 792 1501 848 bas
1551 806 1722 863 usque
1746 805 1938 863 gentes
1997 794 2165 865 regiis
2218 792 2627 850 allocutionibus
2659 794 2825 848 Deum
2845 807 3001 849 suum
3039 806 3162 848 cum
3198 794 3343 848 omni
3383 792 3447 847 li~

228 884 414 939 bertate
443 884 777 952 praedicavit.
1130 956 1143 965 ξ

726 976 1121 1030 ΚΕΦᾹΛΑΙΟΝ
1163 975 1238 1030 Θ¹.

227 1064 331 1119 Ὀτι
348 1062 473 1130 υἱὸς
483 1064 788 1133 βασιλέως
820 1068 1130 1134 εὐσεϐοῦς,
1161 1068 1259 1123 καί
1277 1069 1425 1136 υἱοῖς
1443 1069 1772 1134 ,βασιλεῦσι

636 1139 922 1192 κατέλιπε
960 1138 1074 1207 τὴν
1098 1139 1314 1209 ἀρχήν.

280 1226 383 1283 Εἶτ’
395 1231 455 1284 οὐ
489 1229 668 1300 λόγοις
715 1231 829 1303 (26)
857 1233 954 1303 μὲν
981 1233 1124 1286 τοῦτ’
1163 1234 1451 1305 ἔπραττεν,
1478 1233 1771 1304 άφυστέρει

219 1322 270 1376 δὲ
292 1323 393 1386 τοῖς
406 1321 607 1394 ἔργοις⁹
635 1323 723 1376 διὰ
745 1323 997 1395 πάσηςδὲ
1027 1324 1218 1396 χωρῶν
1250 1325 1474 1396 ἀρετῆς,
1501 1325 1773 1388 παντοίοις

219 1411 475 1475 εὐσεϐείας
528 1415 763 1484 καρποῖς
815 1412 1160 1485 ένηὸρύνετο,
1226 1413 1623 1486 μεγαλοψύχοις
1674 1414 1771 1485 μὲν

217 1502 532 1573 εὐεργεσίαις
548 1506 674 1567 τοὺς
694 1504 1004 1576 γνωρίμους
1017 1505 1342 1560 καταδουλού
1350 1522 1530 1576 μενος,
1557 1507 1771 1577 κρατῶν

215 1594 265 1647 δὲ
290 1594 461 1665 νόμοις
505 1593 933 1666 φιλανθρωπίας,
965 1596 1175 1668 εὐήνιόν
1205 1614 1264 1650 τε
1301 1597 1401 1669 τὴν
1450 1596 1624 1669 ἀρχὴν
1675 1596 1771 1651 καὶ

214 1683 522 1737 πολύευκτον
552 1685 724 1739 ἅπασι
772 1687 888 1748 τοῖς
925 1685 1249 1757 ἀρχομένοις
1276 1686 1765 1758 κατεργαζόμενος,

2468 971 2695 1029 CAPUT
2725 971 2819 1029 IX.

1881 1087 2054 1154 Quod,
2070 1087 2144 1157 pii
2189 1066 2527 1155 ίῖηρεταιοτίε
2560 1084 2727 1153 ﬁlius,
2751 1066 3023 1153 imperium
3062 1082 3442 1154 Iih'isreh'quil.

1947 1220 2213 1277 Caeterum
2249 1233 2355 1272 non
2401 1217 2453 1272 id
2485 1217 2671 1271 verbis
2701 1216 2921 1284 quidem
2965 1215 3237 1285 praestitit,
3262 1230 3320 1269 re
3344 1230 3446 1269 au-

1880 1321 1986 1368 tem
2026 1312 2140 1380 ipsa
2169 1310 2464 1364 frustratus
2495 1315 2603 1363 est.
2637 1307 2739 1362 Sed
2776 1308 2829 1361 in
2861 1308 3007 1362 omni
3038 1322 3236 1377 genere
3268 1306 3444 1361 virtu—

1878 1405 1951 1461 tis
1974 1413 2148 1459 semet
2189 1415 2473 1466 exercens,
2518 1399 2687 1455 variis
2725 1398 2941 1469 pietatis
2978 1398 3242 1453 tructibus
3280 1397 3445 1451 abun-

1877 1495 2063 1558 davit,
2120 1494 2325 1548 amicos
2378 1492 2597 1562 quidem
2642 1490 2951 1561 ingentibus
3014 1492 3290 1546 beneﬁciis
3337 1490 3443 1545 sibi

1876 1587 2222 1649 devinciens,
2254 1584 2497 1640 subditos
2525 1600 2657 1640 vero
2683 1584 2984 1640 clementiae
3023 1583 3226 1652 legibus
3254 1582 3442 1637 mode-

1874 1699 2022 1748 rans,
2051 1692 2107 1738 et
2160 1682 2448 1750 imperium
2501 1696 2657 1737 suum
2716 1680 2982 1749 placidum
3029 1680 3244 1734 cunctis
3281 1688 3444 1746 atque

212 1777 370 1830 εἰσότε
421 1775 607 1831 λοιπὸν
664 1778 900 1848 μακραῖς
960 1777 1227 1848 περιόδοις
1273 1776 1410 1831 ἐτῶν
1458 1769 1762 1848 κεκμηκότσ

1874 1772 2109 1843 optabile
2153 1772 2441 1839 exhibens,
2480 1774 2651 1828 donec
2677 1778 2799 1840 post
2838 1769 2995 1838 longa
3023 1784 3283 1825 annorum
3314 1783 3441 1823 cur-

210 1867 357 1921 αὐτὸν
393 1867 555 1932 θείοις
581 1867 757 1922 ἄθλων
795 1867 991 1937 ἀγῶσι,
1041 1868 1314 1942 βραδείοις
1362 1867 1660 1931 ἀθανασίας
1704 1866 1765 1920 ὃν

209 1957 375 2027 ἐτίμα,
407 1957 540 2022 Θεὸς
560 1958 988 2030 ἀναδησάμενος,
1017 1958 1216 2031 θνητῆς
1244 1961 1311 2013 ὲκ
1340 1958 1614 2029 βασιλείας
1670 1958 1764 2010 ὲπὶ

206 2048 298 2119 τὴν
327 2052 452 2121 παρ’
478 2050 647 2104 αὐτοῦ
675 2050 874 2122 ψυχαῖς
900 2053 1077 2115 ὁσίαις
1096 2051 1526 2123 τιταμιευμένην
1551 2049 1766 2104 ἀτελεύ-

205 2154 353 2209 τητον
380 2137 522 2211 ζωὴν
556 2143 950 2214 μετεστήσατο,
998 2142 1219 2214 τριττὴν
1251 2141 1455 2196 παίδων
1479 2139 1638 2212 γονὴν
1662 2140 1763 2211 τῆς

207 2231 369 2302 ἀρχῆς
395 2231 638 2302 διάδοχον
668 2233 906 2304 ἐγείρας.
942 2232 1098 2288 Οὕτω
1124 2233 1188 2305 δὴ
1209 2234 1303 2288 καὶ
1326 2232 1514 2305 θρόνος
1539 2232 1639 2302 τῆς
1667 2230 1763 2302 βα-

206 2322 394 2387 σιλείας
443 2322 713 2395 πατρόθεν
749 2324 847 2395 μὲν
888 2326 969 2387 είς
1010 2323 1174 2378 αὐτὸν
1223 2324 1436 2395 κατῄει,
1472 2321 1657 2393 θεσμῷ
1704 2321 1761 2374 δὲ

205 2413 423 2482 φύσεως,
451 2416 608 2469 παισὶ
632 2416 728 2469 καὶ
772 2418 886 2479 τοῖς
916 2415 1119 2469 τούτων
1141 2415 1382 2483 ἐκγόνοις
1420 2413 1757 2485 ὲταμιεύετο,

203 2509 273 2571 είς
290 2508 479 2578 ἀγήρω
498 2524 561 2561 τε
592 2507 780 2580 χρόνον
810 2502 900 2562 οἷά
920 2524 1005 2571 τις
1031 2506 1281 2578 πατρῷος
1304 2504 1605 2577 ἐμηκύνετο
1631 2504 1761 2575 κλῆ-

208 2615 304 2670 ρος.
330 2599 461 2662 Θεὸς
509 2599 607 2670 μὲν
654 2595 746 2652 οὖν
794 2598 954 2653 αὐτὸν
989 2598 1082 2652 καὶ
1109 2598 1204 2651 σὺν
1241 2598 1371 2667 ἡμῖν
1402 2596 1483 2650 ἔτι
1506 2596 1633 2650 ὄντα
1670 2595 1760 2649 τὸν

205 2689 456 2762 μακάριον
480 2689 838 2762 θεοπρεπέσιν
858 2688 1077 2759 suum
1096 2690 1300 2760 τιμαῖς,
1317 2688 1413 2742 καὶ
1425 2687 1763 2742 τελευτῶντα

202 2785 471 2855 κοσμήσας
495 2781 794 2856 ἐξαιρέτοις
820 2787 934 2848 τοῖς
961 2786 1092 2855 παρ’
1118 2780 1283 2837 αὐτοῦ
1308 2782 1758 2853 πλεονεκτήμασι,

203 2876 386 2945 γένοιτ’
399 2877 463 2930 ἂν
483 2876 649 2931 αὐτοῦ
668 2876 764 2930 καὶ
783 2876 1048 2948 γραφεὺς,
1061 2877 1255 2944 πλαξὶν
1274 2875 1538 2951 οὐρανίων
1551 2872 1762 2946 στηλῶν

201 2968 316 3031 τοὺς
358 2967 466 3023 τῶν
517 2968 685 3023 αὐτοῦ
728 2968 1169 3042 κατορθωμάτων
1205 2968 1399 3032 ἄθλους
1433 2966 1543 3038 (27)
1576 2965 1761 3019 ἀνατι-

203 3057 326 3124 θείς.

201 3161 317 3222 ptor
356 3153 523 3209 fuerit
571 3152 828 3219 idoneus;
883 3153 1083 3224 quippe
1125 3154 1215 3224 qui
1263 3152 1556 3208 certamina
1612 3152 1757 3209 illius

200 3247 502 3303 secraverit.

719 3339 1115 3393 ΚΕΦΑΛΑΙΟΝ
1173 3340 1231 3393 ι’.

199 3428 331 3498 Περὶ
354 3427 460 3484 τοῦ
484 3431 581 3485 καὶ
609 3430 944 3498 ἀναγκαίαν
980 3425 1134 3483 εἶναι
1169 3428 1270 3482 καὶ
1290 3428 1621 3500 ψυχωερελῆ
1648 3428 1766 3500 τὴν

702 3501 976 3567 ἱστορίαν
1002 3500 1251 3567 ταύτην.

274 3593 424 3663 Ἐμοὶ
449 3592 496 3645 δ’
524 3593 572 3645 εί
598 3593 694 3646 καὶ
716 3592 778 3644 τὸ
803 3591 980 3660 λέγειν
1004 3590 1223 3657 ὲπάξιόν
1249 3609 1302 3645 τι
1332 3591 1434 3664 τῆς
1456 3591 1547 3646 τοῦ
1576 3592 1765 3666 ἀνδρὸς

203 3685 589 3756 μακαριότητος
614 3684 818 3753 ἄπορον
856 3682 1130 3753 τυγχάνει,
1158 3683 1220 3735 τό
1258 3700 1317 3735 τε
1354 3687 1562 3755 σιωπᾷν
1590 3685 1765 3754 ἀσφα-

200 3775 282 3840 λὲς
328 3776 419 3829 καὶ
472 3775 777 3838 ἀκίνδυνον,
830 3776 980 3845 ὅμως
1023 3776 1337 3843 ἀναγκαῖον,
1394 3777 1621 3847 μιμήσει
1665 3776 1763 3847 τῆς

201 3866 411 3944 θνητῆς.
429 3866 818 3937 σκιαγραφίας,
866 3865 964 3937 τὴν
995 3865 1084 3920 διά
1112 3865 1284 3934 λόγων
1315 3867 1499 3921 εἰκόνα
1526 3867 1618 3919 τοῦ
1646 3868 1761 3922 Oeo-

200 3955 375 4024 φιλοῦς
402 3957 681 4010 ἀναθεῖναι
715 3956 925 4027 μνήμῃ,
972 3955 1131 4008 ὄκνου
1164 3957 1256 4008 καὶ
1282 3955 1481 4027 ἀργίας
1512 3957 1763 4024 ἀιροσιου-

202 4048 383 4120 μένους
401 4047 509 4119 (28)
519 4047 690 4118 ἐγκλη
702 4064 775 4117 μα
784 4088 795 4099 .
812 4046 1060 4117 Αἰσχυνώ
1066 4064 1171 4118 μην
1187 4047 1256 4117 γὰ
1265 4064 1294 4118 ρ
1308 4046 1372 4101 ἂν
1386 4048 1616 4119 ἐμαυτὸν
1629 4049 1737 4121 (29)
1746 4089 1760 4113 ,

199 4144 242 4195 ει
267 4142 337 4212 μὴ
361 4141 428 4195 τὰ
457 4141 600 4195 κατὰ
648 4139 897 4210 δύναμιν,
929 4140 1031 4193 κᾶν
1065 4139 1278 4211 σμικρὰ
1373 4142 1543 4194 ταῦτα
1568 4142 1660 4194 καὶ
1681 4141 1765 4194 εὐ-

198 4232 336 4302 τελῆ,
366 4232 441 4304 τῷ
468 4232 744 4304 ὑπερϐολῇ
769 4231 1046 4295 εὐλαϐείας
1066 4231 1197 4286 Θεὸν
1218 4234 1531 4304 τετιμηκότι
1556 4234 1764 4303 συμόαη

198 4324 405 4396 λοῦμαι.
437 4322 604 4396 Οἶμαι
627 4324 683 4377 δὲ
710 4324 804 4377 καὶ
837 4322 1009 4386 ἄλλως
1044 4323 1302 4394 βιωφελὲς
1344 4326 1436 4378 κα)⁵
1470 4327 1762 4393 ἀναγκαῖον

202 4418 402 4472 ἔσεσθαί
464 4436 556 4491 μοι
608 4417 670 4471 τὸ
715 4417 969 4488 γράμμα,
1018 4419 1421 4492 περιλαμϐάνον
1476 4419 1763 4491 βασιλικῆς

203 4510 538 4578 μεγαλονοίας
565 4509 813 4581 πράξεις,
841 4510 958 4581 Θεῷ
985 4510 1060 4580 τῷ
1082 4512 1415 4584 παμϐασιλεῖ
1438 4512 1763 4583 κεχαρισμέ-

205 4620 304 4667 νας.
329 4599 405 4656 τΗ
428 4604 539 4674 γὰρ
585 4605 687 4656 οὐκ
723 4603 964 4674 αἰσχρὸν,
998 4603 1248 4676 Νέρωνος
1277 4604 1372 4674 μὲν
1403 4604 1501 4675 τὴν
1543 4604 1762 4674 μνήμην

203 4695 283 4747 ιαί
305 4695 407 4749 τῶν
452 4695 645 4749 τούτου
671 4693 867 4765 μακρῷ
894 4694 1148 4765 χειρόνων
1184 4694 1460 4749 δυσσεόὦν
1487 4711 1647 4748 τινων
1669 4694 1762 4747 καὶ

1873 1866 2043 1920 ricula
2069 1905 2085 1931 ,
2137 1865 2284 1920 Deus
2328 1879 2490 1935 quem
2541 1862 2822 1926 coluerat,
2863 1862 3032 1918 variis
3080 1861 3226 1917 illum
3265 1869 3443 1917 certa-

1858 1961 2108 2016 minibus
2154 1959 2428 2016 deiessnm
2501 1958 2924 2015 immortalitatis
2968 1958 3208 2027 premiis
3261 1972 3442 2014 remu-

1868 2063 2128 2117 neratus,
2170 2067 2236 2106 ex
2279 2050 2497 2107 mortali
2538 2065 2705 2121 regno
2756 2051 2823 2105 ad
2870 2049 3230 2106 immortalem
3275 2051 3440 2105 vitam

1869 2145 2076 2199 sanctis
2133 2144 2329 2199 animis
2392 2144 2533 2213 apud
2589 2159 2648 2199 se
2710 2152 3064 2213 praeparatam
3117 2141 3437 2209 transtulit;

1871 2233 2031 2287 trium
2081 2232 2376 2289 liberorum
2419 2231 2637 2298 sobole,
2679 2237 2769 2303 qui
2799 2235 2850 2287 in
2902 2232 3127 2301 imperio
3160 2233 3209 2289 ei
3255 2247 3445 2289 succe-

1867 2327 2098 2392 derent,
2131 2328 2386 2380 excitata.
2422 2325 2477 2380 in
2530 2326 2676 2381 hunc
2723 2326 2884 2395 igitur
2925 2325 3145 2383 modum
3185 2326 3443 2396 imperia-

1868 2418 1935 2473 lis
1981 2419 2219 2489 dignitas
2251 2434 2281 2473 a
2336 2427 2491 2489 patre
2527 2419 2745 2490 quidem
2792 2421 3108 2476 transmissa
3155 2420 3223 2474 ad
3264 2420 3440 2490 ipsum

1866 2510 2149 2580 pervenit;
2189 2508 2314 2577 jure
2345 2521 2524 2565 autem
2565 2520 2771 2564 natum
2808 2510 2995 2566 liberis
3042 2524 3109 2565 ac
3158 2510 3441 2580 nepotibus

1865 2612 2106 2667 servata,
2168 2610 2225 2656 et
2275 2601 2331 2656 in
2382 2613 2698 2670 perpetuum
2748 2601 3005 2672 deinceps
3054 2610 3308 2672 tanquam
3347 2616 3441 2670 pa-

1868 2700 2021 2747 terna
2045 2693 2305 2762 {quaedam
2342 2693 2632 2749 haereditas
2678 2705 2969 2765 pr0pagata
3014 2704 3119 2750 est.
3159 2696 3265 2761 Ac,
3296 2692 3441 2749 Deus

1866 2784 2084 2853 quidem
2107 2784 2242 2853 ipse,
2258 2783 2350 2854 qui
2378 2784 2746 2841 beatissimum
2766 2784 2912 2839 illum
2936 2785 3232 2855 principem
3266 2783 3442 2839 adhuc

1866 2875 2151 2931 nobiscum
2175 2875 2228 2931 in
2261 2873 2422 2932 terris
2453 2886 2700 2947 agentem
2723 2877 2919 2932 divinis
2947 2878 3247 2935 honoribus
3272 2876 3440 2931 subli-

1865 2969 2055 3033 mavit,
2075 2971 2432 3039 eamdemque
2460 2970 2781 3025 morientem
2805 2971 3002 3025 eximia
3032 2972 3266 3041 quadam
3295 2985 3436 3039 prte-

1868 3059 2114 3131 rogativa
2153 3059 2435 3131 dignitatis
2465 3064 2679 3116 ornavit
2701 3102 2718 3128 ,
2748 3062 2897 3118 solus
2928 3063 3052 3117 vita:
3104 3062 3249 3116 illius
3294 3062 3437 3117 scri-

1814 3166 2011 3222 resque
2048 3152 2309 3223 praeclare
2365 3164 2543 3223 gestas
2590 3154 2644 3208 in
2706 3154 3020 3210 coelestibus
3065 3154 3259 3210 tabulis
3300 3170 3431 3211 con-

2490 3333 2716 3392 CAPUT
2745 3332 2816 3390 X.

1870 3427 2021 3494 Quod
2076 3428 2301 3482 historia
2358 3429 2471 3481 Ιιανο
2534 3427 2861 3489 necessaria,
2899 3435 2950 3480 et
3005 3426 3077 3480 ad
3135 3427 3440 3492 formandos

2401 3512 2570 3551 mores
2620 3497 2767 3550 utilis
2824 3496 2910 3549 sit.

1936 3589 2050 3662 Ego
2072 3605 2200 3647 vero
2233 3589 2450 3645 tametsi
2495 3588 2630 3643 tanti
2667 3588 2885 3657 quidem
2927 3588 3028 3643 viri
3065 3588 3324 3644 felicitate
3355 3590 3439 3644 di-

1865 3697 2032 3752 gnum
2082 3684 2362 3753 quidpiam
2412 3684 2594 3738 dicere
2625 3678 2839 3736 dilIicile
2877 3683 3162 3736 admodum
3203 3697 3325 3737 esse
3356 3683 3441 3736 iu-

1865 3774 2126 3845 telligam,
2161 3774 2321 3830 silere
2353 3786 2532 3832 autem
2573 3786 2742 3833 tutum
2775 3791 2838 3831 ac
2888 3776 3131 3845 periculo
3163 3790 3395 3829 vacuum
3425 3796 3437 3830 :

1865 3867 2237 3921 necessarium
2295 3868 2653 3923 nihilominus
2701 3878 2833 3939 puto
2888 3868 3440 3939 piissimiipriucipis

1865 3957 2175 4027 imaginem,
2233 3960 2482 4029 exemplo
2541 3960 2787 4015 mortalis
2837 3960 3095 4029 picturae,
3150 3960 3438 4015 verborum

1866 4048 2139 4103 coloribus
2181 4064 2496 4119 expressam
2547 4052 2614 4106 ad
2659 4051 3049 4121 sempiternam
3095 4058 3436 4122 posterorum

1864 4145 2181 4197 memoriam
2230 4158 2580 4213 consecrare,
2630 4154 2688 4201 ut
2739 4145 2960 4199 desidia:
3016 4154 3179 4213 atque
3231 4144 3438 4199 inertia:

1864 4236 2069 4291 crimen
2097 4235 2256 4308 41],
2287 4254 2317 4291 a
2351 4241 2509 4294 nobis
2539 4238 2894 4306 depellamus.
2921 4236 3003 4291 Me
3031 4238 3171 4291 enim
3192 4238 3435 4308 profecto

1864 4327 2089 4396 puderet
2115 4328 2218 4382 mei
2247 4329 2441 4397 ipsius,
2474 4330 2576 4384 nisi
2609 4345 2825 4384 omnem
2885 4341 3057 4382 meam
3110 4328 3433 4385 industriam

1863 4433 1927 4472 ac
1955 4417 2295 4483 facultatem,
2315 4418 2440 4473 licet
2464 4420 2750 4473 admodum
2782 4420 2915 4474 levis
2931 4419 2999 4473 sit
3028 4429 3189 4489 atque
3218 4420 3431 4488 exigua,

1864 4509 1917 4563 in
1972 4510 2116 4565 hunc
2166 4511 2256 4578 qui
2291 4510 2532 4565 divinum
2584 4510 2793 4566 Numen
2850 4526 3061 4566 summa
3088 4506 3433 4567 observantia

1867 4614 2153 4658 veneratus
2204 4611 2308 4667 est,
2342 4603 2669 4660 conferrem.
2721 4605 2826 4660 Sed
2873 4615 2929 4661 et
2978 4606 3045 4661 ad
3092 4618 3432 4660 communem

1869 4693 2152 4749 hominum
2192 4698 2358 4750 vitam
2387 4696 2542 4763 utile,
2570 4697 2811 4768 mihique
2839 4698 2893 4753 in
2936 4696 3130 4769 primis
3177 4710 3431 4750 necessa-

261 4850 368 4932 (‘2_6)
396 4848 626 4932 Εἶτ’-οὐ
656 4849 881 4919 λόγοις.
910 4849 994 4903 Ab
1024 4851 1108 4932 bis
1147 4852 1329 4907 verbis
1356 4860 1518 4932 caput
1549 4853 1759 4907 orditur

1872 4853 2028 4932 _5avil.
2054 4861 2107 4907 et
2139 4852 2303 4932 ῐῗιιιιη
2330 4852 2587 4932 scribitur
2617 4850 3056 4932 ᾲφοσιουμένους.
3102 4852 3196 4932 Est
3253 4860 3430 4932 autem

203 4919 386 4991 begins
441 4923 846 4991 codequnem
883 4935 993 4991 nos
1047 4920 1277 4977 libenter
1318 4921 1490 4976 secuti
1548 4937 1755 4979 sumus.

200 4988 363 5062 podex
389 5007 609 5061 quoque
638 4988 777 5044 Fuk;
805 4989 894 5062 qui
915 4990 1149 5062 singulis
1168 4992 1435 5062 capitibus
1466 5006 1595 5047 suos
1630 4994 1758 5047 titu-

200 5058 271 5113 los
292 5058 431 5117 solet
460 5058 766 5131 prietigere,
804 5059 875 5112 ab
912 5058 1100 5131 iisdém
1133 5058 1314 5116 verbis
1354 5072 1516 5131 caput
1542 5064 1758 5116 exordi-

203 5138 297 5201 tur.
325 5132 583 5185 Eamdem
617 5129 852 5199 denique
885 5129 1178 5201 sectionem
1204 5130 1379 5201 reperi
1405 5129 1457 5184 in
1487 5133 1758 5189 veteribus

203 5200 405 5254 schedis
438 5201 789 5255 bibliotheca:
819 5200 1019 5268 iiegim.

261 5270 370 5338 (27)
401 5269 895 5339 Kato‘pOomdtwr
918 5268 1162 5337 ἄθλους.
1212 5269 1372 5324 Deest
1412 5284 1518 5325 vox
1569 5270 1760 5324 ἀνατι-

201 5336 321 5409 θείς,
345 5354 511 5409 quam
542 5336 598 5394 in
629 5336 812 5395 nam:
849 5338 985 5409 libro
1010 5342 1076 5393 ad
1120 5336 1417 5409 marginem
1464 5341 1758 5409 ascriptum

200 5407 390 5464 inveni.
423 5410 482 5464 In
505 5410 729 5464 schedis
754 5419 934 5465 autem
962 5408 1145 5479 Regiis
1178 5407 1301 5477 post
1323 5423 1510 5463 vocem
1540 5408 1755 5474 ἄθλους,

202 5480 305 5533 haec
330 5480 703 5552 addunturkad
729 5480 1046 5552 marginem,
1086 5480 1170 5542 εἰς
1205 5479 1450 5548 μακροὺς
1488 5480 1759 5552 ἐγχαράτ-

199 5566 295 5603 των
326 5549 553 5614 αἰῶνας.
604 5542 738 5616 Qua:
788 5542 1033 5619 profecto
1082 5542 1437 5617 nequaquam
1470 5542 1757 5616 reﬁcienda

201 5621 317 5673 mihi
352 5621 628 5682 videntur,
659 5621 774 5675 sive
791 5618 868 5674 ex
894 5618 1230 5686 conjectura,
1260 5620 1375 5686 sive
1413 5633 1481 5672 ex
1522 5619 1628 5672 alio
1661 5635 1759 5684 co,-

202 5692 319 5812 αἱξῆ
354 5690 678 5759 deprompta
705 5691 832 5745 sint.
859 5685 1044 5746 Codex
1071 5696 1252 5742 tamen
1282 5685 1419 5740 Fuit.
1450 5689 1613 5744 habet
1630 5690 1763 5744 dwa-

202 5775 241 5811 τι
273 5777 371 5812 εις.

200 5775 371 5821 τιυεις.

260 5829 369 5899 (9.8)
420 5828 579 5900 Vulg.
663 5828 1159 5901 Ἀφωσιωμένους.
1224 5825 1282 5882 In
1342 5828 1494 5885 codd.
1569 5828 1757 5902 Regio,

1864 4923 1982 4994 haec
2039 4925 2216 4994 oratio
2293 4924 2704 4994 σολοικοφανής,
2758 4922 3051 4994 Dicendum
3111 4923 3254 4994 enim
3316 4930 3433 4975 erat

1858 4992 2261 5065 άφοσιουμένῳ,
2294 4996 2346 5065 si
2379 4990 2667 5065 ettiendate
2691 4992 2836 5061 loqui
2864 4990 3141 5065 voluisset.
3175 4992 3231 5046 In
3281 4999 3429 5045 vete—

1863 5064 2014 5116 ribus
2058 5061 2273 5119 scliedis
2334 5064 2533 5134 legitur
2597 5061 3027 5134 ἀφωσιωμένου,
3089 5073 3144 5118 et
3209 5078 3290 5133 νῳ
3336 5076 3430 5115 su-

1862 5134 2221 5202 per-scriptum
2246 5141 2347 5187 est.
2584 5198 2595 5202 _
2681 5198 2702 5202 _
2794 5198 2805 5202 _
2864 5176 2867 5179 .

1937 5201 2051 5273 (29)
2074 5198 2498 5272 ⁷λυριγχωεοίμιην·
2673 5198 2750 5252 ἂν
2780 5198 3061 5273 ἐμαυτόν.
3103 5200 3218 5273 Vos
3256 5201 3430 5273 ἐμαυ-

1864 5270 1957 5327 τόν
1994 5268 2322 5342 transpusita
2350 5268 2469 5342 esse
2499 5268 2735 5342 videtur,
2765 5280 2831 5342 Aet
2856 5268 3084 5342 inferius
3106 5268 3429 5342 collocanda

1866 5343 1968 5396 hoc
2005 5338 2187 5412 modo.
2212 5341 2569 5412 αἰσχυνοίμην
2621 5338 2847 5412 γὰρᾶν,
2874 5340 2924 5392 εί
2954 5339 3029 5412 μὴ
3060 5338 3132 5392 τὰ
3167 5338 3311 5393 κατὰ
3330 5338 3431 5412 τὴν

1862 5410 2104 5481 ἐμαυτοῦ
2154 5408 2405 5481 δύναμιν,
2461 5408 2567 5481 etc.
2621 5408 2789 5481 Paulo
2816 5419 2937 5477 post
2957 5408 3087 5477 ‘le’go
3133 5424 3201 5481 ex
3244 5408 3432 5481 codice

1862 5477 1997 5553 Fuit.
2028 5480 2123 5553 Tqi
2144 5477 2723 5553 arrepdokﬁ‘euitaﬁeiac
2750 5477 3247 5553 Gebv‘rs‘rtpnxdrt,
3273 5479 3361 5553 vel
3383 5480 3430 5533 si

1863 5552 2020 5624 malis
2057 5549 2135 5624 τῷ
2164 5552 2231 5624 δι’
2254 5549 2585 5624 ὐπερὼλήν.
2619 5550 2679 5603 In
2708 5550 2990 5624 veteribus
3004 5549 3220 5624 schedis
3237 5549 3433 5624 bibli_o_-

1862 5622 2035 5677 theca:
2056 5616 2236 5690 Regia:
2256 5622 2342 5675 hic
2365 5616 2617 5690 iocus'ita
2631 5619 2992 5690 suppleturad
3011 5621 3288 5690 inarginen
3307 5636 3322 5672 :
3339 5616 3433 5689 Τῷ

1864 5691 2074 5756 πάντας
2092 5687 2241 5762 ἡμᾶς
2266 5691 2334 5743 δι’
2367 5689 2669 5762 ὑπερϐολὴν
2700 5687 2987 5762 εὐλαϐείας
3029 5688 3164 5743 Θεοῦ
3207 5687 3433 5762 τετιμηὲ

1867 5762 2003 5815 κότι.
2035 5761 2187 5828 Quud
2210 5761 2651 5830 cquidcm'valde
2678 5761 2866 5831 probo.
