3860 6496
1406 239 1437 267 1

216 376 304 431 925

1263 379 1352 436 DE
1388 381 1552 437 VITA
1587 381 2052 442 CONSTANTINI
2089 386 2216 445 LIB.
2255 388 2302 444 Ι.

3315 393 3418 450 926

215 491 382 545 τούτου
407 488 481 562 τῷ
508 491 580 564 μὴ
611 494 926 565 μακαρίζειν
949 497 1056 567 (55)
1080 497 1246 571 ἄνδρα
1261 500 1366 571 πρὸ
1386 501 1638 572 τελευτῆς
1665 501 1745 556 διὰ

1856 504 2117 576 principis
2146 504 2332 561 laudes
2349 504 2552 575 quovis
2579 505 2841 563 orationis
2860 520 3059 576 genere
3082 506 3254 564 libere
3279 523 3417 578 pra:-

215 585 361 656 τὸτῆς
383 585 472 638 τοῦ
498 585 612 656 βίου
641 589 844 660 τροπῆς
886 590 1078 662 ἄδηλον
1125 593 1516 664 παρηγγέλθαι.
1545 593 1749 665 Κεκλή-

217 676 312 729 σθω
353 675 406 728 δὲ
455 677 586 740 Θεὸς
651 679 860 749 βοηθὸς,
915 681 1164 753 οὐράνιός
1207 700 1267 736 τε
1312 685 1571 756 συνεργὸς
1614 687 1747 756 ἡμῖν

214 765 458 836 ἑμπνείτω
481 767 668 835 Λόγος.
721 770 808 834 Ἐξ
838 771 1004 842 αὐτῆς
1042 775 1086 827 δ’
1135 775 1239 846 ῆδη
1286 775 1506 848 πρώτης
1534 778 1748 848 ἡλικίας

212 856 290 909 τοῦ
313 857 489 928 ἀνδρὸς
516 851 619 912 ὧδέ
654 878 726 932 πη
754 863 852 933 τῆς
877 866 1092 936 γραφῆς
1113 866 1499 939 ἀπαρξώμεθα.

1854 596 2115 653 dicemus.
2142 597 2276 652 Nam
2319 607 2476 654 antea
2520 599 2734 669 quidem
2773 600 2827 654 id
2857 601 3037 658 facere
3074 616 3415 672 nequaquam

1853 686 2068 753 licebat,
2094 701 2375 761 propterea
2415 695 2556 763 quod
2596 694 2820 751 vetitum
2865 703 2950 750 est
2992 707 3062 750 ne
3092 708 3414 764 quemquam

1854 788 1983 833 ante
2011 781 2216 837 obitum
2266 785 2336 839 ob
2386 785 2623 842 incertas
2669 789 2793 842 vitae
2837 787 3160 842 mutationes
3196 787 3413 841 beatum

1851 876 2266 941 pronuntiemus
2291 880 2330 933 ι.
2365 877 2602 936 Proinde
2646 882 2812 937 Deum
2854 881 3152 952 adiutorem
3201 880 3412 941 invoco,

211 968 264 1006 ac
305 953 516 1008 caeleste
559 955 676 1022 ejus
720 959 952 1014 Verbum
1004 976 1234 1031 precor,
1298 972 1357 1018 ut
1404 964 1458 1018 in
1503 965 1607 1020 hoc
1668 979 1830 1035 opere
1863 968 2106 1026 asuirare
2158 974 2290 1028 mihi
2333 975 2484 1031 velit.
2541 976 2735 1032 Ordiar
2776 987 2953 1032 autem
2985 992 3014 1030 a
3054 976 3226 1046 prima
3273 975 3415 1028 illius

210 1055 348 1102 aetate
373 1047 423 1100 in
456 1049 600 1104 hunc
633 1053 875 1108 modum.

701 1167 1090 1223 ΚΕΦΑΛᾹΙΟΝ
1119 1173 1219 1225 IB'.

2449 1179 2674 1236 CAPUT
2718 1179 2832 1235 Xll.

210 1249 318 1304 Ὀτι
347 1251 422 1318 ὡς
457 1254 718 1324 Μωῦσῆς
742 1258 832 1343 ’.ἐν
868 1260 1082 1342 οἷκοις-
1097 1261 1404 1330 τυράννων
1447 1261 1744 1333 ἀνετράφη

1856 1269 2006 1336 Quod
2066 1269 2440 1343 Constantinus
2489 1275 2545 1326 in
2593 1284 2938 1343 tyrannorum
2990 1270 3222 1334 edibus,
3279 1271 3414 1324 sicut

733 1331 904 1384 Κωνσ
915 1331 1203 1398 ταντῖνος.

263 1414 455 1468 Παλαιὰ
479 1415 591 1486 (56)
617 1418 836 1490 κατέχει
862 1422 1040 1492 φήμη,
1067 1423 1218 1478 δεινά
1247 1441 1370 1478 τινα
1398 1426 1528 1498 γένη
1557 1427 1746 1498 τυράν-

2321 1341 2548 1411 Moyses,
2585 1341 2834 1396 educatus
2869 1345 2956 1395 sit.

1912 1429 2082 1484 Vetus
2135 1440 2326 1485 narrat
2367 1431 2590 1487 historia
2618 1441 2831 1501 gentem
2877 1430 3220 1486 Hebraeorum
3250 1446 3278 1482 a
3315 1445 3414 1484 sre-

203 1525 292 1560 νων
319 1509 404 1560 τὸν
456 1509 721 1582 Ἐὁραίων
769 1516 1142 1587 καταπονῆσαι
1188 1517 1344 1583 λεὼν,
1377 1518 1510 1572 Θεὸν
1541 1518 1603 1573 δὲ
1631 1523 1744 1584 τοῖς

1856 1522 2088 1577 vissimis
2123 1522 2252 1575 olim
2288 1522 2530 1593 tyrannis
2575 1535 2888 1590 oppressam
2906 1522 3095 1588 fuisse,
3116 1521 3416 1588 Deumque,

201 1601 664 1671 καταπονουμένοις
689 1604 888 1675 εὐμενῆ
915 1608 1318 1680 παραφανέντα,
1345 1611 1584 1665 Μωῦσέα
1612 1629 1743 1683 προ-

201 1689 373 1758 φήτην,
403 1688 482 1742 ἔτι
513 1690 634 1743 τότε
671 1693 1023 1763 νηπιάζοντα,
1070 1696 1254 1768 μέσοις
1285 1700 1466 1764 αὐτοῖς
1498 1719 1744 1773 τυραννι-

199 1782 294 1844 κοῖς
326 1781 488 1844 οἴκοις
524 1799 585 1835 τε
654 1787 749 1838 καὶ
782 1785 999 1851 κόλποις
1035 1789 1330 1860 τραφῆναι,
1365 1793 1582 1863 καὶτῆς
1611 1794 1741 1865 παρ’

197 1870 358 1934 αὐτοῖς
392 1877 680 1943 μετασχεῖν
710 1877 1006 1948 προνοῆσαι
1052 1880 1261 1949 σοφίας.
1303 1883 1391 1946 Ὠς
1426 1884 1470 1936 δ’
1514 1883 1680 1936 ὲπιὼν
1715 1886 1744 1937 ό

198 1963 362 2032 χρόνος
384 1965 473 2016 τὸν
507 1965 608 2035 μὲν
637 1969 717 2031 είς
746 1969 943 2040 ἄνδρας
973 1970 1178 2036 ἐκάλει,
1206 1973 1326 2045 δίκη
1364 1974 1408 2027 δ’
1434 1977 1466 2046 ἡ
1494 1975 1602 2028 τῶν
1628 1977 1742 2030 ἁδι-

198 2058 450 2127 κουμένων
474 2060 689 2130 ἀρωγὸς
712 2063 837 2124 τοὺς
869 2063 1184 2128 ἀδικοῦντας
1212 2068 1419 2138 μετῄει,
1446 2068 1745 2139 τηνικαῦτα

196 2147 247 2212 ἐξ
273 2150 440 2203 αὐτῶν
465 2152 802 2222 τυραννικῶν
827 2153 1089 2224 δωμάτων
1124 2157 1397 2228 προελθὼν
1423 2161 1450 2213 ό
1482 2160 1574 2213 τοῦ
1609 2161 1744 2214 Θεοῦ

198 2241 488 2312 προφήτης,
522 2245 590 2313 τῇ
627 2241 719 2295 τοῦ
756 2245 1058 2315 κρείττονος
1091 2248 1389 2319 διηκονεῖτο
1425 2249 1607 2323 βουλῇ,
1637 2251 1746 2305 τῶν

199 2332 281 2401 μὲν
303 2333 758 2406 ἀναθρεψαμένων
781 2339 1055 2410 τυράννων
1112 2340 1292 2412 ἔργοις
1325 2343 1417 2395 καὶ
1447 2341 1624 2412 λόγοις
1653 2343 1746 2396 ἀλ-

195 2423 568 2497 λοτριούμενος,
609 2430 734 2491 τοὺς
781 2429 824 2482 δ’
871 2430 1058 2502 ἀληθεῖ
1095 2431 1237 2502 λόγῳ
1272 2433 1563 2505 σφετέρους
1591 2434 1746 2487 ἀδελ-

197 2518 309 2582 φούς
349 2534 407 2570 τε
455 2519 550 2571 καὶ
599 2523 879 2588 συγγενεῖς
913 2521 1226 2589 ἀποφαίνων
1274 2523 1615 2594 γνωρίμους·
1648 2524 1744 2578 κά-

196 2624 334 2661 πειτα
378 2609 510 2673 Θεὸς
562 2610 722 2663 αὐτὸν
769 2611 1118 2682 καθηγεμόνα
1175 2611 1268 2666 τοῦ
1317 2615 1513 2678 παντὸς
1561 2615 1744 2679 ἔθνους

194 2701 410 2771 ἐγείρας,
446 2701 731 2773 Ἐϐραίους
759 2703 855 2773 μὲν
885 2703 983 2774 τῆς
1013 2704 1116 2757 ὑπὸ
1143 2708 1254 2768 τοῖς
1279 2705 1490 2776 ἐχθροῖς
1521 2706 1743 2776 ἠλευθέ-

198 2808 276 2862 pou
317 2791 576 2856 δουλείας,
602 2792 661 2846 τὸ
699 2793 756 2847 δὲ
786 2795 1100 2866 τυραννικὸν
1125 2796 1279 2864 γένος
1306 2797 1580 2868 θεηλάτοις
1615 2817 1745 2870 μετ-

194 2886 369 2956 ήρχετο
422 2886 490 2939 δι’
559 2885 726 2940 αὐτοῦ
789 2887 1184 2958 κολαστηρίοις,
1239 2889 1396 2960 Φήμη
1455 2890 1554 2960 μὲν
1607 2889 1745 2962 αὕτη

195 2979 398 3043 παλαιὰ,
447 2977 619 3050 μύθου
656 2978 756 3051 μὲν
790 2982 1026 3051 σχήματι
1056 2983 1167 3044 τοῖς
1201 2980 1412 3045 πολλοῖς
1451 2982 1744 3054 παραδεδο-

196 3072 335 3143 μένη,
379 3075 477 3136 τὰς
512 3074 726 3127 πάντων
761 3073 929 3137 ἀκοὰς
972 3074 1228 3145 ἐπλήρου,
1264 3075 1379 3128 νυνὶ
1415 3075 1470 3127 δὲ
1508 3077 1536 3128 ό
1585 3077 1746 3141 αὐτὸς

195 3162 274 3214 καὶ
311 3165 437 3233 ἡμῖν
480 3163 634 3228 Θεὸς,
686 3163 943 3234 μειζόνων
983 3163 1015 3234 ἦ
1049 3165 1187 3218 κατὰ
1222 3165 1420 3235 μύθους
1458 3167 1746 3236 θαυμάτων

193 3255 505 3318 αύτοπτικάς
535 3254 685 3317 θέας,
717 3257 934 3325 νεαραῖς
961 3254 1113 3323 ὄψεσι
1144 3256 1324 3326 πάσης
1356 3258 1525 3328 ἀκοῆς
1557 3257 1748 3327 ἀληθε-

193 3348 370 3417 στέρας
403 3347 722 3418 δεδώρηται.
751 3346 1011 3437 Τύραννοι
1046 3347 1142 3417 μὲν
1183 3348 1292 3418 γὰρ
1332 3351 1380 3401 οἱ
1427 3348 1547 3401 καθ’
1578 3350 1744 3420 ἡμᾶς,
1774 3381 1818 3437 c

191 3440 268 3492 τὸν
291 3441 378 3492 ἐπὶ
404 3440 623 3493 πάντων
647 3437 778 3491 Θεὸν
810 3435 1062 3508 πολεμεῖν
1088 3439 1427 3509 ὡρμημένοι,
1454 3439 1549 3511 τὴν
1580 3440 1742 3494 αὐτοῦ

191 3533 504 3584 κατεπόνουν
535 3529 881 3600 Ἐκκλησίαν,
908 3529 1067 3600 μέσος
1095 3530 1150 3582 δὲ
1172 3530 1377 3593 τούτοις
1407 3533 1744 3584 Κωνσταντϊ-

189 3640 287 3686 νος,
330 3626 357 3676 ὁ
406 3623 524 3692 μετ’
578 3621 755 3689 ὀλίγον
799 3621 1236 3692 τυραννοκτόνος,
1270 3627 1398 3686 παῖς
1443 3624 1566 3694 ἄρτι
1605 3625 1741 3689 νέος,

190 3716 397 3780 ἁπαλὸς,
426 3714 627 3786 ὡραῖός
649 3715 696 3766 τ’
723 3713 913 3776 ἄνθους
945 3714 1159 3779 ἰούλοις,
1191 3710 1279 3768 οἷά
1307 3733 1390 3778 τις
1416 3717 1577 3780 αὐτὸς
1602 3718 1744 3770 ἐκεῖ-

189 3823 268 3869 νος
303 3807 330 3858 ὁ
373 3804 466 3857 τοῦ
515 3802 654 3857 Θεοῦ
705 3803 976 3875 θεράπων,
1026 3809 1377 3876 τυραννικαῖς
1420 3807 1746 3878 ὲίρήδρευσεν

189 3895 411 3959 ἑστίαις·
443 3895 505 3948 οὐ
542 3894 651 3966 μὴν
683 3895 778 3948 καὶ
817 3894 1032 3966 τρόπων
1063 3896 1169 3949 τῶν
1201 3897 1356 3962 ῐσων,
1392 3899 1590 3969 καίπερ
1629 3900 1747 3964 νέος

187 3989 276 4052 ὢν,
297 3991 406 4051 τοῖς
445 3987 626 4049 ἀθέοις
666 3985 956 4040 ἐκοινώνει.
998 3980 1159 4040 Εἷλκε
1195 3988 1303 4060 γὰρ
1331 3988 1490 4042 αὑτὸν
1517 3987 1576 4054 ἐξ
1606 3992 1749 4043 ὲκεί-

187 4097 270 4132 νου
299 4079 406 4148 (⁸57)
429 4078 558 4149 θείῳ
575 4076 854 4148 Πνεύματι
879 4077 1042 4148 φύσις
1070 4079 1248 4152 ἀγαθὴ
1277 4080 1411 4151 πρὸς
1432 4079 1523 4133 τὸν
1548 4082 1748 4152 εὐσεϐῆ

187 4173 274 4224 καλ⁵
301 4169 418 4240 Θεῷ
449 4168 845 4240 κεχαρισμένον
872 4169 983 4239 βίον
1001 4187 1016 4202 ⁸
1049 4172 1110 4226 οὐ
1160 4171 1264 4242 μὴν
1295 4171 1431 4226 ἀλλὰ
1462 4172 1560 4227 καὶ
1592 4171 1751 4244 ζῆλος

185 4262 337 4332 ἐνῆγε
367 4262 656 4334 πατρικὸς,
678 4262 764 4313 ἐπ’
791 4261 1007 4330 ἀγαθῶν
1031 4266 1260 4335 μιμήσει
1289 4265 1381 4317 τὸν
1403 4265 1564 4318 παῖδα
1593 4282 1752 4337 προσ-

184 4350 526 4422 καλούμενος.
571 4350 764 4422 Πατὴρ
792 4350 900 4422 γὰρ
918 4347 999 4422 ,ἦν
1029 4353 1178 4424 αὐτῷ
1197 4394 1213 4418 ,
1239 4355 1320 4407 ὅτι
1361 4354 1423 4426 δὴ
1457 4355 1553 4408 καὶ
1603 4354 1751 4422 ἄξιον

183 4444 237 4494 ὲν
265 4442 434 4513 καιρῷ
464 4441 643 4512 τούτῳ
670 4443 768 4514 τὴν
795 4444 1011 4515 μνήμην
1043 4444 1488 4517 ἀναζωπυρῆσαι,
1523 4463 1752 4518 περιφαε-

181 4535 426 4599 νέστατος
452 4535 563 4588 τῶν
588 4534 713 4588 καθ’
738 4536 883 4605 ἡμᾶς
907 4536 1323 4610 αὐτοκρατόρων
1356 4539 1748 4602 Κωνστάντιος.

181 4621 253 4680 Οὖ
286 4626 408 4698 πέρι
449 4627 560 4697 (58)
590 4625 660 4679 τὰ
703 4625 782 4695 τῷ
821 4627 972 4680 παιδὶ
1015 4629 1248 4701 φέροντα
1291 4629 1514 4701 κόσμον,
1563 4629 1756 4702 βραχεῖ

1850 1630 1971 1670 cum
2003 1629 2289 1683 oppressos
2323 1615 2557 1682 benigno
2590 1628 2653 1667 ac
2679 1612 2919 1682 propitio
2955 1613 3100 1664 vultu
3144 1610 3414 1678 respexis-

1848 1715 1952 1770 set,
1995 1706 2298 1774 providisse
2340 1715 2397 1759 ut
2435 1705 2694 1774 propheta
2731 1703 2905 1758 Moses
2939 1704 3028 1773 qui
3081 1713 3191 1756 tum
3237 1703 3412 1756 adhuc

1851 1796 2031 1852 infans
2060 1805 2198 1860 erat,
2231 1797 2303 1849 in'
2325 1794 2516 1849 mediis
2546 1805 2896 1864 tyrannorum
2923 1793 3129 1845 :edibus
3153 1792 3275 1845 etin
3298 1791 3412 1856 ipso

1850 1904 2037 1942 eorum
2097 1889 2304 1958 gremio
2350 1888 2696 1948 educaretur,
2745 1897 3068 1951 omnemque
3115 1897 3230 1951 quae
3272 1881 3412 1950 apud

1851 1981 1971 2034 iilos
2009 1989 2127 2033 erat
2175 1980 2494 2050 sapientiam
2525 1976 2874 2047 perdisceret.
2909 1975 3094 2029 Postea
3137 1989 3266 2028 vero
3291 1987 3412 2028 cum

1853 2071 1942 2127 ille
1978 2085 2262 2141 progressu
2296 2071 2552 2140 temporis
2576 2068 2642 2122 ad
2683 2067 2892 2121 virilem
2921 2065 3256 2134 pervenisset
3285 2073 3415 2118 aeta-

1855 2137 1993 2226 tem,
2011 2137 2273 2217 etdivina
2311 2137 2512 2228 iustitia
2548 2175 2665 2228 quae
2683 2159 2960 2230 Oppressis
2979 2155 3226 2226 opitulari
3259 2137 3432 2218 solet,

1853 2269 2043 2324 ptenas
2097 2256 2164 2308 ab
2218 2254 2419 2321 iniquis
2471 2252 2714 2323 tyrannis
2767 2258 3121 2318 exposceret;
3153 2257 3278 2300 tunc
3321 2245 3416 2300 Dei

1852 2347 2116 2417 propheta
2173 2363 2237 2400 ex
2273 2347 2403 2416 ipsis
2435 2345 2736 2415 tyrannicis
2781 2344 3057 2414 profectus
3085 2341 3308 2405 uadibus,
3344 2339 3418 2393 di-

1852 2441 1992 2494 vina:
2056 2439 2322 2494 voluntati
2384 2437 2747 2492 ministerium
2808 2451 2962 2490 suum
3032 2433 3297 2488 exhibuit.
3351 2430 3418 2484 Et

1855 2533 2000 2602 ipsos
2031 2530 2249 2600 quidem
2287 2540 2550 2602 tyrannos
2594 2545 2625 2582 a
2681 2528 2879 2598 quibus
2923 2526 3100 2580 fuerat
3136 2523 3418 2586 educatus,

1856 2638 1914 2676 re
1944 2636 2010 2676 ac
2040 2620 2217 2675 verbis
2244 2630 2522 2678 aversatus
2543 2629 2648 2686 est,
2675 2633 2771 2674 eos
2803 2632 2928 2673 vero
2960 2617 3049 2686 qui
3089 2630 3275 2669 revera
3309 2613 3418 2680 fta:

1855 2721 1966 2766 tres
2000 2719 2054 2764 et
2099 2710 2310 2779 cognati
2338 2719 2513 2776 erant,
2556 2710 2758 2764 amicos
2801 2723 2864 2762 ac
2909 2705 3205 2761 familiares
3234 2704 3417 2774 elegit.

1853 2803 2100 2857 Post-hsce
2133 2802 2274 2856 Deus
2296 2817 2416 2856 cum
2449 2801 2604 2854 illum
2641 2802 2804 2854 totius
2833 2799 3007 2870 gentis
3049 2799 3238 2853 ducem
3285 2811 3416 2852 con-

1853 2893 2142 2956 stituisset,
2162 2891 2418 2946 Hebraeos
2442 2891 2660 2961 quidem
2693 2889 3043 2943 acerbissima
3067 2887 3209 2957 apud
3238 2887 3420 2940 hostes

1855 2985 2116 3039 servitute
2166 2983 2457 3038 liberavit:
2501 2993 2850 3054 tyrannorum
2885 2989 3062 3034 autem
3104 2994 3274 3050 genus
3308 2993 3420 3032 ca:-

1863 3076 1992 3130 litus
2021 3075 2219 3130 inﬂixis
2250 3073 2526 3142 suppliciis
2559 3073 2674 3142 ejus
2715 3087 2878 3140 opera
2917 3071 3060 3125 ultus
3093 3079 3195 3124 est.
3227 3065 3418 3132 Vetus,

1855 3167 2094 3237 inquam,
2123 3169 2238 3221 ham
2275 3166 2522 3228 historia,
2552 3166 2724 3219 instar
2755 3163 2950 3217 fabulae
2979 3177 3009 3216 a
3041 3161 3224 3216 multis
3265 3174 3420 3213 acce-

1853 3269 1966 3328 pta,
1996 3258 2236 3312 omnium
2275 3273 2437 3312 aures
2480 3256 2788 3310 mortalium
2819 3254 3082 3324 implevit.
3111 3252 3263 3306 Nunc
3288 3266 3420 3306 vero

1853 3350 1992 3404 idem
2016 3348 2171 3403 nohis
2198 3348 2340 3402 Deus
2371 3347 2574 3415 majora
2604 3347 2861 3401 omnibus
2887 3344 3089 3399 fabulis
3109 3341 3270 3415 413
3315 3343 3418 3395 Ini-

1850 3442 2030 3496 racula
2056 3440 2184 3509 ipsis
2232 3441 2403 3495 oculis
2448 3448 2692 3508 spectare
2727 3435 2997 3493 concessit
3026 3453 3042 3502 ;
3075 3438 3215 3504 quod
3251 3448 3420 3504 genus

1844 3530 2131 3599 spectaculi
2164 3531 2302 3598 apud
2335 3544 2426 3583 eos
2466 3530 2554 3597 qui
2591 3543 2780 3582 recens
2829 3529 3098 3590 viderunt,
3129 3525 3276 3580 omni
3324 3540 3419 3578 au-

1845 3623 2048 3678 ditione
2081 3622 2184 3676 fide
2211 3623 2428 3692 dignius
2455 3621 2703 3675 habetur.
2731 3619 2938 3690 {Nostra
2968 3619 3112 3673 enim
3154 3627 3314 3672 aetate
3346 3627 3424 3687 ty-

1847 3715 2002 3769 ranni
2047 3715 2263 3783 quidem
2311 3713 2402 3783 qui
2465 3713 2724 3767 adversus
2775 3713 2939 3766 Deum
2995 3725 3262 3764 summum
3314 3726 3430 3763 om-

1847 3808 1993 3862 nium
2028 3822 2207 3877 regem
2271 3806 2468 3859 bellum
2509 3819 2728 3859 movere
2759 3804 3106 3857 instituerant
3127 3841 3142 3865 ,
3170 3801 3283 3868 ejus
3317 3798 3422 3854 Ec-

1848 3897 2066 3953 clesiam
2121 3897 2360 3970 graviter
2409 3903 2812 3966 oppresserunt.
2861 3891 3244 3948 Constantinus
3275 3905 3424 3946 vero:

1849 3990 1937 4059 qui
1971 3998 2156 4058 postea
2203 3997 2554 4058 tyrannorum
2588 3985 2902 4040 interfector
2933 3983 3053 4048 fuit,
3086 3983 3211 4036 dum
3249 3981 3425 4036 adhuc

1850 4080 2166 4134 adolescens
2203 4088 2347 4134 esset
2398 4088 2454 4134 et
2497 4077 2718 4147 juvenili
2762 4076 3013 4144 lanugine
3070 4077 3334 4139 decorus,
3369 4076 3422 4127 in

1852 4173 2029 4228 medio
2062 4172 2296 4237 illorum,
2325 4181 2383 4226 ut
2407 4172 2678 4243 quondam
2710 4169 2796 4224 ille
2832 4169 2922 4223 Dei
2954 4168 3186 4223 famulus
3224 4167 3420 4232 Moses,

1852 4264 1906 4319 in
1941 4265 2072 4332 ipsis
2102 4271 2454 4333 tyrannorum
2495 4263 2702 4316 mdibus
2739 4260 3001 4315 subsedit.
3033 4257 3218 4326 Neque
3242 4267 3422 4311 tamen

1852 4355 2068 4411 eosdem
2098 4369 2221 4410 cum
2251 4353 2430 4422 impiis
2465 4367 2642 4407 mores
2665 4391 2681 4415 ,
2716 4351 2932 4404 tametsi
2964 4347 3249 4402 admodum
3291 4346 3425 4400 ado-

1852 4444 2084 4510 lescens,
2117 4451 2358 4498 sectatus
2387 4449 2489 4494 est.
2509 4439 2716 4508 Quippe
2742 4440 2852 4506 jam
2880 4436 3006 4492 inde
3031 4436 3098 4490 ab
3121 4435 3211 4489 illa
3241 4443 3422 4500 aetate,

1853 4536 2068 4607 egregia
2121 4533 2325 4589 indoles
2374 4532 2554 4587 divino
2610 4530 2820 4600 Spiritu
2875 4527 3126 4598 impulsa,
3152 4526 3326 4596 ipsum
3357 4527 3425 4579 ad

1853 4631 1996 4699 piam
2029 4627 2244 4695 Deoque
2279 4633 2556 4694 acceptam
2580 4624 2744 4678 vitam
2776 4622 3056 4677 incitabat.
3102 4618 3208 4675 Sed
3245 4631 3299 4673 et
3325 4633 3427 4688 pa-

178 4717 318 4788 λόγῳ
342 4717 570 4771 διελθεῖν
595 4717 908 4787 ἀναγκαῖον.

1861 4722 1956 4776 tris
1984 4720 2257 4776 aemulatio
2304 4717 2554 4773 stimulos
2585 4717 2926 4782 admovebat,
2963 4728 3069 4783 qua
3108 4714 3175 4767 ad
3204 4709 3426 4766 virtutis

175 4822 226 4866 et
261 4813 520 4869 bonorum
578 4822 798 4867 actuum
845 4815 1203 4871 imitationem
1247 4816 1464 4885 juvenis
1523 4817 1960 4894 provocabatura
1995 4815 2156 4868 Pater
2189 4815 2452 4883 siquidem
2495 4814 2546 4867 ei
2597 4811 2697 4866 fuit
2739 4811 2884 4881 (nam
2929 4815 2984 4862 et
3020 4804 3178 4874 hujus
3229 4815 3429 4856 memo'

177 4905 308 4960 riam
381 4915 690 4978 opportune
728 4922 990 4962 renovare
1045 4925 1338 4980 congruum
1398 4912 1523 4981 est)
1579 4913 1968 4977 Constantius,
2040 4910 2427 4980 imperatorum
2498 4907 2665 4963 nostri
2722 4905 2977 4976 temporis
3033 4899 3425 4958 nobilissimus.

177 4996 248 5052 De
272 5014 382 5069 quo
410 4999 670 5055 nonnulla
700 5015 820 5070 qum
849 5002 915 5056 ad
946 5001 1040 5056 filii
1069 5005 1592 5060 commendationem
1621 5006 1912 5076 pertinent,
1937 5005 2175 5060 breviter
2197 5018 2229 5058 a
2261 5003 2418 5059 nobis
2460 4999 2777 5071 exponenda
2805 5005 2949 5052 sunt.

239 5118 255 5148 ⁸
280 5116 447 5172 Eccli.
484 5131 563 5181 ιι,
590 5115 683 5171 30.

241 5229 595 5302 (35lTer‘1
627 5229 987 5299 μακαρίζειν,
1038 5231 1288 5302 lnlelligit
1322 5231 1496 5302 locum
1533 5231 1622 5302 qui
1655 5231 1751 5288 ha-

175 5299 325 5375 betur
366 5300 422 5375 in
465 5301 841 5375 Ecclesiastici
881 5319 930 5356 c.
962 5319 1022 5368 ιι,
1076 5303 1190 5373 Πρὸ
1218 5299 1325 5373 τῆς
1370 5301 1624 5373 τελευτῆς
1671 5302 1746 5375 μὴ

1932 5228 2044 5297 (57)
2080 5223 2260 5283 Εἴλκε
2301 5226 2412 5298 γὰρ
2440 5225 2626 5281 αὑτὸν
2661 5225 2730 5290 ἐξ
2763 5223 3018 5298 ιέυιέείγουΓ
3051 5202 3427 5298 Christophor-

1859 5290 2402 5354 sonus'etPortes'iu's
2451 5299 2548 5350 has
2580 5312 2738 5350 voces
2788 5293 2848 5359 ἐξ
2899 5292 3107 5346 ἐκείνου
3164 5290 3428 5359 interpre:

178 5371 442 5442 μακάριζε
468 5370 714 5442 ᾼμηδένα.

239 5439 348 5510 (36)
383 5439 559 5510 Vulg.
582 5441 646 5495 Ἠ
671 5439 917 5496 παλαιά.
946 5441 1116 5498 Codd.
1149 5441 1349 5511 Regius
1385 5450 1439 5497 et
1464 5440 1747 5511 Fuk.isine

175 5513 396 5584 articulo
437 5511 694 5584 scribunt
735 5511 943 5566 παλαιὰ
987 5513 1205 5584 κατέχει
1240 5510 1429 5584 φήμη,
1478 5521 1533 5584 et
1561 5510 1658 5584 Asic
1689 5511 1742 5566 in

173 5582 382 5653 schedis
412 5581 619 5653 {quod
661 5585 880 5653 quidem
920 5585 1094 5653 magis
1123 5581 1343 5653 redolet
1381 5581 1742 5653 Eusebianum

173 5650 865 5725 stylumahlox‘legooewd
908 5650 1197 5725 μὲνίγένη.
1240 5650 1408 5725 Recte
1443 5662 1620 5725 autem
1654 5651 1743 5704 Sa-

173 5721 320 5775 vilius
339 5723 408 5802 ad
443 5720 663 5776 initium
694 5721 853 5791 hujus
885 5720 1079 5793 capitis
1108 5720 1384 5781 adnotavit
1406 5745 1415 5779 :
1438 5721 1556 5778 Huc
1584 5738 1742 5790 usque

173 5807 413 5858 praemia
424 5809 472 5846 m
484 5832 495 5842 .

1857 5371 1950 5422 tati
1989 5379 2138 5430 sunt,
2177 5369 2330 5437 quasi
2377 5367 2755 5421 subandirctur
2786 5355 2892 5437 eo?)
2939 5363 3162 5437 τρόπον,
3204 5357 3313 5437 Ego
3363 5355 3428 5421 ἐξ

1854 5441 2062 5493 ἐκείνου
2107 5431 2242 5492 idein
2276 5453 2397 5491 esse
2436 5451 2633 5491 censeo
2667 5452 2730 5491 ac
2765 5435 2883 5506 jam
2925 5431 3056 5500 tuin,
3107 5431 3170 5482 ab
3207 5443 3266 5479 eo
3295 5434 3426 5479 tcm-
3533 5453 3538 5458 -

1851 5527 1996 5578 pore.
2036 5510 2110 5561 Ita
2145 5523 2200 5562 et
2228 5507 2520 5578 Musgulus.

1923 5580 2037 5651 ('58)
2076 5571 2370 5651 Vulgus“?
2407 5576 2562 5651 περί.
2597 5573 2966 5651 Scribendum'
2986 5564 3428 5651 estsine-dubio

1851 5633 2097 5721 oh‘ﬁépt,
2127 5633 2436 5721 quodidgm
2468 5633 2606 5721 valet
2651 5660 2716 5721 ac
2758 5645 2885 5721 περι
2911 5636 3202 5721 οὗ.ΠᾹιιι.ιιρ
3235 5637 3310 5721 itl‘a
3344 5633 3428 5721 Ile.

1851 5721 1997 5784 gitur
2022 5705 2322 5786 'in'schedis
2357 5717 2561 5786 Regiis,
2599 5725 2652 5770 et
2687 5717 2738 5768 in
2767 5705 2954 5772 codice
2997 5705 3206 5766 Savilii.
3245 5705 3427 5762 Codex

1855 5789 1987 5843 Fuk.
2024 5784 2190 5858 οὗπερ
2226 5789 2412 5855 habet,
2446 5784 2562 5843 ἰ)οη
2604 5787 2761 5842 male.
