3860 6486
411 358 517 419 927

1003 482 1232 541 CAPUT
1267 485 1401 541 XIII.

420 568 498 624 De
524 580 676 646 patre
703 574 822 644 ejus
836 574 1169 646 Constantio,
1195 578 1285 646 qui
1307 577 1657 645 Christianos,
1690 592 1746 636 ut
1778 582 1991 640 Diocle-

636 645 813 699 tianus
838 653 887 699 et
905 644 1293 710 Maximianus,
1318 653 1569 721 persequi.
1592 654 1780 709 noluit.

489 797 627 853 Cum
680 797 966 868 imperium
1027 798 1332 855 Romanum
1373 819 1403 857 a
1453 814 1685 874 quatuor
1738 809 1994 880 Augustis

422 902 720 960 regeretur,
750 888 840 947 hic
868 893 1141 948 diversum
1182 910 1213 949 a
1240 896 1464 967 collegis
1487 899 1601 954 suis
1624 899 1745 955 vitae
1779 901 1995 957 institu-

423 991 538 1036 tnm
568 982 870 1049 aemulatus,
899 984 1049 1041 solus
1081 1001 1203 1041 cum
1234 986 1347 1043 Deo
1383 1002 1565 1043 rerum
1590 993 1832 1046 omnium
1877 1008 1995 1048 mo-

421 1077 674 1129 deratore
723 1091 912 1146 pacem
973 1077 1228 1133 ﬁrmavit.
1283 1079 1362 1135 llli
1406 1082 1549 1137 enim
1599 1082 1861 1141 ecclesias
1901 1086 1995 1141 Dei

420 1179 736 1235 expugnare
767 1168 968 1234 adorti,
1004 1170 1120 1224 solo
1149 1182 1458 1241 aequarunt,
1492 1183 1549 1229 et
1592 1177 1832 1231 oratoria
1888 1193 1993 1233 una

420 1270 542 1311 cum
576 1258 709 1328 ipsis
730 1257 1100 1318 fundamentis
1126 1264 1499 1322 abolevernnt.
1548 1266 1646 1323 Bic
1672 1284 1802 1323 vero
1828 1285 1859 1325 a
1899 1284 1995 1326 ne-

420 1351 562 1407 faria
592 1354 804 1411 illorum
833 1357 1110 1429 impietate
1142 1376 1309 1432 puras
1337 1377 1532 1418 manus
1554 1372 1718 1434 atque
1746 1365 1996 1436 integras

420 1445 681 1511 servavit,
715 1461 816 1504 nec
846 1464 906 1503 se
938 1451 1207 1506 ullatenus
1232 1466 1422 1507 eorum
1454 1454 1691 1509 similem
1721 1458 1990 1526 praestitit.

421 1533 489 1589 Et
520 1536 596 1590 illi
627 1539 844 1607 quidem
871 1540 967 1596 Dei
995 1543 1262 1599 cultorum
1286 1556 1397 1599 tam
1421 1546 1662 1603 virorum
1686 1563 1849 1619 quam
1877 1565 1995 1605 mtt-

421 1623 910 1696 lierum’ctedibns,
947 1641 1205 1703 tanquam
1235 1634 1385 1690 civili
1425 1636 1658 1706 quodam
1695 1639 1838 1693 bello
1868 1655 1996 1709 pro-

420 1717 633 1773 vincias
661 1719 763 1774 sibi
795 1722 1067 1790 subiectas
1097 1725 1430 1794 polluerunt.
1466 1726 1565 1784 Hic
1596 1744 1725 1784 vero
1758 1732 1994 1785 animum

1119 367 1389 426 EUSEBII
1425 370 1904 431 CASSANENSIS
1937 370 2089 433 OPP.
2127 375 2306 432 PARS
2345 377 2387 431 l.
2425 406 2498 419 —
2534 374 2929 433 HISTORICA.
3552 381 3638 436 9'28

2014 498 2061 555 Α

2614 493 3004 550 ΚΕΦΔΛᾹῙΟΝ
3035 494 3131 546 πθ.

2090 586 2231 656 Περὶ
2251 585 2671 656 Raros-arcton
2690 586 2798 640 τοῦ
2819 584 3040 653 πατρὸς
3059 583 3267 656 αὑτοῦ,
3287 583 3373 654 μὴ
3399 582 3639 656 ἀνασχο-

2375 654 2494 710 τῶν
2524 655 2659 723 περὶ
2697 640 3124 721 Διοκληίὲιαῦιόν
3144 640 3638 722 καῖλῖιάξιμιανῖόν,

2163 722 2262 782 καί
2291 722 2657 790 Μαξέντιοκι
2675 724 2832 780 ὥστε
2854 722 3059 789 διῶξαι
3087 725 3229 791 τοὺς
3248 726 3639 792 Χριστιανούς.

2163 818 2452 889 Τεττάρων
2489 818 2600 890 γάρ
2636 835 2717 871 τοι
2743 818 2846 888 τῆς
2886 817 3172 889 Ῥωμαίων
3203 817 3642 888 αὐτοκρατορικῆς

2092 908 2489 963 κοινωνούντων
2521 909 2720 980 ἀρχῆς,
2759 908 2919 980 μόνος
2954 904 3108 971 οὗτος
3149 906 3507 979 ἀκοινώνητον
3551 910 3642 972 τοῖς

2093 998 2271 1063 ἄλλοις
2323 998 2779 1069 περιϐαλλόμενος
2826 999 3059 1071 τρόπον,
3108 998 3207 1069 τὴν
3251 999 3390 1070 πρὸς
3438 997 3527 1052 τδν
3568 999 3646 1051 ἐπὶ

2095 1092 2312 1145 πάντων
2341 1090 2474 1144 Θεὺν
2519 1090 2701 1159 φιλίαν
2730 1090 3036 1143 ἐσπένδετο.
3077 1090 3139 1143 Oi
3175 1089 3275 1160 μὲν
3301 1088 3412 1160 γὰρ
3445 1090 3545 1152 ,τὰς
3572 1090 3646 1143 ὲκ-

2094 1182 2322 1253 κλησίας
2351 1182 2445 1235 τοῦ
2486 1181 2623 1235 Θεοῦ
2663 1181 2949 1253 πολιορκίᾳ
2982 1180 3255 1252 δῃοῦντες,
3294 1179 3353 1244 ἐξ
3383 1179 3548 1249 ὕψους
3582 1181 3647 1243 είς

2094 1271 2289 1342 ἔδαφος
2330 1271 2622 1344 καθῄρουν,
2662 1274 2843 1336 αὐτοῖς
2886 1271 3154 1343 θεμελίοις
3196 1272 3321 1334 τοὺς
3349 1270 3653 1341 εύκτηρίους

2093 1363 2446 1431 ἀφανίζοντες
2471 1362 2653 1425 οἴκους
2671 1378 2684 1391 '
2723 1363 2752 1415 ὁ
2787 1362 2845 1415 δὲ
2869 1363 2968 1433 τῆς
2996 1361 3200 1416 τούτων
3229 1359 3459 1429 ἐναγοῦς
3482 1360 3648 1413 δυσσε-

2096 1452 2249 1517 ϐείας
2281 1452 2528 1527 καθαρὰς
2565 1450 2832 1523 ἐφύλαττε
2860 1452 2960 1517 τὰς
2988 1454 3193 1523 χεῖρας,
3242 1450 3469 1521 μηδαμῆ
3508 1448 3652 1519 μηδα-

2096 1544 2215 1616 μῶς
2241 1545 2422 1608 αὐτοῖς
2449 1543 2885 1615 ἐξομοιούμενος.
2910 1544 3020 1597 Καὶ
3051 1545 3101 1596 οἱ
3127 1543 3222 1614 μὲν
3244 1540 3530 1612 ἐμφυλίοις
3551 1539 3652 1592 θεο-

2098 1632 2272 1687 σεϐῶν
2330 1632 2539 1705 ἀνδρῶν
2586 1651 2647 1686 τε
2697 1634 2791 1688 καὶ
2834 1632 3109 1703 γυναικῶν
3165 1635 3401 1703 σφαγαῖς
3441 1631 3541 1695 τὰς
3577 1632 3654 1685 ὑπ’

2097 1725 2282 1789 αὑτοῖς
2322 1724 2591 1797 ἐπαρχίας
2621 1725 2886 1797 ἐμίαινον,
2920 1727 2949 1779 ὁ
2993 1726 3051 1779 δὲ
3097 1725 3190 1780 τοῦ
3237 1724 3442 1795 μύσους
3476 1724 3654 1795 ἀμίαν-

422 1812 493 1865 ab
555 1812 861 1881 huiusmodi
922 1817 1130 1872 scelere
1187 1834 1382 1887 purum
1450 1831 1615 1891 atque
1682 1821 1994 1878 inviolatum

2106 1833 2188 1870 τον
2226 1816 2338 1888 (59)
2385 1817 2484 1889 τὴν
2531 1816 2723 1870 ἑαυτοῦ
2767 1818 3049 1889 συνετήρει
3087 1816 3286 1889 ψυχήν.
3316 1816 3450 1871 ’Καὶ
3492 1818 3541 1869 οἱ
3575 1816 3657 1887 μὲν

421 1917 642 1973 semper
674 1908 929 1964 servavit.
965 1909 1046 1964 illi
1074 1916 1412 1968 coacervatis
1438 1914 1770 1985 impiissima:
1800 1932 1996 1987 snper-

422 1996 665 2053 etitionis
694 1999 872 2066 malis,
897 2002 1106 2071 seipsos
1144 2005 1401 2073 primum,
1440 2022 1503 2062 ac
1533 2007 1729 2063 deinde
1755 2008 2000 2066 subditos

422 2102 614 2145 omnes
644 2091 1099 2159 nequissimorum
1140 2096 1441 2153 daemonum
1479 2097 1758 2155 fraudibus
1786 2103 1995 2157 manci-

425 2190 650 2249 parunt.
691 2181 788 2238 Hic
814 2185 1255 2255 prol‘undissimm
1288 2194 1442 2258 pacis
1491 2189 1636 2246 intra
1668 2191 1881 2262 imperii
1913 2191 1996 2247 sui

425 2269 563 2326 ﬁnes
593 2282 787 2329 auctor
815 2290 881 2331 ac
924 2277 1169 2348 signifer,
1218 2280 1451 2336 subditis
1495 2283 1609 2338 suis
1642 2284 1889 2354 permisit
1938 2293 1999 2340 ut

424 2363 627 2434 absque
659 2365 765 2421 ulla
804 2368 1051 2424 molestia
1093 2369 1278 2427 divino
1307 2370 1474 2427 cultui
1506 2372 1855 2429 inservirent.
1892 2375 1995 2430 De—

422 2455 591 2527 nique
622 2456 696 2511 illi
731 2468 955 2515 cunctos
1008 2461 1267 2517 mortales
1319 2462 1655 2532 gravissimis
1696 2467 2001 2523 exactioni-

421 2546 527 2601 bus
577 2549 964 2617 opprimendo,
1019 2552 1185 2608 vitam
1232 2553 1339 2607 illis
1391 2554 1617 2610 minime
1674 2557 1891 2613 vitalem
1943 2568 2001 2615 ct

422 2634 591 2711 414
639 2641 831 2708 quavis
883 2650 1058 2699 morte
1098 2645 1434 2702 acerbiorem
1462 2647 1855 2716 praestiterunt.
1893 2648 1997 2703 So-

423 2731 511 2786 lus
539 2732 885 2789 Constantius
913 2734 1183 2805 placidum
1231 2752 1296 2792 ac
1330 2739 1675 2810 tranquillum
1726 2741 1998 2811 principa-

423 2830 539 2877 tum
569 2840 726 2879 suum
754 2827 986 2883 subditis
1011 2828 1304 2894 exhibens,
1344 2842 1567 2902 paterna
1604 2834 1835 2902 quadam
1869 2849 1996 2891 cura

425 2930 489 2970 ac
516 2916 878 2974 sollicitudine
905 2934 1001 2975 eos
1028 2920 1181 2977 fovit.
1228 2923 1400 2978 Porro
1428 2938 1549 2978 cum
1604 2923 1725 2980 alia:
1781 2940 1999 2997 quoque

425 3007 860 3067 innumerabiles
902 3012 1067 3082 huius
1098 3013 1201 3068 viri
1226 3014 1456 3071 virtutes
1480 3015 1549 3070 ab
1573 3018 1828 3073 omnibus
1856 3035 1999 3089 pra.

423 3098 695 3165 dicentur,
724 3116 833 3158 uno
868 3110 921 3157 et
953 3104 1123 3159 altero
1152 3104 1268 3173 ejus
1296 3103 1534 3161 facinore
1551 3121 1995 3177 commemorato,

2102 1905 2361 1976 συγχύσει
2387 1906 2574 1960 κακῶν
2602 1906 3044 1979 εἰδωλολατρείας
3074 1906 3367 1979 ἑκθέσμου,
3402 1907 3542 1975 σφᾶς
3565 1906 3661 1976 (40)

2100 1995 2297 2058 αὐτοὺς
2329 1995 2622 2067 πρότερον,
2660 1994 2898 2049 κᾶπειτα
2933 1996 3061 2060 τοὺς
3091 1996 3368 2067 ὑπηκόους
3399 1996 3662 2060 ἅπαντας,

2099 2085 2353 2159 πονηρῶν
2395 2086 2663 2157 δαιμόνων
2708 2086 2939 2152 πλάναις
2980 2086 3420 2151 κατεδουλοῦντο,
3454 2089 3484 2140 ὁ
3513 2086 3567 2140 δὲ
3596 2088 3662 2140 ei-

2100 2179 2270 2252 ρήνης
2298 2177 2603 2251 βαθυτάτης
2645 2183 2757 2245 τοῖς
2791 2181 2885 2235 ὑπ’
2916 2179 3081 2234 αὑτοῦ
3114 2179 3553 2252 βασιλευομένοις
3588 2178 3664 2247 ἐξ.

2100 2270 2309 2341 άρχων,
2339 2270 2411 2325 τά
2433 2271 2534 2342 τῆς
2560 2273 2638 2336 είς
2660 2272 2792 2327 Θεὸν
2820 2271 3101 2338 εὐσεϐείας
3128 2273 3309 2327 ἄλυπα
3328 2275 3442 2337 τοῖς
3460 2271 3667 2336 οἰκείοις

2098 2362 2413 2435 ἐϐράϐευεν.
2460 2363 2619 2418 Ἀλλά
2656 2364 2750 2418 καὶ
2791 2366 2923 2418 πᾶσι
2962 2365 3058 2436 μὲν
3096 2363 3409 2437 ανθρώποις
3441 2364 3659 2437 βαρυτά-

2097 2474 2197 2521 τας
2230 2457 2541 2528 εἰσπράξεις
2579 2455 2978 2528 ὲπαιωροῦντες
3009 2458 3058 2511 οί
3097 2457 3266 2522 ἄλλοι,
3303 2457 3419 2529 βίον
3451 2458 3663 2512 ἀϐίωτον

2098 2550 2282 2613 αὐτοῖς
2309 2548 2402 2601 καὶ
2437 2548 2667 2602 θανάτου
2706 2548 3083 2624 χαλεπώτερον
3110 2551 3399 2622 ἐπήρτων,
3439 2551 3591 2621 μόνος
3614 2551 3662 2605 δι

2098 2638 2476 2702 Κωνστάντιος
2519 2638 2721 2692 ἄλυπον
2771 2641 2883 2704 τοῖς
2924 2641 3247 2712 ἀρχομένοις
3301 2658 3399 2694 και
3443 2639 3662 2713 γαληνὴν

2100 2732 2523 2803 παρασκευάσας
2554 2730 2652 2803 τὴν
2696 2731 2898 2804 ἀρχὴν,
2937 2734 3209 2806 πατρικῆς
3256 2734 3575 2805 κηδεμονίας
3612 2735 3667 2787 ὲν

2098 2824 2274 2877 οὐδενὶ
2304 2823 2595 2878 λείπουσαν
2627 2825 2727 2897 τὴν
2758 2827 2817 2892 ἐξ
2845 2826 3010 2880 αὑτοῦ
3045 2829 3306 2898 παρεῖχεν
3335 2828 3656 2899 ἐπικουρίαν.

2099 2917 2326 2987 Μυρίων
2352 2916 2409 2973 δὲ
2439 2924 2535 2974 καὶ
2573 2918 2747 2974 ἄλλων
2781 2918 2876 2972 τοῦ
2910 2919 3101 2991 ἀνδρὸς
3140 2918 3353 2993 ἀρετῶν
3384 2919 3535 2998 παρὰ
3563 2927 3662 2987 τοῖς

2100 3009 2264 3062 πᾶσιν
2286 3009 2581 3082 ᾀδομένων,
2608 3011 2726 3074 ἐνὸς
2745 3012 2842 3064 καὶ
2868 3009 3119 3081 δευτέρου
3153 3011 3531 3083 μνημονεύσας
3556 3029 3664 3065 κατα

2099 3099 2449 3173 ορθὼματος,
2479 3106 2801 3177 τεκμηρίοις
2832 3122 2892 3159 τε
2932 3104 3141 3168 τούτοις
3167 3103 3279 3157 τῶν
3309 3105 3662 3176 σιωπωμένων

422 3207 493 3248 ex
529 3192 727 3263 quibus
758 3193 1072 3262 coniectura
1102 3197 1217 3253 ﬁeri
1258 3200 1428 3267 possit
1466 3199 1533 3254 de
1568 3201 1635 3254 iis
1673 3213 1793 3268 qua:
1834 3204 1998 3260 silen-

2106 3193 2466 3266 χρησάμενος,
2505 3174 2599 3250 ἐπὶ
2761 3196 3120 3268 προκείμενον
3157 3195 3259 3266 τῆς
3292 3174 3515 3268 γραφῆς
3554 3211 3669 3248 σκο-

423 3282 505 3338 tio
530 3293 953 3353 praetereuntur,
980 3288 1048 3340 ad
1070 3289 1403 3357 propositum
1440 3291 1597 3347 nobis
1618 3293 1892 3349 scribendi
1914 3308 2002 3349 ar-

425 3385 742 3447 gumentum
771 3378 1261 3449 transgrediemnr.

987 3469 1238 3532 [CAPUT
1270 3469 1407 3525 XIV.

430 3555 706 3623 Quomodo
745 3557 1104 3625 Constantius,
1130 3565 1446 3630 exprobrata
1477 3565 1577 3633 ipsi
1606 3583 1637 3618 a
1676 3548 2002 3623 Diocletiano

497 3639 826 3704 paupertate,
851 3632 1102 3704 aerarium
1151 3633 1456 3699 impleverit,
1487 3632 1533 3689 et
1560 3645 1740 3704 postea
1778 3639 2003 3693 collato-

496 3699 645 3751 rilms
672 3701 948 3763 pecuniam
985 3703 1294 3757 reddiderit.

496 3857 630 3914 Cum
667 3858 755 3912 hic
781 3859 1030 3929 princeps
1078 3863 1288 3917 crebris
1330 3863 1609 3919 hominum
1657 3866 2004 3922 sermonibus

427 3948 824 4015 celebraretur,
864 3957 1006 4021 quod
1051 3955 1197 4008 mitis
1235 3963 1382 4010 esset
1423 3969 1488 4010 ac
1545 3955 1817 4025 placidus,
1857 3957 2002 4026 quod

428 4043 673 4111 Optimus
703 4043 905 4111 Deique
932 4045 1376 4111 amantissimus;
1417 4048 1672 4117 quodque
1718 4047 1789 4102 ob
1825 4048 2004 4102 incre-

427 4133 648 4190 dibilem
674 4150 803 4205 erga
829 4136 1072 4191 subditus
1112 4138 1523 4209 indulgentiam,
1583 4138 1783 4193 nullam
1837 4154 2000 4209 pecu-

428 4224 573 4278 niam
612 4224 663 4278 in
699 4226 971 4281 thesauris
1002 4226 1338 4282 reconditam
1394 4228 1653 4294 haberet,
1709 4228 2005 4296 imperator

429 4315 477 4371 is
498 4316 588 4384 qui
621 4324 748 4372 tunc
777 4319 1039 4387 temporis
1064 4332 1378 4388 supremum
1411 4318 1622 4387 imperii
1656 4319 1885 4387 gradum
1906 4317 2004 4371 ob-

428 4406 655 4470 tinebat,
688 4408 869 4464 missis
888 4409 955 4465 ad
977 4424 1099 4464 eum
1117 4408 1438 4479 quibusdam
1465 4409 1798 4475 hominibus,
1821 4408 2006 4478 objur-

2101 3285 2202 3340 πὺν
2232 3286 2581 3359 διαϐήσομαι.

2583 3469 3016 3542 ,ΚΕΦΑΛΑΙΟΝ
3054 3471 3149 3526 lA'.

2101 3557 2292 3632 Ὅπως
2319 3560 2735 3628 Κωνστάντιος
2771 3564 2805 3616 d
2832 3563 3028 3632 πατὴρ
3065 3562 3419 3627 ὁνειδισθείς
3468 3562 3665 3632 πενίαν

2169 3630 2289 3684 ὑπὸ
2330 3633 2774 3699 Διοκλητιανοῦ,
2822 3633 2922 3686 καὶ
2961 3630 3101 3699 τοὺς
3143 3632 3491 3699 θησαυροὺς
3528 3631 3664 3699 πλήν

2168 3716 2307 3765 σας,
2357 3702 2625 3756 ἀπέδωκε
2671 3702 2860 3757 πάλιν
2902 3703 3027 3770 τοῖς
3071 3702 3550 3772 πρισενεγχοῦσι
3602 3704 3669 3756 τὰ

2170 3772 2463 3840 χρήματα.

2171 3862 2375 3916 Πολλοῦ
2410 3862 2475 3934 δὴ
2506 3863 2664 3931 λόγου
2700 3864 3116 3935 περιτρέχοντος
3155 3865 3313 3937 φήμῃ
3346 3866 3490 3935 ἀμφὶ
3525 3863 3663 3918 τοῦδε

2102 3952 2195 4008 τοῦ
2231 3953 2514 4024 βασιλέως,
2551 3954 2625 4017 ὡς
2655 3955 2837 4026 ῆπιος,
2869 3955 2946 4019 ὡς
2973 3955 3192 4024 ἀγαθὸς,
3232 3956 3308 4020 ὡς
3351 3957 3418 4031 τό
3440 3956 3665 4026 θεοφιλὲς

2102 4045 2383 4116 ὑπεράγαν
2410 4046 2764 4117 κεκτημένος,
2791 4046 2867 4109 ὡς
2896 4045 2963 4099 δι’
2997 4046 3298 4117 ὑπερϐολὴν
3334 4048 3547 4115 φειδοῦς
3570 4047 3666 4101 τῶν

2102 4136 2379 4208 ὑπηκόων,
2414 4135 2534 4191 οὐδὲ
2568 4136 2840 4206 θησαυρός
2877 4153 2961 4200 τις
2999 4136 3146 4207 αὑτῷ
3183 4139 3511 4209 τεταμίευιτο
3540 4156 3664 4210 χρη-

2104 4226 2312 4296 μάτων,
2340 4224 2590 4295 βασιλεὺς
2621 4227 2650 4278 ὁ
2674 4227 2977 4297 τηνικαῦτα
3008 4227 3099 4281 τὸν
3133 4227 3350 4297 πρῶτον
3374 4228 3477 4298 τῆς
3506 4228 3667 4299 ἀρχῆς

2102 4320 2316 4389 ἐπέχων
2345 4318 2574 4390 βαθμὸν,
2604 4319 2828 4390 πέμψας
2846 4319 3008 4390 ἀύτῷ
3033 4321 3424 4389 κατεμέμφετο
3447 4320 3544 4392 τὴν
3570 4318 3668 4373 τῶν

2102 4410 2295 4467 κοινῶν
2323 4409 2637 4484 ὀλιγωρίαν,
2676 4410 2866 4463 πενίαν
2897 4411 2944 4462 τ’
2980 4410 3315 4475 ἐπωνείδιζε,
3357 4410 3553 4482 δεῖγμα
3581 4406 3666 4463 τοῦ

425 4498 575 4568 gavit
602 4499 718 4569 ejus
743 4501 795 4556 in
851 4501 1128 4570 republica
1181 4503 1421 4572 gerenda
1471 4502 1905 4574 negligentiam:
1946 4511 1998 4556 et

2106 4504 2261 4573 λόγου
2312 4503 2589 4575 παρέχων,
2629 4503 2693 4555 τὸ
2725 4503 2889 4573 μηδὲν
2929 4504 3090 4557 αὑτὸν
3124 4505 3181 4555 ὲν
3220 4502 3517 4575 Θησαυροῖς
3553 4501 3671 4556 ἀπό-

425 4599 796 4662 paupertatem
829 4593 932 4662 ipsi
961 4594 1161 4662 probro
1194 4596 1378 4659 vertit,
1421 4597 1525 4650 hoc
1570 4595 1805 4649 maxime
1830 4611 1995 4662 argu-

426 4693 607 4737 mento
640 4682 797 4740 ﬁdem
831 4685 992 4739 dictis
1013 4685 1240 4751 iaciens,
1269 4688 1413 4756 quod
1453 4687 1589 4741 nihil
1631 4688 1685 4742 in
1730 4687 1999 4742 thesauris

426 4776 763 4830 reconditum
794 4777 1042 4834 haberet.
1064 4768 1155 4833 'At
1188 4778 1275 4834 ille
1303 4793 1396 4834 eos
1417 4780 1509 4849 qui
1553 4780 1622 4833 ab
1671 4779 2001 4847 imperatore

425 4882 689 4926 venerant
719 4874 947 4941 rogavit,
979 4884 1038 4927 ut
1066 4873 1208 4941 apud
1253 4887 1313 4928 se
1357 4873 1752 4942 aliquantisper
1800 4873 1998 4926 morari

423 4958 645 5015 vellent.
676 4962 878 5018 Deinde
906 4979 973 5019 ex
1024 4964 1277 5021 omnibus
1324 4964 1623 5033 provinciis
1660 4980 1781 5034 qua:
1830 4964 2001 5034 ipsius

494 5169 610 5243 {39)
659 5169 819 5243 ὈΑδὲ
848 5169 956 5243 τοῦ
989 5172 1230 5243 μύσους
1269 5173 1579 5243 ἀμίαντον.
1642 5172 1997 5228 Scribendnm

425 5239 644 5314 videtur
668 5241 784 5314 6‘52:
814 5239 1013 5314 τούτου
1030 5242 1124 5295 τοῦ
1162 5239 1385 5314 μύσους.
1430 5244 1626 5298 Iisdem
1668 5243 1780 5298 fere
1821 5244 2000 5298 verbis

422 5310 507 5385 u_si
532 5319 656 5385 sunt
684 5312 984 5385 Donatista;
1003 5310 1272 5385 inlibello
1302 5328 1521 5385 precum
1547 5329 1706 5383 quem
1726 5314 1998 5385 Constan-

430 5378 551 5451 tiito
592 5381 906 5451 imperatori
935 5380 1244 5435 obtulerunt
1275 5378 1477 5450 {cujus
1526 5378 1802 5451 eiemplar
1834 5385 2002 5440 refert

423 5447 648 5516 Optatus
667 5447 720 5522 in
750 5450 843 5506 lib.
873 5467 889 5505 ι
914 5470 929 5507 :
965 5471 984 5501 ι
1008 5451 1278 5522 Rogamus
1307 5447 2001 5522 te,'Constantineimpera-

424 5526 532 5579 tor,
566 5521 819 5594 quoniam
853 5522 920 5574 de
950 5537 1146 5586 genere
1179 5521 1461 5594 justoes;
1506 5524 1660 5594 cujus
1685 5521 2002 5592 pater'inter

431 5597 662 5659 caeteros
706 5591 1066 5658 imperatores
1092 5593 1525 5659 persecutionem
1564 5591 1949 5650 non’exercuit
1981 5611 1993 5647 :

422 5663 477 5708 et
503 5657 710 5736 abbas
728 5657 929 5736 scelere
956 5657 1210 5736 immunis
1241 5672 1321 5717 est
1349 5662 1540 5736 Gallia,
1570 5681 1607 5736 Δι

498 5725 611 5795 (40)
636 5727 846 5801 _Yttlg.,
903 5727 1241 5801 ἐκθέσμους
1305 5725 1529 5801 φωνάς.
1569 5732 1733 5788 Deest
1776 5734 1996 5793 verbum

430 5795 840 5864 προστιθέντες,
876 5809 972 5852 aut
1008 5795 1154 5856 aliud
1183 5795 1378 5857 simile.
1424 5795 1533 5858 Nec
1570 5804 1863 5860 omittenda
1910 5816 1993 5861 est

2100 4595 2252 4651 θετον
2283 4595 2599 4667 κεκτῆσθαι.
2648 4596 2706 4649 '0
2732 4595 2790 4648 δὲ
2811 4597 2937 4670 τοὺς
2977 4594 3129 4666 παρὰ
3159 4595 3425 4673 ρασιλέως
3449 4597 3671 4667 ἥκοντας

2101 4689 2265 4743 αὑτοῦ
2309 4688 2489 4759 μένειν
2520 4686 3089 4760 παρακελευσάμενος,
3118 4686 3226 4741 τῶν
3249 4689 3341 4741 ὑπ’
3371 4688 3535 4741 αὐτὸν
3553 4688 3671 4749 τοὺς

2101 4782 2391 4853 ἀμφιλαφῆ
2441 4780 2669 4835 πλοῦτον
2716 4782 3120 4848 κεκτημένους.
3156 4781 3215 4846 ἐξ
3266 4780 3525 4835 ἁπάντων
3569 4778 3671 4832 τῶν

2102 4875 2208 4928 ὑπὸ
2235 4877 2300 4945 τῇ
2333 4872 2579 4944 βασιλείᾳ
2624 4869 2966 4939 συγκαλέσας
3005 4869 3174 4923 ἐθνῶν
3194 4909 3208 4933 ,
3240 4870 3543 4941 χρημάτων
3569 4869 3670 4939 ἔφη

2100 4967 2334 5033 δεῖσθαι,
2379 4967 2472 5019 καὶ
2517 4963 2704 5017 τοῦτον
2755 4958 2893 5017 εἶναι
2938 4961 3127 5033 καιρὸν
3175 4964 3233 5015 ὲν
3286 4954 3334 5030 ᾧ
3383 4961 3669 5032 προσήκειν

2106 5172 2206 5227 viri
2237 5170 2376 5246 docti
2406 5170 2742 5246 conjectura,
2775 5183 2939 5246 quam
2970 5169 3036 5222 ad
3072 5166 3375 5246 marginem
3401 5166 3527 5246 libri
3558 5163 3666 5246 llo:

2106 5243 2269 5297 τιεεηί
2324 5234 2613 5308 ascripiam
2681 5234 2860 5308 inveni
2910 5258 2925 5294 :
2981 5234 3522 5308 nempe’legendum
3570 5234 3667 5291 sibi

2103 5314 2296 5384 videri_
2326 5310 2414 5364 διὰ
2442 5305 2544 5384 τὰς
2591 5309 2690 5380 τῆς
2734 5305 3169 5384 εἰδωλολατρείας
3205 5305 3522 5384 ,ξκβέσμους

2106 5383 2225 5445 νάς.
2257 5380 2539 5436 Turnebus
2566 5376 2695 5434 vero
2726 5380 2789 5432 ad
2815 5395 2970 5433 oram
3001 5376 3085 5431 sui
3117 5377 3326 5432 codicis
3362 5376 3665 5445 emendavit

2106 5444 2401 5524 cateia-ttat;
2442 5448 2665 5524 φωναῖς,
2710 5449 2935 5518 perinde
2978 5463 3044 5503 ac
3083 5447 3343 5524 Savilitts.
3392 5444 3697 5524 Verumin‘

2106 5515 2322 5577 sched'ts
2378 5515 2571 5591 lie’giis
2633 5515 2797 5593 supra
2853 5531 3081 5593 vocem__
3122 5515 3309 5593 φωνάς
3356 5517 3665 5593 emendatur

2108 5592 2282 5660 σφᾶςο
2328 5583 2496 5659 quani
2514 5583 2951 5660 emendationem
2986 5583 3210 5660 reliquis
3243 5584 3494 5660 praefero.
3527 5583 3665 5660 Scri—

2104 5654 2176 5717 ῦὸ
2202 5654 2383 5730 igitur,
2408 5660 2501 5715 καὶ
2532 5661 2581 5714 οἱ
2604 5658 2701 5731 μὲν
2731 5660 2988 5731 συγχύσει
3021 5654 3204 5731 κακῶν
3237 5654 3666 5731 είδῳλολατρείας

2104 5722 2395 5799 uois-ped,
2419 5732 2561 5799 σφᾶς
2583 5722 2929 5795 αὐτούς,’ἑὶο.
2961 5728 3014 5783 In
3041 5726 3226 5784 codice
3246 5722 3384 5781 Fuit.
3410 5722 3662 5796 scriptum

2101 5810 2184 5860 est
2212 5801 2495 5871 ἑκθέσμοις
2534 5801 2755 5870 φωναῖς.
