3860 6482
539 319 610 376 3-9
1216 318 1481 375 EUSEBII
1520 321 1997 378 C/ESABIENSIS
2035 325 2185 382 OPP.
2228 327 2406 382 PARS
2447 326 2484 381 Ι.
2527 357 2596 370 -ο
2634 327 3027 386 HISTORICA.
3642 315 3750 389 940¹

1067 435 1292 491 CAPUT
1340 438 1522 492 XXIII.

604 551 868 608 Interim:
927 563 1269 623 tyrannorum
1318 553 1485 606 brevis
1527 560 1968 612 commemoratio.

569 687 758 756 Qualis
791 701 921 740 vero
951 685 1132 741 exitus
1183 685 1346 738 fuerit
1401 685 1628 739 aliorum
1664 686 1754 756 qui
1805 688 2075 744 Eeclesias

500 777 594 833 Dei
617 791 868 848 tanquam
898 777 1102 832 indicto
1134 777 1274 831 bello
1301 788 1702 848 oppugnarunt,
1735 796 2072 852 nequaquam

501 870 586 925 hic
628 869 1158 924 commemorandum
1206 883 1327 923 esse
1357 871 1504 934 duxi,
1535 886 1634 924 nec
1671 871 1932 925 bonorum
1961 889 2076 928 ute-

499 963 746 1024 tnoriam,
795 960 1056 1014 malorum
1115 970 1324 1014 attexta
1378 965 1898 1017 commemoratione
1953 979 2072 1020 esse

2103 453 2151 507 Δ

2672 447 3060 500 ΚΕΦΛΛΛΙΟΝ
3101 446 3226 500 ΚΓ.

2229 538 2624 608 Καταστροφὴ
2679 537 2799 592 τῶν
2831 539 3154 663 ἔᾶιράννων
3193 537 3268 592 δι’
3315 537 3685 608 ὑπομνήσεως

2910 627 3062 679 ιγης.

2246 699 2366 752 Τῶν
2397 699 2452 752 δὲ
2481 700 2654 754 ἄλλων
2685 699 2802 753 ὅσοι
2829 700 2928 764 τὰς
2957 701 3251 771 ἐκκλησίας
3291 700 3386 755 τοῦ
3421 699 3554 754 Θεοῦ
3596 700 3721 754 πολέ-

2177 809 2278 862 μου
2313 791 2461 862 νόμῳ
2491 791 2773 863 μετῆλθον,
2801 796 2899 858 τὰς
2927 793 3020 847 τοῦ
3063 793 3179 863 βίου
3219 793 3620 866 καταστροφάς,
3647 796 3720 848 οὐκ

2174 880 2309 936 εῖναι
2343 884 2552 956 πρέπον
2588 885 2776 956 ἔκρινα
2811 887 2887 958 τῷ
2933 889 3160 959 παρόντι
3196 888 3528 960 παραδοῦναι
3563 889 3719 961 διηγή-

2150 982 2152 985 ’
2176 992 2328 1044 ματι,
2359 975 2476 1027 οὐδὲ
2503 975 2602 1039 τὰς
2625 976 2733 1029 τῶν
2763 977 2982 1046 ἀγαθῶν
3016 981 3238 1050 μνήμας
3264 983 3327 1050 τῇ
3360 979 3468 1032 τῶν
3499 981 3719 1033 ἐναντίων

494 1053 820 1109 violandam.
857 1051 1140 1106 SulIieittut
1170 1065 1319 1106 certe
1369 1068 1454 1107 res
1490 1053 1638 1121 ipsae,
1669 1055 1734 1108 ad
1772 1055 2072 1129 reprimen-

494 1146 591 1200 dos
629 1155 680 1197 et
709 1145 759 1197 in
783 1142 958 1198 cilicio
989 1143 1344 1196 continendos
1377 1159 1471 1198 eos
1487 1144 1575 1212 qui
1597 1159 1816 1198 scenam
1853 1162 2068 1200 omnem

491 1233 864 1289 calamitatum
889 1249 1010 1301 qua:
1041 1233 1266 1302 singulis
1297 1233 1514 1288 illorum
1563 1235 1898 1304 acciderunt,
1941 1239 2070 1309 ipsis

491 1327 663 1382 oeulis
689 1338 849 1395 atque
876 1325 1099 1378 auribus
1130 1341 1410 1393 accepere.

1037 1415 1265 1471 CAPUT
1311 1416 1495 1471 XXIV.

558 1508 714 1574 Quod
768 1509 1149 1562 Constantinus
1200 1509 1475 1574 imperium
1529 1510 1626 1566 Dei
1670 1513 1888 1568 arbitrio
1929 1515 1996 1568 sit

2174 1067 2472 1137 παραθέσει
2508 1069 2761 1138 μιαίνειν.
2804 1071 3070 1142 Ἀπαρκεῖ
3100 1072 3156 1126 δὲ
3191 1074 3223 1144 ή
3250 1073 3358 1126 τῶν
3391 1073 3566 1145 ἔργων
3591 1076 3720 1144 πεῖρα

2171 1158 2306 1230 πρὸς
2334 1162 2709 1233 σωφρονισμὸν
2764 1163 2874 1217 τῶν
2904 1165 3096 1228 αὐταῖς
3127 1165 3281 1234 δψεσι
3312 1167 3407 1220 καὶ
3435 1168 3618 1229 ἀκοαῖς
3647 1167 3717 1235 τὴν

2169 1252 2278 1307 τῶν
2311 1255 2527 1327 ἑκάστῳ
2557 1255 2982 1328 συμϐεϐηκότων
3013 1257 3428 1329 παρειληφότων
3458 1257 3691 1329 ἱστορίαν.

2678 1435 3074 1488 ΚΕΦΑΛΛῘΟΝ
3109 1437 3232 1491 KA'.

2228 1522 2347 1575 Ὀτι
2387 1523 2690 1589 βουλήσει
2741 1527 2891 1600 Θεοῦ
2923 1528 3380 1596 Κωνσταντῖνος
3427 1531 3572 1600 ἔσχε
3614 1530 3672 1584 τὸ

1112 1589 1444 1635 consecutus.

2759 1598 3138 1660 βασιλεύειν.

559 1671 612 1725 In
651 1671 796 1726 hunc
848 1670 1066 1724 modum
1113 1670 1487 1724 universorum
1545 1684 1736 1727 auctor
1778 1684 1834 1729 et
1900 1677 2047 1731 totius

2238 1681 2394 1736 Οὕτω
2441 1683 2504 1755 δὴ
2547 1686 2951 1740 Κωνσταντῖνον
3001 1688 3242 1742 τοιούτου
3301 1689 3474 1758 φύντα
3521 1689 3713 1761 πατρὸς,

489 1763 676 1816 mundi
713 1762 1024 1816 moderator
1069 1761 1209 1814 Deus
1259 1761 1670 1818 Constantinum
1724 1765 1813 1820 tali
1842 1780 2047 1835 parenti

2168 1774 2401 1846 ἄρχοντα
2447 1778 2541 1830 καὶ
2593 1778 2941 1850 καθηγεμόνα
2993 1781 3021 1832 ὁ
3056 1781 3164 1834 τῶν
3212 1782 3349 1834 ὅλων
3380 1781 3531 1845 Θεὸς,
3577 1783 3603 1834 ό
3642 1782 3713 1836 τοῦ

489 1855 755 1926 genitum,
818 1853 983 1926 [‘20
1031 1853 1330 1922 principem
1367 1866 1530 1924 atque
1562 1857 1937 1926 imperatorem
1971 1876 2047 1927 pet

2170 1869 2483 1940 σύμπαντος
2517 1869 2722 1941 κόσμου
2762 1871 3025 1942 πρύτανις
3050 1913 3064 1932 ,
3099 1873 3164 1925 δι’
3193 1873 3387 1926 ἑαυτοῦ
3439 1875 3712 1945 προεχειρίο

487 1965 546 2004 se
579 1949 694 2017 ipse
735 1949 1020 2014 provexit:
1049 1947 1183 2000 adeo
1224 1957 1300 2010 ιιι,
1325 1963 1446 2000 cum
1492 1951 1672 2002 caeteri
1719 1966 1906 2006 Omnes
1929 1952 2047 2006 alio-

2166 1960 2318 2028 ζετο,
2358 1963 2433 2028 ὡς
2469 1964 2671 2035 μηδένα
2717 1965 3021 2037 ἀνθρώπων
3068 1967 3230 2036 μόνου
3280 1967 3435 2020 τοῦδε
3481 1969 3572 2039 τὴν
3601 1985 3712 2040 προ-

487 2059 604 2095 rutu
633 2039 896 2110 suﬂragio
931 2040 1073 2094 hunc
1120 2041 1381 2096 honorem
1421 2045 1695 2097 consecuti
1738 2046 1866 2109 sint,
1916 2049 2047 2102 solut

2164 2056 2384 2127 αγωγὴν
2421 2057 2528 2128 (65)
2557 2057 2813 2128 αὐχῆσαι,
2841 2057 2948 2111 τῶν
2979 2058 3152 2112 ἄλλων
3183 2059 3242 2124 ἐξ
3267 2059 3586 2130 ἐπικρίσεως
3618 2059 3712 2114 ἑτέ-

486 2134 574 2186 hic
633 2131 796 2186 fuerit
844 2131 911 2186 de
958 2130 1114 2199 cujus
1172 2133 1515 2202 prontotione
1567 2150 1727 2191 nemo
1757 2140 2047 2194 tuortalitttt‘

2167 2165 2275 2218 ρων
2302 2149 2400 2220 τῆς
2426 2149 2591 2220 τιμῆς
2624 2148 2964 2220 ἠξιωμένων.

483 2225 832 2295 gloriaretur.

1048 2314 1280 2371 CAPUT
1325 2316 1495 2374 XXV.

588 2424 926 2480 Constantini
956 2426 1018 2480 de
1052 2425 1323 2480 Britanni:
1351 2439 1399 2482 et
1434 2428 1674 2485 barbaris
1705 2434 1953 2488 uictoriae.

2661 2324 3058 2379 ΚΕΦΑΛΑΙΟΝ
3098 2328 3226 2379 κε’.

2163 2417 2620 2470 Κωνσταντίνου
2669 2418 2820 2472 κατὰ
2869 2417 3193 2506 ,βαρϐάρων
3247 2419 3346 2472 καὶ
3395 2419 3707 2490 Βρεττανῶν

2855 2506 2912 2540 νι
2920 2506 3015 2541 και
3024 2529 3036 2542 .

2244 2579 2332 2644 Ὠς
2371 2575 2462 2634 οὖν
2495 2581 2588 2634 ἐπὶ
2627 2581 2728 2650 τῆς
2779 2580 3056 2651 βασιλείας
3091 2580 3307 2652 ἵδρυτο,
3346 2583 3480 2646 τέως
3513 2585 3599 2653 μὲν
3625 2585 3705 2655 τῆς

2161 2671 2434 2741 πατρικῆς
2465 2671 2711 2744 προενόει
2743 2671 2969 2742 λήξεως,
3004 2672 3317 2724 ἐπισκοπῶν
3349 2673 3444 2726 σὺν
3471 2674 3621 2745 πολλῇ
3651 2677 3703 2744 τῇ

2161 2760 2538 2832 φιλανθρωπία
2574 2759 2731 2813 πάνθ’
2764 2761 2863 2814 ὃσα
2893 2761 3155 2831 πρότερον
3199 2761 3326 2831 ἔθνη
3372 2763 3479 2831 (66)
3523 2762 3616 2814 ὑπὸ
3649 2766 3703 2834 τῇ

2158 2853 2250 2905 τοῦ
2296 2853 2498 2925 πατρὸς
2545 2853 2708 2925 μοίρᾳ.
2757 2853 3138 2924 διεκυϐερνᾶτο
3161 2895 3174 2915 ,
3215 2854 3315 2908 ὅσα
3346 2871 3403 2906 τε
3436 2855 3556 2925 γένη
3589 2854 3702 2925 βαρ-

2161 2943 2360 3017 βάρων,
2398 2946 2502 2998 τῶν
2537 2946 2679 3015 ἀμφὶ
2694 2946 2880 3015 Ῥῆνον
2912 2946 3171 3016 ποταμὸν,
3201 2947 3451 3018 ὲσπέριόν
3478 2965 3530 2999 τε
3560 2946 3705 3000 ὠκεα-

2158 3038 2247 3090 νὸν
2290 3037 2558 3100 οἰκοῦντα,
2620 3038 2923 3101 στασιάζειν
2954 3037 3175 3107 ἐτόλμα,
3213 3038 3371 3091 πάνθ’
3400 3040 3698 3104 ὑποτάττων,

2157 3130 2341 3202 ἥμερα
2366 3130 2423 3196 ἐξ
2457 3129 2762 3182 άτιθάσσων
2795 3129 3184 3200 κατειργάζετο
3203 3171 3216 3192 ,
3249 3130 3383 3184 ἄλλα
3412 3130 3454 3183 δ’
3476 3131 3701 3184 ἀναστέλο

2157 3220 2286 3284 λων,
2318 3221 2503 3292 ὥσπερ
2535 3224 2688 3284 τινας
2723 3221 2895 3294 θῆρας
2937 3222 3183 3294 ἀγρίους,
3225 3224 3478 3278 ἀπεσόϐει
3514 3225 3601 3294 τῆς
3630 3227 3696 3278 ci-

2157 3315 2327 3378 κείας,
2352 3316 2449 3367 ὅσα
2482 3333 2586 3386 περ
2619 3316 2852 3378 ἀνιάτως
2879 3315 3068 3384 ἔχοντα
3097 3317 3231 3387 πρὸς
3258 3318 3462 3389 ἡμέρου
3491 3317 3592 3388 βίου
3623 3307 3698 3371 κέ-

2155 3408 2412 3460 τάστασιν
2460 3407 2624 3479 ἐώρα.
2687 3407 2845 3460 Ἐπεὶ
2895 3408 2950 3460 δὲ
2999 3409 3171 3462 ταῦτα
3214 3412 3357 3464 κατὰ
3407 3412 3554 3480 λόγον
3601 3411 3692 3482 (67)

2155 3499 2330 3552 ἔκειτο
2361 3499 2529 3569 αὐτῷ,
2565 3499 2662 3563 τὰς
2695 3499 2885 3563 λοιπὰς
2919 3499 3018 3570 τῆς
3063 3503 3387 3574 οἰκουμένης
3416 3503 3580 3574 λήξεις
3607 3504 3693 3575 πρὸ

2152 3591 2440 3662 ὀφθαλμῶν
2472 3591 2713 3662 θέμενος,
2742 3592 2880 3655 τέως
2912 3592 3012 3662 μὲν
3045 3594 3136 3645 ἐπὶ
3169 3593 3234 3647 τὰ
3260 3595 3558 3666 Βρεττανῶν
3585 3595 3690 3668 ἔθνη

2154 3680 2262 3751 (68)
2295 3681 2578 3743 διέϐαινεν,
2613 3681 2758 3735 ἔνδον
2791 3681 2877 3733 ἐπ’
2906 3680 3052 3751 αὑτῷ
3086 3683 3311 3754 κείμενα
3343 3685 3572 3756 ὠκεανῷ,
3605 3703 3689 3737 παι

2155 3775 2558 3845 ραστησάμενος
2602 3774 2658 3826 δὲ
2708 3774 2900 3838 ταῦτα,
2949 3775 3223 3828 διεσκόπει
3273 3777 3370 3841 τὰς
3400 3779 3576 3849 ἐτέρας
3610 3776 3687 3830 τοῦ

2151 3867 2350 3931 παντὸς
2401 3867 2616 3938 μοίρας,
2659 3867 2734 3931 ὡς
2779 3868 2844 3921 ἂν
2878 3866 3170 3938 θεραπεύοι
3213 3871 3281 3924 τά
3317 3870 3555 3943 βοηθείας
3593 3869 3688 3924 δεό-

2151 3975 2306 4028 μενα.

552 2563 843 2633 Postquam
899 2563 1067 2635 igitur
1124 2565 1175 2618 in
1221 2565 1450 2633 imperio
1504 2565 1747 2622 ﬁrmatus
1787 2581 1903 2637 est,
1948 2573 2060 2640 pri-

481 2670 628 2708 munt
682 2655 897 2720 quidem
949 2655 1164 2725 imperii
1204 2657 1453 2726 partibus
1502 2659 1603 2712 sibi
1644 2673 1673 2712 a
1713 2670 1865 2729 patre
1913 2675 2061 2717 tran-

479 2748 700 2817 scriptis
735 2748 1044 2816 prospicere
1071 2751 1266 2817 erepit;
1297 2751 1576 2805 universas
1607 2754 1911 2820 provincias
1941 2773 2060 2825 qua:

482 2851 640 2894 antea
701 2841 802 2892 sub
855 2841 1026 2909 patris
1079 2841 1549 2894 administratione
1619 2841 1864 2907 fuerant,
1935 2863 2056 2901 cum

480 2945 690 2982 summa
719 2929 1054 2983 humanitate
1085 2930 1438 3000 perlustrans.
1458 2931 1560 2984 Sed
1593 2944 1648 2986 et
1681 2935 1938 2991 batbaros
1965 2939 2055 3007 qui

478 3022 543 3076 ad
580 3021 829 3076 Rhenum
863 3034 917 3076 et
954 3011 1640 3080 oecideutalent’oceanum
1678 3029 1836 3095 positi
1888 3047 2056 3086 novos

477 3125 655 3168 motus
683 3115 963 3168 concitare
993 3115 1108 3167 ausi
1145 3126 1347 3178 essent,
1404 3131 1628 3172 cunetos
1667 3135 1779 3173 sua:
1808 3121 2044 3175 domina-

479 3209 610 3263 tioni
649 3207 962 3274 subiiciens,
997 3223 1062 3261 ex
1107 3206 1238 3261 feris
1273 3222 1588 3264 mansuetos
1623 3213 1874 3266 reddidit.
1902 3214 2054 3270 Alios

475 3315 606 3354 vero
642 3300 934 3369 reprimere
957 3310 1270 3365 contentus,
1306 3310 1558 3371 tanquaut
1589 3302 1730 3356 feras
1766 3304 1966 3359 bestias
1987 3310 2055 3361 ab

476 3392 687 3458 imperii
734 3393 818 3445 sui
868 3393 1068 3446 ﬁnibus
1125 3393 1420 3448 absterruit
1455 3410 1468 3445 :
1505 3411 1598 3448 eos
1629 3396 1880 3450 videlicet
1919 3417 2056 3470 quo-

477 3499 593 3536 rum
644 3483 971 3536 insanabiles
1007 3483 1217 3535 animos
1246 3485 1313 3536 ad
1352 3485 1698 3553 tranquillam
1732 3499 1785 3540 et
1815 3491 2052 3558 quietem

474 3575 690 3628 vivendi
741 3576 1008 3627 rationem
1053 3576 1264 3628 traduci
1305 3577 1450 3630 nullo
1483 3579 1643 3633 modo
1689 3595 1846 3648 posse
1882 3583 2053 3636 nuitu-

475 3668 803 3720 adverterat.
847 3666 1052 3731 Quibus
1114 3682 1178 3719 ex
1241 3668 1405 3720 animi
1453 3675 1718 3724 sententia
1767 3673 2048 3738 conlectis,

477 3758 712 3826 reliquas
751 3760 902 3812 orbis
932 3772 1114 3827 partes
1148 3760 1246 3812 sibi
1293 3762 1362 3814 ob
1395 3765 1580 3816 oculos
1611 3779 1932 3832 proponens,
1967 3767 2050 3820 itt-

477 3854 628 3906 terim
661 3854 878 3924 qttidt-m
909 3855 1533 3909 atlrersusliritanuicas
1567 3868 1754 3926 gentes
1778 3860 1828 3911 itt
1862 3859 2050 3912 iutituo

471 3943 660 3998 oceani
717 3959 931 3999 t'eceSsu
980 3948 1111 4000 sitas
1166 3947 1400 4015 trajecit.
1442 3947 1543 4000 Eas
1580 3961 1709 4001 vero
1747 3964 1868 4001 cum
1917 3949 2046 4001 sub-

468 4037 696 4106 egisset,
745 4039 811 4090 ad
849 4038 988 4092 alias
1025 4041 1208 4094 tuttudi
1246 4053 1426 4109 partes
1457 4041 1643 4094 oculos
1671 4041 1958 4107 convertit,
1991 4050 2044 4093 ιιι

468 4149 533 4187 ea
563 4147 682 4200 qua:
719 4134 924 4190 auxilio
958 4133 1124 4200 ipsius
1155 4135 1488 4203 indigebant,
1523 4142 1858 4203 persattarct.

1031 4223 1259 4279 CAPUT
1298 4221 1484 4277 XXVI.

541 4313 813 4380 Quomodo
865 4315 1085 4369 Romam
1120 4316 1373 4369 Maxentii
1425 4315 1704 4384 tyrannide
1748 4317 1974 4371 liberare

1105 4389 1407 4439 decreuerit.

536 4479 780 4534 Posthcee
812 4480 1126 4533 universum
1170 4489 1440 4532 terrarum
1475 4479 1660 4532 urbem
1701 4477 1873 4531 instar
1904 4479 2038 4531 vasti

2214 4475 2329 4533 Εἴθ’
2367 4478 2556 4551 ὥσπερ
2604 4480 2744 4551 μέγα
2782 4481 2960 4552 σῶμα,
3001 4481 3062 4534 τὸ
3105 4483 3211 4535 πᾶν
3257 4483 3358 4552 τῆς
3399 4480 3679 4551 οἰκουμένης

464 4573 746 4642 cujusdam
778 4571 1026 4640 corporis
1053 4571 1237 4625 animo
1278 4571 1610 4638 complexus,
1655 4571 1936 4638 ipsamque
1963 4581 2040 4624 lo-

2160 4573 2405 4643 ὲννοήσας
2444 4575 2703 4643 στοιχεῖον
2729 4613 2743 4636 ,
2792 4573 3024 4626 κᾶπειτα
3054 4574 3153 4644 τὴν
3193 4573 3287 4626 τοῦ
3327 4573 3514 4635 παντὸς
3543 4584 3678 4637 xeat:-

467 4667 571 4718 tius
607 4667 787 4718 mutuli
820 4677 980 4734 caput
1010 4675 1062 4718 et
1099 4663 1309 4732 imperii
1352 4663 1577 4716 ltotnaui
1621 4663 2034 4717 dominatricent

2160 4663 2259 4734 ιὴν,
2305 4663 2404 4732 τῆς
2447 4662 2732 4733 Ῥωμαίων
2768 4663 2942 4734 ἀρχῆς
2985 4663 3082 4734 τὴν
3122 4663 3497 4734 βασιλεύουσαν
3527 4661 3673 4722 πόλιν,

465 4758 675 4818 ttrbcm,
726 4767 1004 4826 tyrannica
1045 4755 1415 4808 dominatione
1463 4769 1778 4823 oppressam
1820 4754 2035 4822 conspi-

2160 4757 2435 4825 τυραννικῇ
2477 4753 2691 4823 δουλεία
2721 4753 2943 4806 συνιδὼν
2978 4753 3424 4826 καθυπηγμένην,
3461 4749 3675 4821 παρεχώ-

2083 3166 2126 3225 C

2641 4227 3036 4283 ΚΕΦΑΛΑῙΟΝ
3076 4227 3220 4297 Kq'.

2148 4344 2338 4410 Ὅπως
2365 4341 2594 4412 Ῥώμην
2614 4342 3013 4412 ἐλευθερῶσαι
3035 4344 3373 4409 Μαξεντίου
3398 4343 3677 4412 προῄρητο.

537 4872 646 4938 (63}
691 4869 868 4938 Vulg.,
902 4871 1020 4938 Τὴν
1048 4868 1464 4940 προσαγωγὴν.
1497 4869 1855 4923 Scribettduut
1887 4871 2028 4920 vide-

466 4952 552 4996 tur
605 4943 953 5012 προαγωγὴν,
1019 4943 1068 4995 id
1121 4951 1203 4995 est
1251 4941 1666 5009 pt'otttotiouetu,
1723 4941 2026 5011 προκοπήν.

461 5018 638 5078 Atque
678 5013 746 5062 ita
774 5011 1058 5065 Turnebus
1082 5013 1148 5064 ad
1177 5027 1328 5064 oratu
1360 5013 1440 5064 sui
1470 5012 1674 5064 codicis
1695 5017 2026 5071 etttettdavtt,

464 5094 519 5134 ttt
554 5092 734 5147 postea
777 5084 1035 5146 comperi.

532 5143 642 5219 (iiii)
717 5143 1086 5204 Ἐπισκοπῶν
1148 5151 1315 5218 ἔθνη.
1375 5143 1467 5204 Sic
1521 5149 1784 5203 Eusebius
1834 5165 2028 5202 vocare

459 5223 595 5275 solet
623 5226 932 5294 provincias
959 5221 1418 5294 ptqtuliltomani,
1444 5233 1501 5294 ut
1525 5236 1586 5272 ex
1606 5221 1866 5294 pluribus
1891 5222 2028 5273 locis

460 5294 676 5358 probari
718 5291 875 5344 facile
906 5300 1102 5356 potest.
1134 5293 1224 5342 Att
1254 5292 1416 5360 igitur
1457 5292 1723 5360 Eusebius
1755 5291 2026 5343 Constan-

461 5365 657 5423 tittttttt,
696 5363 852 5414 simul
887 5372 1047 5429 atque
1082 5359 1364 5428 itnperiitttt
1411 5360 1527 5428 ejus
1570 5359 1865 5413 stabilittttn
1919 5371 2027 5423 est,

460 5432 768 5498 prtmncias
799 5448 989 5484 omnes
1034 5447 1154 5494 qua:
1188 5433 1287 5483 sub
1324 5432 1552 5499 imperio
1584 5432 1756 5498 patris
1785 5432 2024 5492 fuerant,

458 5503 742 5567 diligenter
763 5504 982 5554 obusse.
1027 5501 1179 5567 Quod
1217 5517 1322 5554 non
1353 5501 1614 5554 intellexit
1639 5499 2027 5569 Christophor-

456 5581 641 5621 8011118.

529 5638 640 5706 (67)
680 5642 841 5692 Κατά
873 5640 1078 5708 λόγον.
1123 5639 1233 5693 Hoc
1261 5639 1377 5695 loco
1414 5639 1556 5693 κατὰ
1585 5638 1741 5706 λόγον
1771 5639 1910 5692 idem
1945 5638 2023 5692 vi-

459 5705 616 5758 detur
655 5725 774 5778 esse
814 5726 876 5760 ac
915 5705 1056 5762 κατὰ
1099 5709 1242 5762 νοῦν.
1285 5711 1437 5776 Quod
1477 5705 1696 5778 quidem
1740 5708 2021 5763 Portesius

463 5778 628 5829 etiam
655 5777 806 5831 vidit.
834 5781 900 5833 At
926 5780 1475 5848 Cltristophorsouus,
1504 5788 1559 5836 et
1585 5779 1727 5835 hutte
1754 5779 1928 5833 loeuut
1960 5789 2014 5834 et

2139 4879 2312 4922 totum
2335 4878 2497 4933 caput
2523 4884 2713 4937 parum
2750 4869 2980 4921 leliciter
3013 4869 3398 4936 interpretatus
3422 4877 3515 4923 est.

2209 4938 2320 5010 (68)
2369 4933 2658 5006 Τέωςρέν
2681 4939 2778 4991 ἐπὶ
2808 4941 2877 4992 τὰ
2909 4933 3257 5010 Βρεττανῶν
3293 4941 3451 5006 ἔθνη.
3495 4937 3559 4989 De
3585 4933 3668 4987 hac

2140 5008 2456 5076 trajectioue
2512 5011 2848 5062 Constantini
2906 5011 2957 5061 itt
3011 5008 3372 5073 Britanniam,
3419 5022 3561 5060 nemo
3611 5018 3664 5055 ex

2140 5082 2412 5134 veteribus
2438 5079 2729 5145 quidquam
2769 5080 3004 5146 scripsit.
3027 5078 3214 5146 Itaque
3241 5079 3354 5147 ejus
3388 5080 3457 5132 rei
3487 5089 3665 5129 tuemur

2142 5153 2276 5202 riam
2322 5151 2422 5202 soli
2457 5149 2693 5203 Eusebio
2729 5151 3009 5208 debemus.
3057 5151 3147 5214 qui
3191 5162 3247 5204 et
3291 5152 3454 5219 ipsum
3485 5155 3664 5219 tempus

2139 5235 2246 5272 non
2293 5222 2524 5290 obscure
2579 5225 2677 5272 hoc
2723 5219 2838 5272 loco
2886 5220 3231 5275 subindicat:
3283 5215 3435 5288 paulo
3478 5215 3664 5290 scilicet

2138 5301 2263 5342 ante
2311 5305 2472 5358 quam
2514 5288 2902 5342 Constantinus
2967 5292 3366 5357 expeditionem
3432 5288 3662 5358 adversus

2139 5357 2469 5429 Maxentium
2499 5361 2821 5427 Susciperet.
2845 5359 3087 5429 Contigit
3118 5361 3283 5429 igitur
3307 5360 3413 5413 haec
3431 5357 3660 5410 Constan-

2139 5431 2233 5482 tini
2271 5430 2321 5482 itt
2350 5428 2686 5481 Britanniam
2733 5430 3001 5496 trajectio,
3039 5428 3363 5483 Maﬂmiano
3403 5442 3491 5480 Vttt
3556 5433 3652 5475 cos.

2139 5513 2286 5551 anno
2331 5500 2533 5552 Christi
2573 5499 2858 5552 undecimo
2899 5515 2963 5552 ac
3005 5502 3402 5560 trecentesimo,
3446 5508 3496 5548 ιιι
3529 5499 3658 5544 recte

2139 5569 2342 5622 notavit
2383 5569 2636 5636 Sigonius
2679 5569 2731 5621 itt
2777 5569 2870 5621 lib.
2906 5584 2942 5621 tt
2988 5567 3060 5622 De
3089 5567 3411 5622 Occidentali
3442 5561 3650 5638 imperio.

2130 5638 2198 5690 At
2223 5635 2459 5712 Savilius
2485 5638 2772 5712 Eusebium
2800 5638 3020 5712 hic_l'allt
3052 5640 3394 5712 existimavit.
3419 5635 3507 5712 Sic
3525 5635 3649 5712 ιειιιιιι

2127 5718 2277 5762 ttolat
2306 5709 2539 5781 :Nlmltltllc
2568 5711 2783 5781 locutth
2824 5728 2840 5760 ι
2878 5707 3147 5781 Eusebius
3177 5711 3446 5781 ignorasse
3468 5703 3651 5781 ridetur

2122 5788 2328 5847 patrem
2356 5778 2697 5834 Constantini
2737 5777 2966 5834 Eboraci
2994 5780 3046 5832 itt
3084 5777 3358 5834 Britannia
3401 5777 3595 5830 abiisse.
3622 5781 3640 5815 ι
