3860 6488
222 394 317 452 ων

1295 375 1381 453 ni:
1414 397 1575 455 vm
1612 396 2075 456 CONSTANTINI
2115 399 2249 455 ue.
2290 397 2333 456 l.

3344 402 3450 458 950

223 509 532 583 ἀτιμότατα]
579 513 693 576 τοῖς
731 512 990 585 ἀνδράσιν
1027 515 1323 587 ἀπέπεμπε
1343 558 1360 583 ,
1392 518 1486 572 καὶ
1512 518 1663 572 ταῦτ’
1688 519 1766 573 oin

1891 520 2116 576 maritos
2144 520 2383 575 remisit.
2421 516 2604 588 Neque
2641 531 2772 573 vero
2802 517 3050 574 homines
3074 516 3341 575 obscuros
3368 531 3450 571 au-

220 602 457 673 ἀσήμοις,
496 602 605 655 οὐδ’
632 603 909 672 ἀφανέσιν,
941 603 1054 658 ἀλλ’
1080 608 1263 671 αὐτοῖς
1296 609 1640 680 ἐμπαροινῶν
1667 612 1778 674 τοῖς

219 694 280 749 τὰ
324 697 567 767 πρωτεῖα
614 695 714 765 τῆς
761 695 869 751 τῶν
909 697 1191 768 Ῥωμαίων
1237 701 1537 772 συγκλήτου
1587 700 1781 772 βουλῆς

220 786 516 856 κατέχουσι.
553 788 793 859 Μυρίαις
824 788 922 859 μὲν
977 786 1069 843 οὖν
1098 791 1407 864 ἐλευθέραις
1430 793 1674 861 γυναιξὶν
1703 795 1783 847 ἐν·

219 875 440 947 υῆρίζων
482 878 725 949 αἰσχρῶς
748 918 764 940 ,
819 880 918 933 ούκ
963 876 1107 951 εἶχεν
1131 883 1278 946 ὅπως
1339 883 1636 956 ἐμπλήσειε
1683 886 1782 956 τὴν

219 967 417 1037 ἀκρατῆ
446 970 540 1022 καὶ
569 971 862 1025 ἀκόλαστον
893 974 1059 1027 αὑτοῦ
1096 975 1292 1049 ψυχήν.
1333 979 1420 1044 Ὠς
1446 980 1504 1034 δὲ
1531 980 1624 1037 καὶ
1650 983 1781 1054 Χρι-

220 1063 446 1124 στιαναῖς
480 1063 774 1135 ἐνεχείρει,
816 1066 910 1118 καὶ
944 1066 1119 1122 οὐκέθ’
1146 1064 1255 1134 οἷός
1284 1088 1344 1124 τε
1385 1068 1454 1143 ἦν
1482 1072 1592 1139 (85)
1621 1075 1783 1129 εὐπο-

218 1151 328 1221 ρίαν
371 1154 484 1216 τοῖς
539 1154 760 1219 οἰκείοις
804 1157 1216 1231 ἐπιθυμήμασιν
1269 1166 1522 1219 ἐπινοεῖν.
1576 1167 1780 1221 Θᾶττον

218 1236 336 1304 γοῦν
375 1238 475 1310 τήν
520 1240 695 1312 ψυχήν
738 1242 1045 1299 θανατῶσαι
1086 1249 1195 1322 (86)
1217 1290 1232 1315 ,
1267 1253 1300 1323 ἢ
1338 1253 1400 1307 τὺ
1441 1254 1599 1326 σῶμα
1632 1256 1780 1328 αὐτῷ

215 1327 559 1400 παρεχώρουν
585 1331 679 1384 ἐπὶ
712 1331 917 1405 φθορὰν
948 1329 1129 1392 αὗται.

714 1425 1111 1482 ΚΕΦΑΛΑῙΟΝ
1147 1432 1267 1486 AA‘.

218 1512 394 1579 ὀπως
438 1498 478 1583 ἦ
517 1515 626 1569 τοῦ
659 1516 1077 1645 axungiae?
1111 1529 1515 1596 σωφροσύνην
1553 1529 1779 1599 ἑαυτὴν

972 1608 986 1641 τ
1031 1608 1121 1645 εν.

972 1608 1121 1645 [λεν.

272 1675 387 1730 Μία
416 1676 548 1744 γοῦν
572 1695 656 1742 τις
686 1678 794 1732 τῶν
820 1681 1004 1738 αὐτόθι
1036 1686 1412 1757 συγκλητικῶν
1440 1689 1649 1762 ἀνδρῶν
1680 1692 1777 1762 τὴν

212 1764 438 1838 ἔπαρχον
463 1767 756 1825 διεπόντων
787 1771 1055 1842 ἐξουσίαν,
1090 1777 1167 1841 ώς
1192 1778 1519 1845 ἐπιστάντας
1541 1781 1618 1853 τῷ
1645 1782 1778 1854 οἴκῳ

1886 627 1993 682 que
2024 612 2319 683 ignobiles,
2358 612 2454 665 scd
2484 611 2628 681 ipsos
2658 610 2925 679 primores
2956 619 3181 665 senatus
3199 608 3447 674 Romani,

1881 717 1947 756 eo
1970 702 2323 757 contumelia:
2352 715 2549 768 genere
2577 698 2779 754 affecit.
2823 698 3089 754 Caeterum
3129 714 3249 756 cum
3293 700 3452 754 innu-

1884 810 2063 852 meras
2094 795 2207 851 fere
2234 794 2494 850 mulieres
2524 793 2787 864 ingenuas
2822 792 2964 848 finde
2987 792 3236 857 violaret,
3263 793 3453 846 immo-

1881 889 2128 944 deratam
2164 897 2345 942 tamen
2373 887 2538 940 animi
2562 886 2649 940 sui
2673 885 2957 940 libidinem
3013 885 3319 940 nullatenus
3348 900 3447 954 po—

1884 990 2027 1035 terat
2053 979 2292 1049 explere.
2328 978 2433 1034 Sed
2469 987 2752 1049 postquam
2801 978 3058 1032 mulieres
3108 977 3448 1033 Christianas

1883 1070 2181 1125 sollicitare
2216 1073 2408 1139 ccepit,
2442 1068 2602 1123 nullis
2631 1070 2846 1122 artibus
2874 1068 3137 1134 perlicere
3166 1068 3447 1136 potuit,.ut

1881 1175 2067 1214 earum
2124 1174 2423 1229 congressu
2464 1157 2755 1214 frueretur.
2793 1156 2885 1211 lla:
2935 1173 3169 1227 namque
3208 1159 3445 1211 animam

1880 1249 1988 1303 leto
2017 1247 2283 1317 objicere,
2313 1262 2476 1317 quam
2514 1261 2712 1316 corpus
2750 1244 2799 1300 ei
2841 1244 2907 1299 ad
2938 1257 3188 1314 stuprum
3223 1244 3448 1313 permit-

1883 1347 1996 1392 tere
2031 1336 2322 1391 malebant.

2405 1425 2636 1495 CAPUT
2678 1423 2917 1481 χχχιιι.

1885 1516 2167 1585 Quomodo
2201 1533 2336 1571 uxor
2371 1516 2945 1597 prwfectihpudicitim-
2978 1518 3245 1571 servanda
3286 1531 3446 1570 causa

2341 1598 2561 1639 utortem
2588 1587 2686 1640 sibi
2718 1587 2983 1640 conscivit.

1953 1680 2204 1748 Quaedam
2231 1695 2297 1734 ex
2328 1680 2436 1746 bis,
2462 1687 2623 1746 nupta
2658 1678 2916 1733 senatorii
2958 1677 3168 1731 ordinis
3199 1677 3316 1739 viro
3351 1677 3445 1748 qui

1881 1772 2259 1845 pratfecturam
2289 1770 2732 1833 administrabat,
2770 1786 2892 1824 cum
2934 1770 3198 1823 satellites
3247 1769 3446 1838 quibus

210 1858 324 1921 τοὺς
357 1858 424 1911 τά
455 1859 676 1915 τοιαῦτα
703 1862 779 1934 τῷ
806 1865 1052 1938 τυράννῳ
1076 1867 1526 1940 διακονουμένους
1549 1871 1766 1926 ἐπύθετε

1887 1875 2151 1936 tyrannus
2191 1864 2494 1935 lmjusmodi
2522 1860 2848 1932 ﬂagitiorum
2877 1861 3141 1914 ministris
3168 1862 3441 1919 utebatur.

212 1945 521 2022 (Χριστιανή
550 1949 593 2003 δ’
618 1945 705 2023 ἦν)
737 1953 828 2005 τόν
859 1955 905 2008 τ’
930 1955 1098 2028 ἄνδρα
1127 1957 1217 2011 τὸν
1240 1958 1411 2028 αὐτῆς
1436 1960 1594 2029 ἔγνω,
1624 1961 1775 2026 δέους

209 2039 392 2104 ἓνεκα,
424 2040 686 2107 λαϐόντας
723 2046 925 2117 αὐτὴν,
968 2050 1201 2118 ἀπάγειν
1243 2051 1493 2107 κελεῦσαι
1516 2094 1531 2119 ,
1571 2053 1775 2127 βραχὺν

209 2131 762 2208 ὑποπαραιτησαμένη
811 2138 1031 2209 χρόνον,
1066 2140 1141 2205 ὡς
1176 2140 1242 2195 ἂν
1282 2142 1374 2196 τοῦ
1406 2143 1653 2217 σώματος
1683 2146 1775 2200 τὸν

209 2223 403 2295 συνήθη
452 2226 799 2297 περιόἀλοιτο
839 2230 1074 2301 κόσμον,
1130 2232 1356 2289 είσεισιν
1398 2237 1491 2290 ἐπὶ
1539 2237 1633 2291 τοῦ
1680 2255 1776 2291 τας-

208 2315 353 2383 μείου
374 2332 388 2345 ·
437 2318 528 2371 καὶ
568 2318 904 2389 μονωθεῖσα,
936 2320 1088 2391 ξίφος
1118 2323 1211 2377 τοῦ
1258 2325 1479 2397 στέρνου
1513 2328 1770 2400 πήγνυσι,

206 2408 431 2467 θανοῦσά
465 2428 525 2465 τε
566 2414 907 2486 παραχρῆμα
930 2456 946 2482 ,
980 2414 1071 2470 τὸν
1112 2416 1210 2488 μὲν
1253 2420 1443 2492 νεκρὸν
1481 2424 1594 2485 τοῖς
1643 2439 1770 2494 προ-

206 2505 431 2570 αγωγοίς
461 2505 816 2569 καταλείπει,
852 2508 1033 2579 ἔργοις
1060 2509 1107 2562 δ’
1133 2511 1351 2582 ἀπάσης
1388 2513 1773 2588 γεγωνοτέροις

206 2595 399 2666 φωνῆς,
436 2597 517 2650 ὅτι
550 2598 710 2668 μόνον
740 2599 929 2671 χρῆμα
953 2601 1220 2672 ἀήττητόν
1247 2619 1306 2656 τε
1328 2603 1423 2656 καὶ
1448 2603 1770 2677 ἀνώλεθρον,

202 2687 236 2758 ή
285 2686 529 2761 βοωμένη
580 2689 732 2762 παρὰ
758 2692 1103 2765 Χριστιανοῖς
1142 2694 1463 2768 σωφροσύνη
1507 2697 1770 2766 πέφυκεν,

202 2782 277 2846 είς
305 2782 506 2847 πάντας
534 2782 879 2856 ἀνθρώπους,
921 2786 1048 2852 τούς
1080 2805 1140 2841 τε
1179 2787 1274 2842 νῦν
1311 2789 1467 2853 δντας
1505 2807 1601 2843 και
1646 2790 1774 2855 τοὺς

205 2873 488 2942 μετέπειτα
542 2875 941 2948 γενησομένους
996 2878 1274 2951 ἐξέφηνεν.
1330 2880 1477 2952 Αὕτη
1533 2894 1633 2953 μεν
1679 2877 1771 2937 οὖν

202 2964 412 3039 τοιαύτη
446 2984 531 3032 τις
564 2967 744 3043 ὤφθη.

706 3148 1100 3203 ΚΕΦΑΛᾹῙΟΝ
1132 3150 1257 3203 ΛΕ’.

276 3234 595 3306 Ἆναίρεσις
626 3237 819 3309 δήμου
859 3241 1156 3311 Ῥωμαίων
1183 3240 1302 3296 ὑπὸ
1329 3240 1688 3306 Μαξεντίου.

262 3327 432 3382 Τδνδὲ
464 3331 727 3395 τοιούτοις
756 3332 1130 3404 ἐπιτολμῶντα
1160 3333 1360 3397 πάντες
1393 3333 1763 3406 ὑπεπτηχότες

198 3418 348 3491 δῆμοι
370 3423 464 3475 καὶ
489 3422 772 3495 ἄρχοντες,
806 3422 1005 3489 ἔνδοξοί
1027 3441 1087 3477 τε
1110 3425 1205 3478 καὶ
1228 3422 1424 3489 ἄδοξοι,
1450 3424 1595 3496 δεινῇ
1627 3443 1763 3479 κατ-

198 3513 471 3584 ετρύχοντο
524 3516 823 3586 τυραννίδι.
855 3516 963 3569 Καὶ
1006 3516 1113 3569 οὐδ’
1152 3517 1502 3587 ἠρεμούντων
1533 3518 1626 3571 καὶ
1665 3516 1764 3589 τὴν

197 3602 384 3675 πικρὰν
426 3604 702 3676 φερόντων
746 3604 1018 3668 δουλείαν,
1066 3604 1352 3678 ἀπαλλαγή
1393 3624 1475 3670 τις
1520 3606 1668 3677 ὅμως
1697 3601 1764 3678 ἦν

195 3694 286 3765 τῆς
319 3695 409 3748 τοῦ
455 3697 725 3769 τυράννου
755 3695 1003 3769 φονώσης
1048 3696 1349 3769 ὠμότητος.
1409 3699 1531 3751 Ἐπὶ
1562 3700 1767 3770 σμικρᾷ

196 3786 316 3852 γοῦν
368 3789 470 3859 ήδη
537 3789 669 3843 ποτὲ
742 3790 1039 3860 προφάσει,
1109 3790 1202 3842 τὸν
1262 3788 1432 3860 δῆμον
1484 3791 1564 3853 εἰς
1610 3788 1767 3858 φόνον

198 3884 299 3945 τοῖς
325 3883 458 3953 ἀμφ’
493 3882 657 3936 αὐτὸν
701 3882 1020 3955 δορυφόροις
1053 3882 1285 3951 ἐξεδίδου
1313 3899 1326 3912 ·
1365 3882 1459 3937 καὶ
1498 3882 1768 3936 ἐκτείνετο

201 3975 354 4045 μυρία
386 3975 566 4047 πλήθη
610 3974 705 4028 τοῦ
750 3974 920 4046 δήμου
962 3976 1250 4047 Ῥωμαίων
1288 3978 1373 4028 ἐπ’
1401 3975 1563 4029 αὐτοῦ
1601 3977 1765 4045 μέσου

197 4066 281 4118 τοῦ
317 4068 558 4132 ἄστεως,
614 4068 674 4119 ού
710 4066 929 4121 Σκυθῶν
970 4067 1004 4140 ή
1057 4067 1384 4139 βαρϐάρων,
1433 4067 1545 4120 ἀλλ’
1591 4066 1768 4122 αὐτῶν

196 4158 293 4211 τῶν
321 4162 535 4215 οἰκείων
565 4160 753 4232 δόρασι
787 4160 880 4213 καὶ
912 4161 1253 4224 πανοπλίαις.
1283 4160 1664 4229 Συγκλητικῶν
1698 4177 1762 4230 γε

199 4250 294 4322 μὴν
322 4253 478 4322 φόνος
514 4254 641 4316 ὅσος
675 4252 740 4305 δι’
767 4251 1056 4324 ἐπιϐουλὴν
1082 4255 1364 4325 ἐνηργεῖτο
1394 4251 1490 4324 τῆς
1532 4251 1761 4306 ἑκάστου

196 4346 513 4414 περιουσίας,
545 4345 654 4399 οὐδ’
686 4344 1155 4416 ἐξαριθμήσασθαι
1181 4344 1422 4409 δυνατὸν,
1449 4344 1634 4399 ἄλλοτε
1670 4345 1763 4400 ἄλ-

195 4434 301 4502 λαις
340 4438 754 4509 πεπλασμέναις
781 4438 981 4502 αἰτίαις
1016 4439 1226 4511 μυρίων
1263 4437 1687 4510 ἀναιρουμένων.

1881 1973 1978 2027 pro
2041 1957 2247 2011 foribus
2296 1958 2486 2011 adesse
2536 1955 2914 2022 comperisset,
2966 1950 3129 2024 425
3169 1960 3223 2005 et
3268 1951 3442 2004 virum

1877 2065 2035 2105 suum
2061 2060 2207 2103 metu
2244 2050 2497 2103 adactum
2530 2048 2849 2116 permisisse
2879 2045 2986 2099 illis
3018 2056 3075 2097 ut
3106 2059 3164 2097 se
3212 2043 3446 2113 prehen-

1876 2154 1989 2194 sam
2044 2140 2377 2194 abducerent
2428 2140 2568 2208 (erat
2620 2148 2797 2192 autem
2865 2137 3058 2189 mulier
3108 2133 3463 2197 Christiana),

1875 2231 2040 2285 breve
2096 2232 2353 2300 temporis
2400 2230 2633 2300 Spatium
2673 2229 2892 2284 concedi
2933 2227 3035 2282 sibi
3085 2225 3345 2297 ﬂagitavit
3377 2229 3443 2277 ad

1876 2336 2075 2392 corpus
2108 2320 2336 2376 solemni
2391 2320 2537 2375 cultu
2581 2319 2976 2373 exornandum.
3025 2315 3090 2370 Et
3136 2315 3441 2370 cubiculum

1879 2414 2140 2484 ingressa,
2175 2412 2343 2468 solam
2374 2425 2433 2467 se
2466 2411 2707 2466 relictam
2738 2408 3191 2479 videns,gladium
3233 2406 3441 2477 pectori

1877 2504 2141 2559 immersit
2186 2519 2201 2567 ;
2253 2504 2549 2571 statimque
2582 2501 2915 2565 exanimata,
2965 2500 3199 2554 cadaver
3223 2500 3439 2567 quidem

1875 2594 2289 2665 perducturibus
2338 2594 2579 2663 reliquit,
2619 2591 2753 2661 ipsis
2790 2606 2919 2648 vero
2944 2591 3104 2645 factis
3139 2606 3258 2660 qua:
3291 2591 3439 2644 omni

1874 2702 2007 2740 voce
2054 2684 2257 2740 clarius
2308 2694 2589 2745 resonant,
2630 2683 2844 2737 cunctis
2893 2682 2987 2752 qui
3031 2696 3171 2736 nunc
3217 2690 3346 2760 sunt
3383 2690 3443 2735 θ’.

1874 2779 1964 2850 qui
1991 2779 2216 2849 postbac
2242 2788 2403 2833 erunt
2432 2778 2750 2832 mortalibus
2776 2777 3092 2840 declaravit,
3120 2776 3437 2847 pudicitiam.

1874 2885 2042 2939 penes
2072 2868 2216 2924 solos
2256 2868 2591 2924 christianos
2624 2868 2880 2922 invictam
2911 2879 3074 2939 atque
3097 2871 3440 2942 inexpugna-

1872 2959 2056 3023 bilem,
2080 2974 2179 3014 nec
2207 2958 2366 3013 morti
2387 2957 2679 3014 obnoxiam
2705 2972 2848 3013 esse.
2879 2958 3057 3029 Atque
3079 2960 3193 3015 lucc
3217 2961 3435 3031 quidem

1871 3050 1945 3105 ita
1985 3064 2042 3103 se
2065 3050 2255 3121 gessit.

2414 3144 2645 3202 CAPUT
2679 3143 2897 3204 XXXV.

2083 3234 2264 3290 Clades
2292 3235 2472 3306 populi
2496 3234 2724 3290 Romani
2748 3236 2907 3307 jussu
2941 3234 3224 3291 Maxentii.

1943 3329 2075 3384 Eum
2110 3329 2275 3399 igitur
2309 3328 2375 3382 ad
2408 3328 2672 3398 ejusmodi
2707 3327 2949 3384 facinora
2982 3318 3106 3385 cum
3148 3331 3292 3385 omni
3339 3346 3439 3386 au-

1869 3424 2023 3478 dacia
2056 3431 2499 3493 prorumpentem
2520 3421 2704 3475 cuncti
2731 3420 3167 3487 reformidantes.
3195 3433 3299 3477 tam
3327 3427 3440 3494 ple-

1871 3515 1956 3570 bei
1981 3529 2144 3584 quam
2177 3513 2550 3580 magistratus,
2587 3520 2693 3565 tam
2738 3512 2947 3568 nobiles
2987 3529 3149 3582 quam
3195 3515 3437 3579 obscuri,

1870 3608 2197 3679 gravissima
2258 3606 2542 3677 tyrannide
2585 3608 3058 3676 opprimebantur.
3100 3608 3175 3662 Ac
3223 3609 3440 3664 tametsi

1869 3701 2052 3769 quiete
2080 3710 2322 3767 agerent,
2356 3707 2413 3753 et
2441 3699 2853 3754 acerbissimam
2887 3700 3205 3754 servitutem
3234 3702 3443 3769 patien-

1872 3802 1952 3844 ter
1980 3791 2300 3855 tolerarent,
2336 3807 2403 3846 ne
2441 3794 2521 3849 sic
2561 3803 2742 3848 tamen
2777 3795 2949 3846 vitare
2974 3801 3221 3861 poterant
3246 3805 3444 3846 crucu-

1873 3892 1980 3935 tam
2017 3882 2225 3954 tyranni
2267 3884 2637 3937 atrocitatem.
2691 3883 2931 3951 Denique
2977 3884 3210 3951 quodam
3248 3881 3335 3936 die
3366 3882 3442 3935 le-

1871 3975 2149 4028 vissimam
2187 3974 2256 4029 ob
2288 3989 2505 4029 causam
2545 3976 2798 4045 pOpulum
2830 3973 3131 4028 Romanum
3164 3971 3441 4040 praetoria-

1872 4070 1958 4122 nis
2005 4067 2269 4122 militibus
2300 4070 2737 4123 obtruncandum
2784 4067 3012 4121 dedidit.
3042 4067 3218 4135 Atque
3253 4065 3324 4118 ita
3358 4065 3444 4117 in-

1871 4161 2226 4216 numerabilis
2259 4162 2547 4216 multitudo
2582 4160 2764 4232 populi
2797 4161 3047 4222 Romani,
3073 4175 3178 4213 non
3207 4158 3441 4229 Scythae

1870 4268 1990 4307 rum
2020 4269 2083 4308 ac
2121 4254 2475 4309 barbarorum
2495 4295 2509 4320 ,
2540 4257 2631 4309 sed
2660 4254 2857 4308 civium
2895 4269 3117 4307 suorum
3147 4253 3316 4306 hastis
3352 4265 3444 4304 ar-

1870 4347 2085 4412 misque
2113 4345 2164 4398 in
2197 4346 2371 4400 media
2405 4348 2537 4399 urbe
2574 4346 2845 4399 trucidata
2882 4354 2982 4398 est.
3022 4343 3250 4409 Quanta:
3279 4357 3443 4411 porro

1869 4449 2182 4492 senatorum
2211 4439 2387 4493 ctedes
2409 4437 2565 4493 facta:
2586 4439 2719 4500 sint,
2747 4446 2803 4491 ut
2834 4438 2887 4491 in
2922 4438 3061 4491 bona
3096 4437 3442 4504 uniuscujus-

197 4542 291 4593 que
332 4544 517 4583 eorum
556 4530 926 4597 invaderetur,
956 4534 1229 4588 numerari
1281 4533 1431 4588 nullo
1464 4536 1625 4588 modo
1669 4543 1882 4604 potest;
1913 4550 2035 4589 cum
2099 4535 2349 4604 quatidle
2402 4532 2620 4605 plurimi
2667 4532 2911 4587 conﬁctis
2971 4530 3135 4584 variis
3194 4528 3442 4586 crimini-

198 4616 288 4673 bus
307 4619 769 4685 interficerentur.

676 4715 1072 4771 κεῡΑΑΑιοΝ
1126 4720 1265 4787 Acr.

227 4800 457 4873 Βαγεῒαι
498 4803 839 4868 Μαξεντίου
888 4808 1040 4862 κατὰ
1084 4810 1544 4865 Κωνσταντίνου
1563 4848 1579 4873 ,
1623 4808 1723 4863 καί

565 4873 781 4943 ἔνδεια,
794 4875 1029 4946 τροφῶν
1056 4883 1126 4933 ἐν
1162 4879 1364 4949 Ῥώμῃ.

269 4964 327 5018 Ἠ
357 4966 412 5020 δὲ
449 4966 561 5020 τῶν
585 4965 773 5021 κακῶν
825 4967 903 5042 τῷ
945 4970 1192 5042 τυράννῳ
1230 4972 1460 5042 κορωνὶς
1508 4970 1600 5024 ἐπὶ
1625 4986 1758 5042 γοη-

194 5054 329 5110 τείαν
373 5059 597 5131 ήλαυνε,
650 5064 907 5130 μαγικαῖς
932 5064 1196 5128 ἐπινοίαις
1226 5064 1345 5116 τοτὲ
1378 5064 1478 5135 μέν
1497 5066 1760 5132 γυναῖκας

197 5146 485 5220 ἐγκύμονας
516 5150 901 5223 ἀνασχίζοντος
920 5193 936 5215 ,
969 5155 1091 5209 τοτὲ
1122 5155 1179 5208 δὲ
1211 5155 1443 5225 νεογνῶν
1480 5155 1760 5226 σπλάγχνα

198 5232 392 5308 βρεφῶν
430 5241 882 5313 διερευνωμένου,
916 5242 1137 5309 λέοντάς
1173 5262 1232 5298 τε
1265 5245 1755 5315 κατασφάττοντος,

198 5388 476 5466 ἐνυϐρίζων
506 5395 898 5466 αἰσχροτάτως.
928 5405 1035 5449 etc.
1078 5396 1132 5449 lu
1163 5397 1348 5451 codice
1386 5396 1522 5453 Fuk.
1566 5397 1760 5454 scribi-

201 5468 280 5539 tur
298 5461 707 5539 StaCeuTvdgmyé
730 5482 812 5519 τοι
839 5466 948 5520 τῶν
968 5466 1176 5539 ἀνδρῶν
1197 5468 1294 5533 τὰς
1330 5470 1613 5537 γυναῖκας,
1644 5471 1759 5533 τοῖς

1880 5468 2048 5539 Savilit
2090 5467 2255 5539 habet
2274 5461 2309 5517 θ

196 5526 454 5600 ἀνδράσιν,
482 5526 593 5589 etc.

2396 4706 2625 4765 CAPUT
2665 4705 2904 4762 XXXVI.

1937 4806 2168 4878 Hagtca:
2192 4815 2330 4859 artes
2356 4802 2635 4925 Maxengi,
2666 4812 2712 4855 et
2748 4802 3115 4854 alimentorum
3145 4800 3383 4867 penuria-

2598 4887 2748 4925 οιιιιτ.

2598 4887 2748 4925 οιιιιτ.

1934 4968 2180 5024 Tandem
2204 4975 2611 5037 verotyrannus
2638 4960 2935 5018 sceleribus
2955 4961 3069 5017 suis
3092 4964 3243 5032 quasi
3266 4962 3439 5032 quod-

1865 5066 1987 5119 dam
2042 5061 2342 5130 fastigium,
2384 5060 2608 5129 magicaa
2632 5057 2766 5111 artis
2804 5055 3110 5126 praestigias
3155 5057 3434 5125 imposuit,

1866 5169 2012 5209 nunc
2059 5153 2314 5208 mulieres
2351 5152 2605 5220 gravidas
2652 5150 2955 5214 dissecans,
2985 5162 3131 5202 nunc
3167 5147 3433 5201 inl‘ammn

1866 5258 2058 5298 recens
2089 5243 2144 5297 in
2193 5242 2363 5296 lucem
2398 5241 2669 5294 editorum
2718 5239 2926 5293 rimans
2948 5239 3155 5292 viscera
3183 5249 3201 5290 :
3251 5237 3437 5291 leones

1865 5396 2085 5482 οἰκείοις
2127 5394 2500 5516 ἀσελγήᾶιασιν
2545 5394 2800 5447 ἐπινοεῖν.
2846 5391 2969 5448 Mox
3001 5391 3171 5448 codex
3218 5389 3351 5447 Fuk.
3383 5400 3439 5445 et

1865 5469 2048 5516 bavnln
2091 5467 2249 5516 habet
2281 5465 2309 5516 θ
2352 5481 2473 5516 ττον
2504 5464 2613 5516 γάο
2644 5465 2763 5516 τήν.
2793 5474 2900 5516 etc.

1941 5468 2048 5520 vilit
2090 5467 2249 5521 habet
2281 5464 2473 5517 θᾶττον
2504 5464 2613 5535 γάρ
2644 5465 2763 5535 τήν,
2793 5474 2900 5516 etc.

1931 5538 2043 5607 (86)
2078 5537 2196 5603 Τὴν
2219 5532 2823 5607 ψυχὴνᾼθανατῶοῇαι..
2843 5533 3196 5607 scribendum
3223 5530 3437 5607 videtur

257 5599 363 5677 (δεῖ)
388 5605 494 5658 Kal
542 5606 741 5660 οὐκέθ’
767 5599 894 5673 οἷός
925 5623 991 5660 τε
1024 5606 1124 5674 ἦν.
1167 5605 1346 5660 Prima
1390 5621 1493 5660 vox
1524 5608 1753 5663 delenda

1880 5599 2093 5677 »ἀνά-τὶν.
2124 5599 2417 5677 ὃιςίειιῇιιι
2446 5604 2689 5677 loquitur
2721 5605 2984 5677 Eusebius
3027 5615 3217 5677 noster
3248 5602 3300 5677 in
3335 5601 3430 5677 lib.

196 5668 288 5744 est.
312 5668 413 5725 Sed
438 5679 724 5744 sequentia
756 5668 1009 5743 corrupta
1032 5668 1155 5730 sunt
1177 5692 1239 5731 ac
1268 5678 1472 5743 mutila,
1491 5693 1614 5743 qua:
1636 5680 1753 5733 sine
1855 5694 1950 5733 vni
1986 5668 2073 5730 ub'i
2106 5678 2171 5731 de
2202 5673 2477 5744 Maximini
2511 5673 2725 5743 ﬂagitiis
2758 5678 2901 5744 agit:
2932 5675 2988 5728 αἱ
3020 5674 3077 5728 δὲ
3109 5674 3201 5726 ἐπὶ
3227 5668 3434 5744 φθοράν

198 5740 500 5808 scriptorum
518 5740 784 5801 codicum
812 5740 1058 5804 subsidio
1082 5745 1296 5799 dilIicile
1321 5757 1407 5801 est
1440 5740 1750 5802 restituere.

1854 5748 2160 5817 ἑλκόμεναι,
2189 5743 2381 5817 θᾶττον
2406 5742 2504 5815 τήν
2532 5742 2713 5817 ψυχὴν
2747 5743 2980 5815 θανάτῳ,
3011 5745 3044 5817 ᾗ
3087 5744 3146 5798 τὸ
3179 5743 3338 5814 σῶμα
3362 5743 3431 5815 τῇ

199 5803 364 5866 Potest
392 5823 570 5869 tamen
615 5814 717 5883 legi
737 5855 751 5879 ,
799 5813 979 5870 οὐκέθ’
1011 5803 1122 5880 οἰός
1151 5833 1209 5869 τε
1239 5812 1307 5888 ἦν
1340 5816 1600 5890 εὐπορίαν
1630 5821 1742 5882 τοῖς

1880 5803 2028 5888 ιθορξ
2050 5803 2476 5886 παραδεδώκασιί
