3860 6482
463 387 565 445 951

467 522 684 577 quoque
712 506 985 563 interdum
1008 508 1276 573 machus,
1303 519 1360 563 et
1382 512 1629 579 quaedam
1646 513 1879 568 nefanda
1911 530 2034 584 per-
2065 522 2109 578 Α

465 612 635 667 agens
665 614 821 655 sacra
876 601 943 653 ad
974 599 1249 654 daemones
1280 603 1611 667 evocandos,
1638 614 1693 658 et
1729 605 1797 658 ad
1838 605 2036 660 bellum

465 693 612 760 quod
640 690 755 760 jam
791 691 1056 753 instabat.
1095 691 1494 761 depellendum.
1522 694 1619 750 liis
1646 696 1795 751 enim
1829 695 2039 752 artibus

468 783 755 836 victoriam
794 797 854 837 se
880 782 1202 851 adepturum
1246 786 1521 855 sperabat.
1571 787 1671 844 Hic
1703 788 1869 859 igitur
1907 789 2036 843 dum

465 871 651 927 Roma:
703 872 1041 945 tyrannidem
1093 886 1335 941 exercet,
1384 877 1474 932 vix
1531 878 1642 933 dici
1695 891 1874 951 potest
1902 890 2037 951 quot

464 964 793 1033 quantisque
824 963 985 1019 malis
1004 965 1251 1021 subditos
1278 973 1616 1037 oppresserit
1642 981 1808 1041 atque
1839 974 1892 1026 in
1918 985 2038 1026 ser-

467 1054 691 1108 vitutem
720 1055 992 1126 redegerit
1018 1073 1034 1110 :
1060 1057 1197 1113 adeo
1216 1067 1276 1111 ut
1301 1060 1368 1113 ad
1392 1052 1695 1116 extremam
1711 1062 1878 1135 426
1903 1061 2037 1117 trusi

462 1145 572 1200 sint
605 1146 995 1202 alimentorum
1044 1150 1349 1216 penuriam,
1381 1152 1603 1222 qualem
1639 1164 1802 1210 antea
1853 1154 2039 1213 Roma

462 1251 698 1307 unquam
731 1236 921 1306 fuisse,
974 1240 1124 1295 nulla
1161 1242 1443 1298 hominum
1484 1245 1664 1302 aetatis
1689 1257 1892 1304 nostra:
1923 1264 2035 1306 me-

460 1330 635 1386 moria
666 1332 1004 1387 recordatur.

983 1422 1214 1483 CAPU'I‘
1250 1426 1515 1483 XXXVII.

702 1513 960 1571 Maxentii
985 1520 1243 1573 exercitus
1271 1522 1326 1573 in
1350 1519 1520 1575 Italia
1548 1523 1802 1588 superati.

528 1604 611 1662 0b
647 1606 764 1664 lucc
792 1617 989 1664 cuncta
1022 1609 1209 1667 dolore
1248 1627 1315 1668 ao
1345 1612 1707 1668 miseratione
1733 1623 2039 1671 commotus

457 1698 872 1764 Constantinus,
916 1703 1064 1757 omni
1109 1702 1307 1760 bellico
1358 1715 1624 1776 apparatu
1666 1706 1924 1763 advenas
1957 1717 2039 1778 ty-

459 1790 743 1845 rannidem
774 1792 1192 1850 seseinstruxit.
1217 1793 1465 1864 Cumque
1488 1813 1759 1853 summum
1792 1800 2034 1853 omnium

461 1881 628 1936 Deum
660 1891 946 1953 patronum
991 1885 1093 1939 sibi
1129 1884 1469 1951 adscivisset,
1500 1887 1885 1959 Christumque
1916 1889 2035 1960 ejus
2067 1886 2107 1941 Β

461 1972 657 2033 Filium
691 1984 1026 2032 servatorem
1062 1987 1225 2048 atque
1256 1978 1634 2035 aiixiliatorem
1672 1982 2027 2047 invocasset;

460 2077 511 2119 ct
549 2066 793 2122 victoria:
821 2076 1105 2138 tropaeum,
1140 2070 1380 2126 salutare
1411 2072 1622 2128 Scilicet
1650 2073 1863 2143 signum
1902 2086 2029 2131 ante

462 2163 663 2220 milites
689 2179 751 2220 ac
776 2165 1068 2237 stipatores
1098 2183 1227 2224 suos
1257 2172 1559 2237 statuisset,
1599 2187 1723 2226 cum
1754 2173 1901 2227 omni
1945 2171 2040 2229 ει.

459 2255 636 2312 ercitu
676 2271 997 2329 progressus
1027 2268 1144 2330 est,
1165 2277 1231 2317 eo
1252 2263 1482 2318 consilio
1507 2274 1564 2318 ut
1597 2263 1854 2320 Romanis
1878 2266 2041 2321 liber-

462 2358 626 2405 tatem
649 2365 813 2421 quam
840 2366 873 2408 a
902 2351 1201 2422 majoribus
1231 2356 1345 2410 suis
1363 2366 1711 2427 acceperant,
1735 2358 2037 2414 interventu

448 2428 564 2493 'suo
616 2440 951 2496 restitueret.
981 2439 1154 2496 Porro
1194 2457 1316 2497 cum
1350 2442 1660 2501 Maxentius
1707 2447 2037 2517 magicartttn

462 2531 661 2587 artium
692 2533 984 2604 praestigiis
1014 2534 1191 2608 magis
1228 2552 1391 2607 quam
1421 2538 1765 2595 subditorum
1798 2542 2041 2596 benevo-

461 2621 627 2679 lentia
655 2625 925 2694 conilsus,
966 2642 1033 2682 ne
1076 2627 1294 2697 quidem
1318 2639 1472 2683 extra
1505 2630 1658 2685 urbis
1698 2639 1883 2702 portas
1913 2646 2038 2700 pro—

460 2716 612 2786 gredi
643 2718 904 2784 auderet;
929 2729 1124 2774 cuncta
1161 2735 1292 2774 vero
1324 2719 1377 2774 in
1408 2721 1640 2776 circuitu
1665 2721 1814 2776 urbis
1846 2719 2037 2777 Roma:

460 2825 525 2865 ac
557 2810 719 2865 totius
747 2809 913 2866 Italia:
946 2810 1083 2879 loca,
1129 2812 1345 2883 Oppida,
1388 2813 1643 2884 regiones
1685 2830 1820 2885 quas
1856 2814 2035 2870 servi-

458 2900 590 2956 tutis
615 2900 750 2970 jugo
779 2917 1069 2972 oppressas
1098 2904 1340 2969 tenebat,
1374 2903 1754 2960 innumerabili
1790 2914 2037 2961 armato-

458 3010 576 3048 rum
610 2995 952 3052 multitudine
978 3005 1032 3051 et
1066 2995 1346 3066 dispositis
1377 2998 1445 3052 ad
1473 2998 1839 3053 insidiandum
1867 3015 2036 3067 exer-

457 3087 654 3143 citibus
704 3087 944 3157 undique
992 3089 1326 3145 muniisset:
1378 3090 1561 3147 divino
1610 3089 1783 3146 fretus
1831 3090 2036 3145 auxilio

456 3178 774 3249 imperator,
809 3182 1063 3250 primam,
1095 3180 1390 3236 secundam
1441 3196 1505 3236 ac
1550 3180 1770 3235 tertiam
1819 3180 2032 3252 tyranni

457 3285 748 3341 aggressus
773 3271 968 3343 aciem,
996 3276 1211 3329 cunctis
1238 3275 1413 3343 primo
1437 3273 1624 3329 statim
1656 3274 1865 3345 impetu
1896 3272 2032 3335 fusis

457 3378 520 3421 ac
549 3363 773 3436 fugatis,
802 3365 855 3420 in
890 3365 1148 3422 interiora
1180 3366 1349 3421 Italize
1379 3367 1705 3437 penetravit.

969 3458 1200 3516 CAPUT
1240 3458 1527 3516 XXXVIII.

717 3550 976 3606 Maxentii
1009 3552 1253 3607 interitus
1278 3552 1331 3604 in
1361 3563 1518 3623 ponte
1548 3551 1772 3610 Tiberis.

530 3643 883 3715 Tandemque
911 3645 979 3700 ad
1012 3644 1185 3716 ipsam
1214 3646 1400 3701 urbem
1431 3645 1661 3701 Romam
1697 3646 1918 3717 propius
1940 3663 2035 3705 ac—

459 3736 646 3793 cessit.
704 3735 902 3791 Verum
951 3750 1018 3792 ne
1063 3736 1223 3791 unius
1261 3737 1477 3808 tyranni
1532 3752 1698 3791 causa
1756 3737 2035 3797 Romanos

457 3841 650 3883 omnes
671 3843 985 3899 oppugnare
1013 3842 1233 3882 necesse
1257 3827 1509 3891 haberet,
1536 3827 1680 3883 Deus
1702 3828 1850 3884 illum
1879 3831 2034 3899 quasi

458 3918 690 3974 vinculis
739 3921 1062 3991 quibusdam
1106 3919 1464 3974 constrictum
1509 3935 1675 3989 quam
1721 3922 2037 3991 longissime

459 4026 618 4069 extra
670 4014 822 4071 urbis
860 4022 1046 4083 portas
1077 4013 1382 4082 protraxit:
1411 4013 1688 4083 simulque
1718 4013 1897 4082 prisca
1944 4014 2034 4068 illa

456 4113 721 4166 adversus
751 4108 947 4179 impios
980 4107 1124 4162 edita
1179 4108 1463 4173 miracula,
1511 4123 1635 4176 qua:
1675 4108 1852 4163 sacris
1882 4108 2036 4163 volu.

457 4203 695 4259 minibus
749 4201 1122 4264 continentur,
1152 4209 1207 4256 et
1241 4199 1440 4267 quibus
1481 4199 1632 4254 multi
1688 4201 1908 4269 quidem
1941 4216 2036 4271 pe-

456 4295 611 4349 rinde
643 4309 705 4347 ac
736 4292 935 4350 fabulis
975 4293 1133 4349 ﬁdem
1165 4295 1449 4362 derogant,
1481 4308 1606 4347 cum
1653 4301 1831 4346 tamen
1865 4291 2035 4347 ﬁdeli-

455 4383 555 4444 bus
583 4384 687 4439 [ide
712 4386 872 4454 digna
896 4384 1208 4448 vidcantur,
1232 4382 1443 4438 cunctis
1464 4392 1571 4437 tam
1601 4381 1851 4437 ﬁdelibus
1868 4398 2031 4451 quam

455 4475 762 4533 inﬁdelibus
790 4477 881 4547 qui
912 4475 1016 4530 hoc
1060 4476 1381 4533 miraculum
1419 4475 1565 4547 quod
1608 4474 1807 4529 dicturi
1844 4489 2033 4530 sumus

2059 3240 2103 3301 (ἶ

1226 387 1447 445 USEBII
1483 390 1962 451 CESABIENSIS
1999 394 2148 452 OPP.
2186 395 2369 455 PARS
2408 400 2449 455 I.
2488 431 2558 441 -
2595 396 2983 458 IIISTOBICA.

3604 403 3683 462 95!

2136 519 2231 574 καί
2255 538 2420 585 ’τινας
2463 520 2859 594 άρῤητοποιίας
2903 522 2996 575 ἐπὶ
3041 522 3311 594 napum
3358 524 3683 593 προσκληστις

2138 612 2233 663 καὶ
2274 612 2720 686 άποτροπιασμὸν
2765 612 2866 667 τοῦ
2894 612 3133 683 πολέμου
3162 613 3551 684 συνισταμένου
3573 629 3588 642 ·
3620 615 3685 670 διὰ

2136 703 2340 758 τούτων
2371 705 2479 777 γὰρ
2500 706 2603 776 τῆς
2632 705 2793 777 νίκης
2823 707 3121 778 κρατήσειν
3146 703 3392 777 ἤλπιζεν.
3427 704 3584 758 Οὕτω
3613 708 3683 777 μὲν

2136 791 2231 850 οὖν
2271 798 2364 851 ἐπὶ
2407 799 2624 870 Ῥώμης
2653 799 2684 852 ὁ
2718 798 3030 871 τυραννῶν,
3070 799 3170 852 οὐκ
3201 798 3347 852 ἐστιν
3387 799 3590 862 εἰπεῖν,
3620 794 3684 853 οἷα

2137 889 2278 961 δρῶν
2321 892 2447 955 τοὺς
2493 891 2765 961 ὑπηκόους
2810 889 3231 945 κατεδουλοῦτω
3284 888 3413 942 ὥστ’
3456 889 3557 960 ἤδη
3606 890 3686 947 τῶν

2137 979 2452 1050 ἀναγκαίων
2496 983 2712 1055 τροφῶν
2761 982 2821 1035 ὲν
2869 982 3077 1054 ἐσχάτῃ
3127 980 3319 1034 σπάνει
3379 980 3476 1033 καὶ
3518 982 3686 1055 ἀπορίᾳ

2138 1074 2495 1143 καταστῆναι,
2546 1075 2677 1146 ὅσην
2721 1074 2817 1129 ἐπὶ
2858 1072 3075 1144 Ῥώμης
3119 1074 3227 1127 οὐδ’
3265 1072 3458 1128 ἄλλοτέ
3504 1090 3624 1127 ποτε
3650 1078 3686 1129 οἱ

2139 1165 2262 1219 καθ’
2291 1166 2441 1239 ἡμᾶς
2471 1165 2725 1235 γενέσθαι
2756 1164 3209 1237 μνημονεύουσιν.

2612 1435 3013 1488 ΚΕΦΑΛΔΙΟΝ
3050 1432 3171 1489 ΛΖ’.

2206 1516 2388 1580 Ἦιέτα
2421 1526 2492 1580 ἐν
2530 1526 2748 1593 Ἰταλίᾳ
2785 1525 3124 1591 Μαεεντίου
3166 1525 3634 1596 στρατευμάτων.

2222 1617 2381 1670 Ἀλλά
2403 1616 2513 1688 γὰρ
2537 1615 2741 1670 τούτων
2763 1614 3019 1670 ἁπάντων
3045 1613 3225 1670 οἶκτον
3257 1613 3542 1669 ἀναλαϐὼν
3565 1614 3691 1666 Κων-

2140 1712 2436 1772 σταντῖνος,
2478 1707 2679 1772 πάσαις
2718 1710 3100 1780 παρασκευαῖς
3142 1695 3410 1773 ὡπλίζετο
3454 1706 3593 1759 κατὰ
3615 1704 3691 1775 τῆς

2138 1797 2466 1871 τυραννίδος.
2494 1798 2950 1869 Προστησάμενος
2973 1797 3105 1868 δῆτα
3127 1796 3319 1850 ἑαυτοῦ
3337 1796 3470 1850 Θεὸν
3508 1795 3598 1849 τὸν
3622 1795 3691 1848 ἐπὶ

2136 1891 2374 1952 πάντων,
2409 1888 2629 1959 σωτῆρά
2671 1905 2729 1941 τε
2771 1889 2869 1942 καὶ
2897 1887 3089 1960 βοηθὸν
3119 1888 3588 1958 ἀνακαλεσάμενος
3621 1886 3691 1941 τὸν

2139 1982 2372 2057 Χριστὸν
2401 1981 2587 2045 αὑτοῦ,
2611 1981 2671 2034 τό
2715 1997 2775 2034 τε
2806 1981 3085 2054 νικητικὸν
3122 1980 3405 2053 τρόπαιον,
3432 1980 3492 2032 τὸ
3517 1979 3581 2050 δὴ
3612 1995 3692 2032 σω-

2139 2077 2324 2148 τήριον
2349 2076 2592 2146 σημεῖον,
2617 2073 2725 2126 τῶν
2752 2073 2894 2144 ἀμφ’
2923 2072 3084 2126 αὐτὸν
3112 2071 3346 2126 ὁπλιτῶν
3372 2089 3432 2125 τε
3458 2071 3551 2125 καὶ
3572 2070 3692 2140 δορυ-

2140 2169 2320 2240 φόρων
2355 2165 2647 2240 προτάξας,
2678 2167 2866 2237 ἡγεῖτο
2899 2164 3263 2235 πανστρατιᾷ,
3324 2160 3612 2231 Ῥωμαίοις
3641 2158 3691 2211 τὰ

2112 2261 2235 2331 ’τῆς
2262 2262 2326 2315 ὲκ
2346 2259 2624 2331 προγόνων
2646 2255 2959 2329 ἐλευθερίας
2983 2253 3394 2327 προμνώμενος.
3418 2249 3691 2317 Μαξεντίου

2138 2351 2274 2421 δῆτα
2302 2348 2499 2420 μᾶλλον
2529 2351 2648 2411 ταῖς
2670 2347 2812 2400 κατὰ
2839 2345 3095 2418 γοητείαν
3117 2346 3408 2416 μηχαναῖς,
3442 2342 3475 2415 ἢ
3502 2336 3572 2412 ’τῇ
3605 2339 3691 2393 τῶν

2139 2444 2391 2515 ὑπηκόων
2423 2439 2844 2512 ὲπιθαρροὖντος
2868 2438 3071 2508 εὐνοίᾳ,
3091 2434 3376 2509 προελθεῖν
3398 2434 3442 2488 δ’
3465 2433 3573 2487 οὐδ’
3591 2434 3691 2487 ὅσον

2140 2536 2322 2590 πυλῶν
2343 2535 2437 2588 τοῦ
2471 2535 2660 2597 ἄστεος
2688 2530 3108 2602 ἑπιτολμῶντος,
3141 2526 3377 2583 ὁπλιτῶν
3410 2525 3489 2596 τῷ
3524 2524 3691 2597 πλήθει

2138 2630 2231 2683 καὶ
2270 2626 2650 2700 στρατοπέδων
2694 2625 2874 2697 λόχοις
2918 2622 3131 2694 μυρίοις
3186 2620 3368 2675 πάντα
3424 2619 3582 2672 τόπον
3613 2615 3691 2669 καὶ

2139 2726 2323 2797 χώραν
2355 2724 2447 2777 καὶ
2474 2721 2649 2783 πόλιν,
2679 2719 2777 2789 ὅση
2815 2734 2901 2781 τις
2929 2716 3020 2769 ὑπ’
3051 2714 3202 2786 αὐτῷ
3226 2711 3535 2775 δεδούλωτο,
3573 2727 3692 2780 φρα-

2142 2817 2395 2889 ξαμένου,
2419 2816 2449 2868 ὁ
2483 2815 2582 2885 τῆς
2614 2815 2679 2867 ὲκ
2708 2808 2845 2864 Θεοῦ
2870 2807 3187 2879 συμμαχίας
3220 2804 3531 2876 ἀνημμένος
3560 2801 3694 2874 βασι-

2113 2908 2117 2913 ”
2140 2911 2286 2974 λεὺς,
2315 2906 2485 2962 ἐπιὼν
2515 2906 2706 2980 πρώτῃ
2731 2904 2827 2959 καὶ
2847 2902 3075 2973 δευτέρᾳ
3095 2899 3188 2954 καὶ
3206 2898 3367 2972 τρίτῃ
3395 2896 3488 2951 τοῦ
3518 2893 3694 2967 τυράν-

2139 3018 2229 3055 νου
2257 3000 2579 3074 παρατάξει,
2616 2995 2674 3053 εὖ
2712 2998 2864 3071 μάλα
2891 3013 2953 3051 τε
2990 2995 3172 3056 πάσας
3204 2989 3464 3060 ἐξαυτῆς
3491 2986 3689 3061 πρώτης

2136 3094 2315 3164 ὁρμῆς
2344 3090 2767 3164 χειρωσάμενος,
2786 3085 3043 3175 ,πρόεισιν
3068 3085 3162 3139 ἐπὶ
3195 3082 3445 3137 πλεῖστον
3466 3080 3578 3134 ὅσον
3602 3079 3689 3146 τῆς

2151 3181 2372 3236 Ἰταλῶν
2394 3180 2598 3255 χώρας.

2641 3445 3038 3501 ΚΕΦΑΛΛΙΟΝ
3078 3444 3206 3499 AH'.

2135 3543 2471 3609 Μαξεντίου
2498 3540 2749 3608 θάνατος
2767 3541 2838 3594 ἐν
2856 3540 3079 3612 γεφύρᾳ
3102 3534 3371 3605 ποταμοῦ
3401 3528 3679 3601 Τιϐερίδος.

2211 3638 2350 3709 Ἤδη
2373 3637 2418 3692 δ’
2446 3636 2614 3706 αὐτῆς
2656 3633 2875 3705 Ῥώμης
2909 3632 3143 3703 ἄγχιστα
3166 3625 3254 3700 ἦν.
3277 3625 3392 3681 Εἶθ’
3424 3626 3497 3689 ὡς
3517 3618 3681 3695 μὴτοῦ

2134 3731 2401 3803 τυράννου
2443 3728 2601 3802 χάριν
2639 3726 2931 3797 Ῥωμαίοις
2970 3725 3226 3796 πολεμεῖν
3259 3714 3679 3788 ἐξαναγκάζοιτον

2135 3822 2268 3887 Θεὸς
2300 3821 2461 3886 αὐτὸς
2481 3815 2570 3876 οἷα
2587 3818 2806 3891 δεσμοῖς
2833 3835 2946 3872 τισι
2973 3815 3064 3870 τὸν
3091 3815 3354 3889 τύραννον
3383 3807 3681 3883 «opponam

2136 3913 2321 3968 πυλῶν
2346 3911 2590 3978 ’ὲξέλκει,
2629 3912 2723 3965 καὶ
2753 3909 2823 3963 τὰ
2859 3908 3027 3964 πάλαι
3057 3907 3120 3979 δὴ
3151 3908 3273 3960 κατ’
3308 3902 3515 3959 ἀσεϐῶν
3540 3899 3607 3960 ὼς
3632 3897 3680 3947 ἐν

2140 4005 2308 4076 μύθου
2340 4004 2482 4075 λόγῳ
2512 4002 2662 4073 παρὰ
2685 4004 2798 4066 τοῖς
2820 4000 3093 4063 πλείστοις
3117 3995 3505 4066 ἀπιστούμενα,
3539 3987 3681 4044 πιστά

2136 4116 2199 4167 γε
2237 4098 2343 4170 μὴν
2378 4097 2588 4161 πιστοῖς
2632 4092 2743 4165 (87)
2787 4095 2959 4165 ἱεραῖς
3016 4089 3219 4162 βίϐλοις
3270 4081 3676 4174 ὲστηλιτευμένα,

2135 4194 2326 4255 αὐταῖς
2360 4188 2632 4263 ὲνεργίαις
2654 4188 2879 4250 ἅπασιν,
2910 4185 3096 4248 ἁπλῶς
3119 4185 3315 4247 είπεῖν,
3350 4181 3548 4242 πιστοῖς
3578 4176 3679 4244 ἅμα

2135 4285 2231 4339 καὶ
2287 4282 2565 4346 ἀπίστοις,
2621 4278 2917 4351 ὀφθαλμοῖς
2962 4279 3031 4332 τὰ
3090 4276 3371 4348 παράδοξα
3419 4269 3677 4341 θεωμένοις

2114 4372 2495 4429 ἐπιστώσατο.
2549 4372 2759 4443 Ὠσπερ
2789 4366 2883 4425 οὖν
2925 4372 3013 4423 ἐπ’
3046 4368 3209 4424 αὑτοῦ
3267 4383 3398 4422 ποτε
3431 4358 3675 4419 Μωυσέως

2137 4467 2232 4525 καὶ
2261 4464 2355 4519 τοῦ
2390 4462 2674 4527 θεοσεόοὖς
2718 4461 2985 4532 Ἑϐραίων
3007 4461 3216 4530 γένους,
3249 4460 3463 4531 ἅρματα
3506 4445 3677 4522 Φαραὼ

452 4570 626 4625 oculis
651 4572 767 4626 suis
799 4579 1209 4640 spectaverunt,
1240 4570 1525 4625 verissima
1560 4584 1681 4624 esse
1711 4583 1877 4640 opere
1911 4567 2031 4636 ipso

2140 4559 2234 4613 καὶ
2276 4557 2375 4629 τὴν
2422 4555 2651 4625 δύναμιν
2690 4551 2856 4608 αὐτοῦ
2907 4552 3125 4625 ἔρριψεν
3165 4552 3246 4614 εἱς
3280 4536 3676 4649 θάλασσα’),ικαὶ

452 4660 846 4728 comprobavit.
864 4658 999 4714 Nam
1021 4658 1478 4729 quemadmodum
1505 4658 1670 4715 ldosis
1688 4675 1749 4713 ac
1770 4659 2033 4730 religiosa:

451 4755 729 4827 quondam
757 4753 935 4824 gentis
969 4752 1322 4807 llcbrmorum
1355 4751 1710 4822 temporibus,
1742 4750 1884 4807 Deus
1908 4766 2033 4805 cur-

452 4856 547 4903 rus
574 4850 626 4894 et
665 4840 966 4894 exercitum
1001 4839 1304 4894 Pharaonis
1333 4840 1562 4908 projecit
1596 4839 1671 4894 in‘
1698 4854 1883 4903 mare;
1922 4840 2034 4896 lec-

453 4931 695 4988 tissimos
724 4932 925 4987 milites
973 4947 1040 4985 ex
1088 4948 1253 4987 curru
1291 4942 1594 5002 pugnantes
1625 4931 1870 4989 tristatas
1897 4933 2030 4990 sub-

454 5024 647 5079 mersit
682 5021 735 5075 in
792 5023 926 5077 mari
961 5022 1182 5090 Rubro,
1234 5032 1292 5078 et
1343 5023 1596 5079 ﬂuctibus
1654 5024 1906 5091 operuit;
1949 5024 2033 5079 sic

434 5115 614 5186 ,plaue
655 5114 821 5194 427
853 5115 1192 5183 Maxentius,
1232 5125 1287 5181 et
1330 5116 1639 5186 quicunque
1688 5117 1831 5173 circa
1884 5116 2033 5171 illum

451 5220 609 5267 erant
639 5211 841 5265 milites
870 5222 935 5265 ac
972 5210 1283 5278 stipatores,
1317 5209 1494 5264 instar
1522 5207 1721 5275 lapidis
1750 5208 1802 5261 in
1831 5207 2036 5263 altissi-

454 5318 599 5357 tnum
638 5303 906 5373 gurgitem
939 5302 1263 5357 ceciderunt
1298 5323 1312 5359 :
1346 5311 1476 5361 tunc
1505 5302 1758 5357 videlicet
1790 5317 1911 5356 cum
1948 5300 2031 5355 di-

456 5393 580 5447 vina
619 5393 821 5448 virtute
846 5392 1194 5449 Constantini
1240 5395 1490 5464 partibus
1522 5393 1819 5449 auxiliante
1848 5393 1902 5446 in
1939 5391 2023 5446 fu-

520 5545 634 5616 (87)
662 5545 854 5603 Πιστά
874 5563 940 5616 γε
965 5545 1094 5616 μὴν
1121 5546 1380 5615 πιστοῖς.
1410 5546 1537 5602 Post
1570 5548 1685 5602 [nec
1713 5546 1876 5600 verba
1899 5545 2030 5599 dee-

450 5628 534 5671 rat
591 5620 642 5671 in
678 5620 914 5687 editione
947 5619 1209 5687 ﬁtepliani
1247 5620 1457 5687 integra
1505 5618 1672 5678 linea,
1714 5630 1875 5686 quam
1927 5629 2025 5687 nos

449 5699 522 5741 ex
555 5689 746 5742 codice
772 5686 910 5745 Fuit.
960 5684 1092 5741 Sav.
1125 5702 1188 5741 ac
1219 5684 1461 5741 'I'urnEbi
1498 5684 1884 5755 supplevimus.
1917 5684 2025 5739 Sed

450 5765 505 5830 et
559 5757 678 5811 sine
730 5758 1114 5830 manuscriptis
1172 5758 1478 5830 codicibus,
1527 5757 1685 5830 facile
1741 5756 1839 5830 fuit
1885 5755 2060 5830 liau_c_

455 5822 704 5880 lacunam
731 5822 1021 5951 leupplerc'
1051 5840 1114 5880 ex
1172 5826 1263 5881 lib.
1308 5842 1361 5880 ix
1410 5825 1662 5881 Historia
1710 5826 2027 5883 ecclesiasti-

455 5907 553 5951 ια.
581 5911 701 5951 can.
772 5933 789 5951 ο
998 5924 1003 5931 λ

455 5907 553 5954 cc.
581 5911 701 5969 cap.
733 5899 789 5953 9.
998 5924 1003 5931 ε

2136 4649 2451 4712 ἐπιλέκτους
2474 4646 2744 4708 ἀναϐάτας
2762 4643 3054 4717 τριστάτας
3077 4641 3459 4696 κατεπόντισεν
3489 4640 3543 4689 ὲν
3567 4635 3674 4703 ὲρυο

2136 4742 2261 4815 θρᾷ,
2289 4739 2432 4794 κατὰ
2460 4736 2634 4793 ταῦτα
2663 4736 2727 4807 δὴ
2761 4736 2855 4790 καὶ
2886 4733 3204 4798 Μαξέντιος,
3235 4731 3291 4784 οῖ
3307 4733 3353 4784 τ’
3382 4730 3511 4800 ἀμφ’
3536 4723 3674 4778 αὑτὸν

2134 4839 2349 4893 ὁπλῖται
2375 4835 2470 4890 καὶ
2498 4833 2808 4906 δορυφόροι,
2849 4832 3040 4885 ἔδυσαν
3070 4831 3150 4893 είς
3180 4828 3339 4900 βυθὸν
3377 4827 3502 4879 ώσει
3528 4820 3670 4880 λίθος,

2134 4930 2371 5000 ὁπηνίκα
2405 4927 2552 4982 νῶτα
2581 4926 2702 4990 δοὺς
2744 4927 2813 4997 τῇ
2847 4925 2910 4979 ὲκ
2941 4921 3075 4977 Θεοῦ
3108 4922 3245 4993 μετὰ
3297 4912 3672 4973 Κωνσταντίνον

2134 5022 2384 5093 δυνάμει,
2406 5020 2497 5074 τὸν
2522 5017 2628 5091 πρὸ
2650 5017 2748 5088 τῆς
2773 5016 2999 5089 πορείας
3025 5014 3162 5086 διῄει
3188 5012 3449 5083 ποταμὸν,
3468 5008 3522 5062 δν
3535 5002 3674 5064 αὐτὸς

2138 5115 2370 5183 σκάφεσι
2404 5111 2620 5179 ζεύξας,
2663 5110 2755 5165 καὶ
2793 5105 2853 5161 εὖ
2896 5107 3038 5178 μάλα
3083 5103 3428 5178 γεφυρώσας,
3462 5094 3675 5183 μηχανὴν

2135 5182 2356 5276 ὀλέθρου
2379 5200 2498 5255 καθ’
2521 5199 2715 5254 ἑαυτοῦ
2739 5197 3097 5269 συνεπήξατο,
3127 5188 3228 5249 ὧδέ
3253 5212 3331 5265 πη
3357 5195 3490 5248 ἑλεῖν
3503 5189 3582 5242 τὸν
3606 5182 3673 5255 τῷ

2136 5296 2255 5368 Θεῷ
2293 5295 2445 5366 φίλον
2484 5294 2730 5356 ἐλπίσας.
2773 5290 2932 5345 Ἀλλά
2961 5288 3099 5361 τῷδε
3139 5287 3238 5359 μὲν
3265 5286 3433 5351 δεξιὸς
3464 5282 3626 5354 παρῆν
3649 5277 3675 5330 ὁ

2134 5386 2298 5451 αὑτοῦ
2347 5386 2500 5451 Θεὸς,
2539 5386 2569 5439 ὁ
2606 5384 2649 5437 δ’
2687 5382 2799 5453 (88)
2834 5381 2983 5436 ἀθεεὶ
3020 5380 3117 5444 τὰς
3151 5378 3411 5451 κρυφίους
3456 5368 3673 5453 μηχανὰς

2202 5540 2317 5613 (88)
2353 5537 2535 5608 γυιςη
2571 5536 2638 5613 _'0
2662 5534 2714 5589 δ’
2738 5533 2907 5588 ἄνευ.
2959 5531 3241 5613 Postrema
3276 5524 3474 5613 vos-Ain
3498 5514 3669 5613 cutting

2133 5582 2316 5665 Sidi-gi
2350 5582 2691 5677 ert—pi‘m'git'm:
2712 5582 3257 5677 ui'.‘d.$eriii.§._seu_
3282 5582 3670 5677 vereogygal];

2132 5649 3038 5751 'voc'e's“iuseudesidererntur.
3076 5668 3328 5751 .Savilius
3372 5649 3669 5751 (ξιξάςῇξξ

2132 5736 2284 5807 dram
2314 5749 2396 5804 sui
2420 5747 2626 5804 codicis
2656 5755 2807 5800 notat
2832 5739 3184 5812 supplendum
3210 5751 3333 5792 esse
3359 5736 3454 5805 τῆς

2237 5796 2950 5885 ἶᾶἶίῖιίἆᾜὲηίιιξξ
2972 5811 3036 5885 ln_
3077 5808 3218 5863 libro
3252 5796 3436 5885 autem

2186 5867 2779 5954 ii'r'ﬂéii'éxi‘eimur"
2807 5885 2836 5937 ὁ
2900 5881 2956 5935 δὲ
3006 5879 3166 5941 ἄνους
3189 5920 3203 5942 ,
3254 5876 3348 5934 sed
3403 5867 3668 5930 recentiora
