  <div class='ocr_page' id='page_1' title='image "/cluster/home/n/w/nwhite01/storage/ocr_20150623/20/hvd.32044012984548/487.png"; bbox 0 0 3860 6484; ppageno 0'>
   <div class='ocr_carea' id='block_1_1' title="bbox 497 344 3715 418">
    <p class='ocr_par' dir='ltr' id='par_1_1' title="bbox 497 344 3715 418">
     <span class='ocr_line' id='line_1_1' title="bbox 497 344 3715 418; baseline 0.002 -9"><span class='ocrx_word' id='word_1_1' title='bbox 497 348 605 409; x_wconf 68' lang='lat'><strong>96$</strong></span> <span class='ocrx_word' id='word_1_2' title='bbox 1203 350 1471 409; x_wconf 81' lang='lat' dir='ltr'><strong>EUSEBII</strong></span> <span class='ocrx_word' id='word_1_3' title='bbox 1509 345 1991 409; x_wconf 67' lang='lat' dir='ltr'><strong>CESABIENSIS</strong></span> <span class='ocrx_word' id='word_1_4' title='bbox 2027 349 2176 408; x_wconf 82' lang='lat' dir='ltr'><strong>OPP.</strong></span> <span class='ocrx_word' id='word_1_5' title='bbox 2217 344 2400 411; x_wconf 83' lang='lat' dir='ltr'><strong>PARS</strong></span> <span class='ocrx_word' id='word_1_6' title='bbox 2436 352 2479 409; x_wconf 84' lang='grc' dir='ltr'><strong>Ι.</strong></span> <span class='ocrx_word' id='word_1_7' title='bbox 2518 384 2587 395; x_wconf 92' lang='grc'><strong><em>-</em></strong></span> <span class='ocrx_word' id='word_1_8' title='bbox 2624 352 3016 412; x_wconf 76' lang='lat' dir='ltr'><strong>HISTORICA.</strong></span> <span class='ocrx_word' id='word_1_9' title='bbox 3626 360 3715 418; x_wconf 71' lang='grc' dir='ltr'>τισι</span> 
     </span>
    </p>
   </div>
   <div class='ocr_carea' id='block_1_2' title="bbox 498 472 2065 552">
    <p class='ocr_par' dir='ltr' id='par_1_2' title="bbox 498 474 2065 544">
     <span class='ocr_line' id='line_1_2' title="bbox 498 474 2065 544; baseline -0.004 -11"><span class='ocrx_word' id='word_1_10' title='bbox 498 476 873 533; x_wconf 73' lang='lat' dir='ltr'><strong>benevolentia</strong></span> <span class='ocrx_word' id='word_1_11' title='bbox 926 474 1219 530; x_wconf 87' lang='lat' dir='ltr'><strong>maximam</strong></span> <span class='ocrx_word' id='word_1_12' title='bbox 1267 475 1490 544; x_wconf 81' lang='lat' dir='ltr'><strong>capiens</strong></span> <span class='ocrx_word' id='word_1_13' title='bbox 1539 475 1912 544; x_wconf 84' lang='lat' dir='ltr'><strong>voluptatem;</strong></span> <span class='ocrx_word' id='word_1_14' title='bbox 1960 484 2065 529; x_wconf 92' lang='lat' dir='ltr'><strong>tum</strong></span> 
     </span>
    </p>
   </div>
   <div class='ocr_carea' id='block_1_3' title="bbox 2169 472 3717 552">
    <p class='ocr_par' dir='ltr' id='par_1_3' title="bbox 2171 472 3717 552">
     <span class='ocr_line' id='line_1_3' title="bbox 2171 472 3717 552; baseline 0.004 -25"><span class='ocrx_word' id='word_1_15' title='bbox 2171 491 2269 538; x_wconf 89' lang='grc' dir='ltr'>τας</span> <span class='ocrx_word' id='word_1_16' title='bbox 2309 474 2422 546; x_wconf 89' lang='grc' dir='ltr'>βίον</span> <span class='ocrx_word' id='word_1_17' title='bbox 2466 473 2643 547; x_wconf 79' lang='grc' dir='ltr'>ἑώρα·</span> <span class='ocrx_word' id='word_1_18' title='bbox 2690 472 3138 548; x_wconf 79' lang='grc' dir='ltr'>ύπερὸαλλόντως</span> <span class='ocrx_word' id='word_1_19' title='bbox 3168 474 3228 530; x_wconf 68' lang='grc' dir='ltr'>δι</span> <span class='ocrx_word' id='word_1_20' title='bbox 3272 475 3717 552; x_wconf 72' lang='grc' dir='ltr'>ὲνενφραινόμενος</span> 
     </span>
    </p>
   </div>
   <div class='ocr_carea' id='block_1_4' title="bbox 498 565 2065 642">
    <p class='ocr_par' dir='ltr' id='par_1_4' title="bbox 498 565 2065 639">
     <span class='ocr_line' id='line_1_4' title="bbox 498 565 2065 639; baseline -0.003 -14"><span class='ocrx_word' id='word_1_21' title='bbox 498 585 566 625; x_wconf 89' lang='lat' dir='ltr'><strong>ex</strong></span> <span class='ocrx_word' id='word_1_22' title='bbox 598 585 666 625; x_wconf 88' lang='lat' dir='ltr'><strong>eo</strong></span> <span class='ocrx_word' id='word_1_23' title='bbox 694 569 837 639; x_wconf 90' lang='lat' dir='ltr'><strong>quod</strong></span> <span class='ocrx_word' id='word_1_24' title='bbox 863 576 1086 622; x_wconf 80' lang='lat' dir='ltr'><strong>cunctos</strong></span> <span class='ocrx_word' id='word_1_25' title='bbox 1115 566 1341 635; x_wconf 88' lang='lat' dir='ltr'><strong>imperio</strong></span> <span class='ocrx_word' id='word_1_26' title='bbox 1367 581 1466 622; x_wconf 90' lang='lat' dir='ltr'><strong>suo</strong></span> <span class='ocrx_word' id='word_1_27' title='bbox 1481 565 1755 635; x_wconf 72' lang='lat' dir='ltr'><strong>subjectos</strong></span> <span class='ocrx_word' id='word_1_28' title='bbox 1782 566 1834 620; x_wconf 91' lang='lat' dir='ltr'><strong>in</strong></span> <span class='ocrx_word' id='word_1_29' title='bbox 1860 582 2065 621; x_wconf 88' lang='lat' dir='ltr'><strong>summa</strong></span> 
     </span>
    </p>
   </div>
   <div class='ocr_carea' id='block_1_5' title="bbox 2169 565 3382 642">
    <p class='ocr_par' dir='ltr' id='par_1_5' title="bbox 2178 566 3382 642">
     <span class='ocr_line' id='line_1_5' title="bbox 2178 566 3382 642; baseline 0.003 -21"><span class='ocrx_word' id='word_1_30' title='bbox 2178 569 2244 639; x_wconf 73' lang='grc' dir='ltr'><strong>τῇ</strong></span> <span class='ocrx_word' id='word_1_31' title='bbox 2276 566 2385 622; x_wconf 83' lang='grc' dir='ltr'><strong>τῶν</strong></span> <span class='ocrx_word' id='word_1_32' title='bbox 2409 567 2712 640; x_wconf 79' lang='grc' dir='ltr'><strong>ἐκκλησιῶν</strong></span> <span class='ocrx_word' id='word_1_33' title='bbox 2736 569 2829 622; x_wconf 81' lang='grc' dir='ltr'><strong>τοῦ</strong></span> <span class='ocrx_word' id='word_1_34' title='bbox 2864 569 3001 623; x_wconf 80' lang='grc' dir='ltr'>Θεοῦ</span> <span class='ocrx_word' id='word_1_35' title='bbox 3042 570 3382 642; x_wconf 52' lang='grc' dir='ltr'>φαιδρότητα</span> 
     </span>
    </p>
   </div>
   <div class='ocr_carea' id='block_1_6' title="bbox 505 661 3716 737">
    <p class='ocr_par' dir='ltr' id='par_1_6' title="bbox 505 661 3716 737">
     <span class='ocr_line' id='line_1_6' title="bbox 505 661 3716 737; baseline 0.002 -19"><span class='ocrx_word' id='word_1_36' title='bbox 505 665 888 735; x_wconf 59' lang='lat' dir='ltr'><strong>tranquillitate</strong></span> <span class='ocrx_word' id='word_1_37' title='bbox 931 677 995 717; x_wconf 91' lang='lat' dir='ltr'><strong>ac</strong></span> <span class='ocrx_word' id='word_1_38' title='bbox 1046 661 1233 719; x_wconf 67' lang='lat' dir='ltr'><strong>laetitia</strong></span> <span class='ocrx_word' id='word_1_39' title='bbox 1304 662 1502 733; x_wconf 83' lang='lat' dir='ltr'><strong>degere</strong></span> <span class='ocrx_word' id='word_1_40' title='bbox 1556 663 1774 719; x_wconf 75' lang='lat' dir='ltr'><strong>videbat</strong></span> <span class='ocrx_word' id='word_1_41' title='bbox 1838 681 1853 718; x_wconf 92' lang='lat'><strong>:</strong></span> <span class='ocrx_word' id='word_1_42' title='bbox 1909 672 2023 719; x_wconf 89' lang='lat' dir='ltr'><strong>tum</strong></span> <span class='ocrx_word' id='word_1_43' title='bbox 2094 664 2369 736; x_wconf 69' lang='lat' dir='ltr'><strong>praecipue</strong></span> <span class='ocrx_word' id='word_1_44' title='bbox 2416 667 2485 720; x_wconf 89' lang='lat' dir='ltr'><strong>ob</strong></span> <span class='ocrx_word' id='word_1_45' title='bbox 2527 666 2869 737; x_wconf 70' lang='lat' dir='ltr'><strong>splendorem</strong></span> <span class='ocrx_word' id='word_1_46' title='bbox 2913 667 3265 723; x_wconf 79' lang='lat' dir='ltr'><strong>ecclesiarum</strong></span> <span class='ocrx_word' id='word_1_47' title='bbox 3314 668 3409 723; x_wconf 85' lang='lat' dir='ltr'><strong>Dei</strong></span> <span class='ocrx_word' id='word_1_48' title='bbox 3455 668 3716 726; x_wconf 82' lang='lat' dir='ltr'><strong>incredibili</strong></span> 
     </span>
    </p>
   </div>
   <div class='ocr_carea' id='block_1_7' title="bbox 498 758 984 831">
    <p class='ocr_par' dir='ltr' id='par_1_7' title="bbox 498 758 984 831">
     <span class='ocr_line' id='line_1_7' title="bbox 498 758 984 831; baseline -0.002 -18"><span class='ocrx_word' id='word_1_49' title='bbox 498 758 698 831; x_wconf 74' lang='lat' dir='ltr'><strong>gaudio</strong></span> <span class='ocrx_word' id='word_1_50' title='bbox 728 758 984 829; x_wconf 81' lang='lat' dir='ltr'><strong>gestiens.</strong></span> 
     </span>
    </p>
   </div>
   <div class='ocr_carea' id='block_1_8' title="bbox 1032 842 2065 905">
    <p class='ocr_par' dir='ltr' id='par_1_8' title="bbox 1032 844 1523 905">
     <span class='ocr_line' id='line_1_8' title="bbox 1032 844 1523 905; baseline 0 0"><span class='ocrx_word' id='word_1_51' title='bbox 1032 844 1261 905; x_wconf 78' lang='lat' dir='ltr'><strong>CAPUT</strong></span> <span class='ocrx_word' id='word_1_52' title='bbox 1295 846 1523 905; x_wconf 70' lang='lat' dir='ltr'><strong>XLVI&quot;.</strong></span> 
     </span>
    </p>
   </div>
   <div class='ocr_carea' id='block_1_9' title="bbox 2169 842 3243 905">
    <p class='ocr_par' dir='ltr' id='par_1_9' title="bbox 2667 842 3243 898">
     <span class='ocr_line' id='line_1_9' title="bbox 2667 842 3243 898; baseline 0.002 -3"><span class='ocrx_word' id='word_1_53' title='bbox 2667 842 3066 897; x_wconf 73' lang='grc' dir='ltr'><strong>ΚΕΦᾹΛΑΙΟΝ</strong></span> <span class='ocrx_word' id='word_1_54' title='bbox 3102 843 3243 898; x_wconf 79' lang='lat' dir='ltr'><strong>MH’.</strong></span> 
     </span>
    </p>
   </div>
   <div class='ocr_carea' id='block_1_10' title="bbox 927 934 2065 1007">
    <p class='ocr_par' dir='ltr' id='par_1_10' title="bbox 927 941 1629 999">
     <span class='ocr_line' id='line_1_10' title="bbox 927 941 1629 999; baseline 0.004 -3"><span class='ocrx_word' id='word_1_55' title='bbox 927 941 1267 998; x_wconf 78' lang='lat' dir='ltr'><strong>Commmini</strong></span> <span class='ocrx_word' id='word_1_56' title='bbox 1296 944 1629 999; x_wconf 79' lang='lat' dir='ltr'><strong>decennalia.</strong></span> 
     </span>
    </p>
   </div>
   <div class='ocr_carea' id='block_1_11' title="bbox 2169 934 3598 1007">
    <p class='ocr_par' dir='ltr' id='par_1_11' title="bbox 2318 934 3598 1007">
     <span class='ocr_line' id='line_1_11' title="bbox 2318 934 3598 1007; baseline 0.001 -17"><span class='ocrx_word' id='word_1_57' title='bbox 2318 934 2742 1005; x_wconf 78' lang='grc' dir='ltr'>Δεκαετηρίδος</span> <span class='ocrx_word' id='word_1_58' title='bbox 2774 937 3234 990; x_wconf 75' lang='grc' dir='ltr'><strong>Κωνσταγτίνου</strong></span> <span class='ocrx_word' id='word_1_59' title='bbox 3256 935 3598 1007; x_wconf 75' lang='grc' dir='ltr'><strong>πανήγυρις.</strong></span> 
     </span>
    </p>
   </div>
   <div class='ocr_carea' id='block_1_12' title="bbox 567 1027 2065 1116">
    <p class='ocr_par' dir='ltr' id='par_1_12' title="bbox 567 1034 2065 1116">
     <span class='ocr_line' id='line_1_12' title="bbox 567 1034 2065 1116; baseline 0.001 -27"><span class='ocrx_word' id='word_1_60' title='bbox 567 1036 702 1089; x_wconf 89' lang='lat' dir='ltr'><strong>Dum</strong></span> <span class='ocrx_word' id='word_1_61' title='bbox 746 1037 799 1090; x_wconf 91' lang='lat' dir='ltr'><strong>in</strong></span> <span class='ocrx_word' id='word_1_62' title='bbox 840 1035 942 1116; x_wconf 66' lang='lat' dir='ltr'><strong>bog</strong></span> <span class='ocrx_word' id='word_1_63' title='bbox 992 1045 1136 1089; x_wconf 90' lang='lat' dir='ltr'><strong>statu</strong></span> <span class='ocrx_word' id='word_1_64' title='bbox 1165 1044 1351 1099; x_wconf 83' lang='lat' dir='ltr'><strong>esset,</strong></span> <span class='ocrx_word' id='word_1_65' title='bbox 1402 1038 1646 1091; x_wconf 82' lang='lat' dir='ltr'><strong>decimus</strong></span> <span class='ocrx_word' id='word_1_66' title='bbox 1692 1035 1904 1104; x_wconf 87' lang='lat' dir='ltr'><strong>imperii</strong></span> <span class='ocrx_word' id='word_1_67' title='bbox 1950 1034 2065 1106; x_wconf 81' lang='lat' dir='ltr'><strong>ejus</strong></span> 
     </span>
    </p>
   </div>
   <div class='ocr_carea' id='block_1_13' title="bbox 2169 1027 3713 1116">
    <p class='ocr_par' dir='ltr' id='par_1_13' title="bbox 2249 1027 3713 1116">
     <span class='ocr_line' id='line_1_13' title="bbox 2249 1027 3713 1116; baseline -0.001 -31"><span class='ocrx_word' id='word_1_68' title='bbox 2249 1029 2406 1085; x_wconf 76' lang='grc' dir='ltr'><strong>Οὕτω</strong></span> <span class='ocrx_word' id='word_1_69' title='bbox 2449 1030 2493 1083; x_wconf 86' lang='grc' dir='ltr'><strong>δ’</strong></span> <span class='ocrx_word' id='word_1_70' title='bbox 2536 1028 2739 1100; x_wconf 74' lang='grc' dir='ltr'><strong>ἔχοντι,</strong></span> <span class='ocrx_word' id='word_1_71' title='bbox 2772 1028 3058 1116; x_wconf 30' lang='grc' dir='ltr'>*δεκαέτης</span> <span class='ocrx_word' id='word_1_72' title='bbox 3110 1027 3262 1101; x_wconf 79' lang='grc' dir='ltr'>αύτῷ</span> <span class='ocrx_word' id='word_1_73' title='bbox 3311 1028 3412 1100; x_wconf 84' lang='grc' dir='ltr'><strong>τῆς</strong></span> <span class='ocrx_word' id='word_1_74' title='bbox 3472 1029 3713 1100; x_wconf 74' lang='grc' dir='ltr'><strong>βασιλείας</strong></span> 
     </span>
    </p>
   </div>
   <div class='ocr_carea' id='block_1_14' title="bbox 495 1114 2065 1195">
    <p class='ocr_par' dir='ltr' id='par_1_14' title="bbox 495 1114 2065 1193">
     <span class='ocr_line' id='line_1_14' title="bbox 495 1114 2065 1193; baseline 0.001 -13"><span class='ocrx_word' id='word_1_75' title='bbox 495 1141 669 1184; x_wconf 84' lang='lat' dir='ltr'><strong>annus</strong></span> <span class='ocrx_word' id='word_1_76' title='bbox 703 1114 953 1184; x_wconf 85' lang='lat' dir='ltr'><strong>evolutus</strong></span> <span class='ocrx_word' id='word_1_77' title='bbox 985 1137 1087 1182; x_wconf 84' lang='lat' dir='ltr'><strong>est.</strong></span> <span class='ocrx_word' id='word_1_78' title='bbox 1140 1126 1309 1193; x_wconf 83' lang='lat' dir='ltr'><strong>Cujus</strong></span> <span class='ocrx_word' id='word_1_79' title='bbox 1340 1128 1417 1182; x_wconf 91' lang='lat' dir='ltr'><strong>rei</strong></span> <span class='ocrx_word' id='word_1_80' title='bbox 1463 1142 1628 1182; x_wconf 83' lang='lat' dir='ltr'><strong>causa</strong></span> <span class='ocrx_word' id='word_1_81' title='bbox 1680 1128 1833 1182; x_wconf 80' lang='lat' dir='ltr'><strong>festis</strong></span> <span class='ocrx_word' id='word_1_82' title='bbox 1882 1128 2065 1183; x_wconf 85' lang='lat' dir='ltr'><strong>diebus</strong></span> 
     </span>
    </p>
   </div>
   <div class='ocr_carea' id='block_1_15' title="bbox 2169 1114 3712 1195">
    <p class='ocr_par' dir='ltr' id='par_1_15' title="bbox 2177 1114 3712 1195">
     <span class='ocr_line' id='line_1_15' title="bbox 2177 1114 3712 1195; baseline -0.002 -17"><span class='ocrx_word' id='word_1_83' title='bbox 2177 1120 2371 1195; x_wconf 71' lang='grc' dir='ltr'>ἠνύετο</span> <span class='ocrx_word' id='word_1_84' title='bbox 2399 1123 2616 1194; x_wconf 75' lang='grc' dir='ltr'>χρόνοςο</span> <span class='ocrx_word' id='word_1_85' title='bbox 2644 1123 2729 1191; x_wconf 80' lang='grc' dir='ltr'><strong>ἐφ’</strong></span> <span class='ocrx_word' id='word_1_86' title='bbox 2760 1114 2804 1189; x_wconf 82' lang='grc' dir='ltr'><strong>ᾧ</strong></span> <span class='ocrx_word' id='word_1_87' title='bbox 2826 1120 2892 1191; x_wconf 82' lang='grc' dir='ltr'><strong>δὴ</strong></span> <span class='ocrx_word' id='word_1_88' title='bbox 2916 1121 3231 1192; x_wconf 81' lang='grc' dir='ltr'><strong>πανδήμους</strong></span> <span class='ocrx_word' id='word_1_89' title='bbox 3275 1120 3506 1175; x_wconf 76' lang='grc' dir='ltr'><strong>ἐκτελῶν</strong></span> <span class='ocrx_word' id='word_1_90' title='bbox 3531 1122 3712 1193; x_wconf 80' lang='grc' dir='ltr'><strong>ἑορτὰς,</strong></span> 
     </span>
    </p>
   </div>
   <div class='ocr_carea' id='block_1_16' title="bbox 494 1206 2065 1290">
    <p class='ocr_par' dir='ltr' id='par_1_16' title="bbox 494 1218 2065 1290">
     <span class='ocr_line' id='line_1_16' title="bbox 494 1218 2065 1290; baseline 0 -15"><span class='ocrx_word' id='word_1_91' title='bbox 494 1236 592 1290; x_wconf 82' lang='lat' dir='ltr'><strong>per</strong></span> <span class='ocrx_word' id='word_1_92' title='bbox 616 1221 931 1275; x_wconf 85' lang='lat' dir='ltr'><strong>universum</strong></span> <span class='ocrx_word' id='word_1_93' title='bbox 957 1220 1144 1275; x_wconf 88' lang='lat' dir='ltr'><strong>urbem</strong></span> <span class='ocrx_word' id='word_1_94' title='bbox 1182 1218 1488 1274; x_wconf 80' lang='lat' dir='ltr'><strong>Romanum</strong></span> <span class='ocrx_word' id='word_1_95' title='bbox 1532 1219 1839 1281; x_wconf 84' lang='lat' dir='ltr'><strong>celebratis.</strong></span> <span class='ocrx_word' id='word_1_96' title='bbox 1880 1235 2065 1289; x_wconf 82' lang='lat' dir='ltr'><strong>preces</strong></span> 
     </span>
    </p>
   </div>
   <div class='ocr_carea' id='block_1_17' title="bbox 2169 1206 3714 1290">
    <p class='ocr_par' dir='ltr' id='par_1_17' title="bbox 2174 1206 3714 1288">
     <span class='ocr_line' id='line_1_17' title="bbox 2174 1206 3714 1288; baseline -0.001 -18"><span class='ocrx_word' id='word_1_97' title='bbox 2174 1206 2252 1288; x_wconf 79' lang='grc' dir='ltr'>τῷ</span> <span class='ocrx_word' id='word_1_98' title='bbox 2288 1215 2506 1269; x_wconf 81' lang='grc' dir='ltr'>πάντων</span> <span class='ocrx_word' id='word_1_99' title='bbox 2548 1213 2759 1286; x_wconf 83' lang='grc' dir='ltr'>βασιλεῖ</span> <span class='ocrx_word' id='word_1_100' title='bbox 2785 1212 2906 1284; x_wconf 87' lang='grc' dir='ltr'><strong>Θεῷ</strong></span> <span class='ocrx_word' id='word_1_101' title='bbox 2949 1213 3308 1285; x_wconf 73' lang='grc' dir='ltr'><strong>εὐχαρίστους</strong></span> <span class='ocrx_word' id='word_1_102' title='bbox 3335 1214 3516 1284; x_wconf 79' lang='grc' dir='ltr'>εὐχὰς,</span> <span class='ocrx_word' id='word_1_103' title='bbox 3556 1214 3714 1287; x_wconf 83' lang='grc' dir='ltr'>ὥσπερ</span> 
     </span>
    </p>
   </div>
   <div class='ocr_carea' id='block_1_18' title="bbox 494 1304 2065 1381">
    <p class='ocr_par' dir='ltr' id='par_1_18' title="bbox 494 1310 2065 1381">
     <span class='ocr_line' id='line_1_18' title="bbox 494 1310 2065 1381; baseline -0.001 -15"><span class='ocrx_word' id='word_1_104' title='bbox 494 1329 616 1367; x_wconf 89' lang='lat' dir='ltr'><strong>cmn</strong></span> <span class='ocrx_word' id='word_1_105' title='bbox 651 1313 950 1381; x_wconf 85' lang='lat' dir='ltr'><strong>gratiarum</strong></span> <span class='ocrx_word' id='word_1_106' title='bbox 990 1311 1211 1365; x_wconf 88' lang='lat' dir='ltr'><strong>actione</strong></span> <span class='ocrx_word' id='word_1_107' title='bbox 1262 1318 1517 1379; x_wconf 89' lang='lat' dir='ltr'><strong>tanquam</strong></span> <span class='ocrx_word' id='word_1_108' title='bbox 1564 1324 1731 1378; x_wconf 89' lang='lat' dir='ltr'><strong>puras</strong></span> <span class='ocrx_word' id='word_1_109' title='bbox 1775 1310 2065 1376; x_wconf 74' lang='lat' dir='ltr'><strong>victimas,</strong></span> 
     </span>
    </p>
   </div>
   <div class='ocr_carea' id='block_1_19' title="bbox 2169 1304 3709 1381">
    <p class='ocr_par' dir='ltr' id='par_1_19' title="bbox 2173 1304 3709 1379">
     <span class='ocr_line' id='line_1_19' title="bbox 2173 1304 3709 1379; baseline -0.002 -17"><span class='ocrx_word' id='word_1_110' title='bbox 2173 1307 2328 1371; x_wconf 86' lang='grc' dir='ltr'>τινάς</span> <span class='ocrx_word' id='word_1_111' title='bbox 2369 1305 2615 1379; x_wconf 86' lang='grc' dir='ltr'>ἀπύρους</span> <span class='ocrx_word' id='word_1_112' title='bbox 2672 1306 2767 1359; x_wconf 79' lang='grc' dir='ltr'><strong>καὶ</strong></span> <span class='ocrx_word' id='word_1_113' title='bbox 2815 1304 3095 1368; x_wconf 84' lang='grc' dir='ltr'>ἀκάπνους</span> <span class='ocrx_word' id='word_1_114' title='bbox 3142 1304 3336 1367; x_wconf 78' lang='grc' dir='ltr'><strong>θυσίας</strong></span> <span class='ocrx_word' id='word_1_115' title='bbox 3387 1304 3709 1375; x_wconf 79' lang='grc' dir='ltr'><strong>ἀνεπέμπετο.</strong></span> 
     </span>
    </p>
   </div>
   <div class='ocr_carea' id='block_1_20' title="bbox 494 1397 2065 1474">
    <p class='ocr_par' dir='ltr' id='par_1_20' title="bbox 494 1398 2065 1474">
     <span class='ocr_line' id='line_1_20' title="bbox 494 1398 2065 1474; baseline -0.002 -16"><span class='ocrx_word' id='word_1_116' title='bbox 494 1403 634 1474; x_wconf 85' lang='lat' dir='ltr'><strong>ignis</strong></span> <span class='ocrx_word' id='word_1_117' title='bbox 664 1414 718 1458; x_wconf 84' lang='lat' dir='ltr'><strong>et</strong></span> <span class='ocrx_word' id='word_1_118' title='bbox 772 1403 978 1457; x_wconf 85' lang='lat' dir='ltr'><strong>nidoris</strong></span> <span class='ocrx_word' id='word_1_119' title='bbox 1008 1411 1294 1473; x_wconf 77' lang='lat' dir='ltr'><strong>expertes,</strong></span> <span class='ocrx_word' id='word_1_120' title='bbox 1324 1402 1432 1456; x_wconf 85' lang='lat' dir='ltr'><strong>Deo</strong></span> <span class='ocrx_word' id='word_1_121' title='bbox 1471 1401 1714 1455; x_wconf 89' lang='lat' dir='ltr'><strong>omnium</strong></span> <span class='ocrx_word' id='word_1_122' title='bbox 1752 1398 1882 1468; x_wconf 79' lang='lat' dir='ltr'><strong>Regi</strong></span> <span class='ocrx_word' id='word_1_123' title='bbox 1915 1401 2065 1455; x_wconf 87' lang='lat' dir='ltr'><strong>obtu-</strong></span> 
     </span>
    </p>
   </div>
   <div class='ocr_carea' id='block_1_21' title="bbox 2169 1397 3714 1474">
    <p class='ocr_par' dir='ltr' id='par_1_21' title="bbox 2188 1397 3714 1470">
     <span class='ocr_line' id='line_1_21' title="bbox 2188 1397 3714 1470; baseline 0 -18"><span class='ocrx_word' id='word_1_124' title='bbox 2188 1399 2329 1453; x_wconf 79' lang='grc' dir='ltr'>Ἀλλ’</span> <span class='ocrx_word' id='word_1_125' title='bbox 2363 1399 2457 1452; x_wconf 72' lang='grc' dir='ltr'><strong>ἐπὶ</strong></span> <span class='ocrx_word' id='word_1_126' title='bbox 2510 1398 2609 1469; x_wconf 87' lang='grc' dir='ltr'>μὲν</span> <span class='ocrx_word' id='word_1_127' title='bbox 2653 1398 2864 1462; x_wconf 82' lang='grc' dir='ltr'>τούτοις</span> <span class='ocrx_word' id='word_1_128' title='bbox 2895 1398 3103 1469; x_wconf 87' lang='grc' dir='ltr'>χαίρων</span> <span class='ocrx_word' id='word_1_129' title='bbox 3149 1397 3398 1461; x_wconf 83' lang='grc' dir='ltr'><strong>διετέλει,</strong></span> <span class='ocrx_word' id='word_1_130' title='bbox 3428 1398 3485 1450; x_wconf 88' lang='grc' dir='ltr'>ού</span> <span class='ocrx_word' id='word_1_131' title='bbox 3521 1397 3613 1470; x_wconf 81' lang='grc' dir='ltr'><strong>μὴν</strong></span> <span class='ocrx_word' id='word_1_132' title='bbox 3637 1400 3714 1452; x_wconf 75' lang='grc' dir='ltr'><strong>καὶ</strong></span> 
     </span>
    </p>
   </div>
   <div class='ocr_carea' id='block_1_22' title="bbox 493 1484 2065 1562">
    <p class='ocr_par' dir='ltr' id='par_1_22' title="bbox 493 1491 2065 1562">
     <span class='ocr_line' id='line_1_22' title="bbox 493 1491 2065 1562; baseline -0.001 -14"><span class='ocrx_word' id='word_1_133' title='bbox 493 1492 575 1551; x_wconf 88' lang='lat' dir='ltr'><strong>lit.</strong></span> <span class='ocrx_word' id='word_1_134' title='bbox 611 1492 675 1549; x_wconf 83' lang='lat' dir='ltr'><strong>Et</strong></span> <span class='ocrx_word' id='word_1_135' title='bbox 708 1509 773 1549; x_wconf 87' lang='lat' dir='ltr'><strong>ex</strong></span> <span class='ocrx_word' id='word_1_136' title='bbox 807 1494 892 1548; x_wconf 84' lang='lat' dir='ltr'><strong>bis</strong></span> <span class='ocrx_word' id='word_1_137' title='bbox 921 1493 1140 1562; x_wconf 81' lang='lat' dir='ltr'><strong>quidem</strong></span> <span class='ocrx_word' id='word_1_138' title='bbox 1176 1493 1470 1546; x_wconf 82' lang='lat' dir='ltr'><strong>maximam</strong></span> <span class='ocrx_word' id='word_1_139' title='bbox 1503 1491 1685 1545; x_wconf 89' lang='lat' dir='ltr'><strong>animo</strong></span> <span class='ocrx_word' id='word_1_140' title='bbox 1705 1491 1952 1560; x_wconf 85' lang='lat' dir='ltr'><strong>capiebat</strong></span> <span class='ocrx_word' id='word_1_141' title='bbox 1981 1508 2065 1546; x_wconf 83' lang='lat' dir='ltr'><strong>vo-</strong></span> 
     </span>
    </p>
   </div>
   <div class='ocr_carea' id='block_1_23' title="bbox 2169 1484 3713 1562">
    <p class='ocr_par' dir='ltr' id='par_1_23' title="bbox 2175 1484 3713 1561">
     <span class='ocr_line' id='line_1_23' title="bbox 2175 1484 3713 1561; baseline -0.002 -17"><span class='ocrx_word' id='word_1_142' title='bbox 2175 1492 2260 1560; x_wconf 78' lang='grc' dir='ltr'><strong>ὲφ’</strong></span> <span class='ocrx_word' id='word_1_143' title='bbox 2284 1484 2365 1555; x_wconf 75' lang='grc' dir='ltr'>οἷς</span> <span class='ocrx_word' id='word_1_144' title='bbox 2408 1491 2544 1561; x_wconf 82' lang='grc' dir='ltr'>ἀκοῇ</span> <span class='ocrx_word' id='word_1_145' title='bbox 2592 1488 2721 1560; x_wconf 73' lang='grc' dir='ltr'>περὶ</span> <span class='ocrx_word' id='word_1_146' title='bbox 2755 1489 2864 1543; x_wconf 84' lang='grc' dir='ltr'><strong>τῶν</strong></span> <span class='ocrx_word' id='word_1_147' title='bbox 2906 1488 3045 1543; x_wconf 87' lang='grc' dir='ltr'><strong>κατά</strong></span> <span class='ocrx_word' id='word_1_148' title='bbox 3082 1487 3179 1560; x_wconf 78' lang='grc' dir='ltr'><strong>τὴν</strong></span> <span class='ocrx_word' id='word_1_149' title='bbox 3224 1488 3367 1560; x_wconf 79' lang='grc' dir='ltr'>ἑῴαν</span> <span class='ocrx_word' id='word_1_150' title='bbox 3408 1489 3713 1560; x_wconf 83' lang='grc' dir='ltr'>τρυχομένων</span> 
     </span>
    </p>
   </div>
   <div class='ocr_carea' id='block_1_24' title="bbox 491 1582 2065 1655">
    <p class='ocr_par' dir='ltr' id='par_1_24' title="bbox 491 1582 2065 1655">
     <span class='ocr_line' id='line_1_24' title="bbox 491 1582 2065 1655; baseline 0 -16"><span class='ocrx_word' id='word_1_151' title='bbox 491 1585 754 1655; x_wconf 88' lang='lat' dir='ltr'><strong>luptatem</strong></span> <span class='ocrx_word' id='word_1_152' title='bbox 785 1601 799 1637; x_wconf 89' lang='lat'><strong>:</strong></span> <span class='ocrx_word' id='word_1_153' title='bbox 830 1586 925 1640; x_wconf 86' lang='lat' dir='ltr'><strong>sed</strong></span> <span class='ocrx_word' id='word_1_154' title='bbox 968 1600 1072 1638; x_wconf 88' lang='lat' dir='ltr'><strong>non</strong></span> <span class='ocrx_word' id='word_1_155' title='bbox 1109 1584 1334 1652; x_wconf 84' lang='lat' dir='ltr'><strong>perinde</strong></span> <span class='ocrx_word' id='word_1_156' title='bbox 1365 1598 1485 1637; x_wconf 91' lang='lat' dir='ltr'><strong>eum</strong></span> <span class='ocrx_word' id='word_1_157' title='bbox 1519 1582 1868 1638; x_wconf 87' lang='lat' dir='ltr'><strong>oblectabant</strong></span> <span class='ocrx_word' id='word_1_158' title='bbox 1897 1586 2065 1639; x_wconf 84' lang='lat' dir='ltr'><strong>nuntii</strong></span> 
     </span>
    </p>
   </div>
   <div class='ocr_carea' id='block_1_25' title="bbox 2169 1582 2729 1655">
    <p class='ocr_par' dir='ltr' id='par_1_25' title="bbox 2179 1584 2729 1640">
     <span class='ocr_line' id='line_1_25' title="bbox 2179 1584 2729 1640; baseline -0.002 -2"><span class='ocrx_word' id='word_1_159' title='bbox 2179 1584 2348 1640; x_wconf 66' lang='grc' dir='ltr'>ἐθνῶν</span> <span class='ocrx_word' id='word_1_160' title='bbox 2382 1584 2729 1639; x_wconf 77' lang='grc' dir='ltr'>ἐπυνθάνετο.</span> 
     </span>
    </p>
   </div>
   <div class='ocr_carea' id='block_1_26' title="bbox 492 1673 2071 1748">
    <p class='ocr_par' dir='ltr' id='par_1_26' title="bbox 492 1673 2071 1748">
     <span class='ocr_line' id='line_1_26' title="bbox 492 1673 2071 1748; baseline -0.001 -15"><span class='ocrx_word' id='word_1_161' title='bbox 492 1678 567 1733; x_wconf 88' lang='lat' dir='ltr'><strong>illi</strong></span> <span class='ocrx_word' id='word_1_162' title='bbox 596 1718 611 1741; x_wconf 85' lang='lat'><strong>,</strong></span> <span class='ocrx_word' id='word_1_163' title='bbox 641 1679 731 1747; x_wconf 90' lang='lat' dir='ltr'><strong>qui</strong></span> <span class='ocrx_word' id='word_1_164' title='bbox 770 1678 837 1733; x_wconf 91' lang='lat' dir='ltr'><strong>de</strong></span> <span class='ocrx_word' id='word_1_165' title='bbox 867 1676 1276 1748; x_wconf 84' lang='lat' dir='ltr'><strong>provinciarum</strong></span> <span class='ocrx_word' id='word_1_166' title='bbox 1323 1673 1567 1732; x_wconf 85' lang='lat' dir='ltr'><strong>Orientis</strong></span> <span class='ocrx_word' id='word_1_167' title='bbox 1608 1676 1910 1733; x_wconf 68' lang='lat' dir='ltr'><strong>vastatione</strong></span> <span class='ocrx_word' id='word_1_168' title='bbox 1936 1675 2071 1732; x_wconf 70' lang='lat' dir='ltr'><strong>alie-</strong></span> 
     </span>
    </p>
   </div>
   <div class='ocr_carea' id='block_1_27' title="bbox 493 1771 2065 1917">
    <p class='ocr_par' dir='ltr' id='par_1_27' title="bbox 493 1771 1499 1917">
     <span class='ocr_line' id='line_1_27' title="bbox 493 1771 773 1826; baseline -0.011 0"><span class='ocrx_word' id='word_1_169' title='bbox 493 1771 773 1826; x_wconf 85' lang='lat' dir='ltr'><strong>rebantur.</strong></span> 
     </span>
     <span class='ocr_line' id='line_1_28' title="bbox 1055 1856 1499 1917; baseline -0.005 0"><span class='ocrx_word' id='word_1_170' title='bbox 1055 1859 1279 1917; x_wconf 76' lang='lat' dir='ltr'><strong>CAPUT</strong></span> <span class='ocrx_word' id='word_1_171' title='bbox 1310 1856 1499 1915; x_wconf 82' lang='lat' dir='ltr'><strong>XLIX.</strong></span> 
     </span>
    </p>
   </div>
   <div class='ocr_carea' id='block_1_28' title="bbox 2169 1771 3225 1917">
    <p class='ocr_par' dir='ltr' id='par_1_28' title="bbox 2683 1856 3225 1917">
     <span class='ocr_line' id='line_1_29' title="bbox 2683 1856 3225 1917; baseline -0.002 -1"><span class='ocrx_word' id='word_1_172' title='bbox 2683 1858 3080 1917; x_wconf 74' lang='grc' dir='ltr'><strong>ΚΕΦΑΛΑῙΟΝ</strong></span> <span class='ocrx_word' id='word_1_173' title='bbox 3113 1856 3225 1917; x_wconf 74' lang='grc' dir='ltr'><strong>ΜΘ</strong></span> 
     </span>
    </p>
   </div>
   <div class='ocr_carea' id='block_1_29' title="bbox 2305 1947 3618 2022">
    <p class='ocr_par' dir='ltr' id='par_1_29' title="bbox 2305 1947 3618 2022">
     <span class='ocr_line' id='line_1_30' title="bbox 2305 1947 3618 2022; baseline 0.001 -17"><span class='ocrx_word' id='word_1_174' title='bbox 2305 1950 2503 2020; x_wconf 83' lang='grc' dir='ltr'><strong>Ὅπως</strong></span> <span class='ocrx_word' id='word_1_175' title='bbox 2527 1950 2643 2022; x_wconf 77' lang='grc' dir='ltr'><strong>τὴν</strong></span> <span class='ocrx_word' id='word_1_176' title='bbox 2669 1948 2980 2021; x_wconf 74' lang='grc' dir='ltr'><strong>ἀνατόλὴν</strong></span> <span class='ocrx_word' id='word_1_177' title='bbox 2997 1952 3218 2007; x_wconf 75' lang='grc' dir='ltr'>ἐκεικού</span> <span class='ocrx_word' id='word_1_178' title='bbox 3222 1968 3317 2022; x_wconf 83' lang='grc' dir='ltr'><strong>χει</strong></span> <span class='ocrx_word' id='word_1_179' title='bbox 3351 1947 3618 2018; x_wconf 80' lang='grc' dir='ltr'><strong>Λικίνιος.</strong></span> 
     </span>
    </p>
   </div>
   <div class='ocr_carea' id='block_1_30' title="bbox 2283 2044 3713 2119">
    <p class='ocr_par' dir='ltr' id='par_1_30' title="bbox 2283 2044 3713 2119">
     <span class='ocr_line' id='line_1_31' title="bbox 2283 2044 3713 2119; baseline 0.001 -21"><span class='ocrx_word' id='word_1_180' title='bbox 2283 2046 2465 2110; x_wconf 85' lang='grc' dir='ltr'>Δεινὸς</span> <span class='ocrx_word' id='word_1_181' title='bbox 2493 2045 2602 2119; x_wconf 84' lang='grc' dir='ltr'>γάρ</span> <span class='ocrx_word' id='word_1_182' title='bbox 2623 2064 2706 2111; x_wconf 87' lang='grc' dir='ltr'><strong>τις</strong></span> <span class='ocrx_word' id='word_1_183' title='bbox 2727 2047 2839 2117; x_wconf 78' lang='grc'><strong>(10)</strong></span> <span class='ocrx_word' id='word_1_184' title='bbox 2857 2045 3009 2118; x_wconf 85' lang='grc' dir='ltr'><strong>αὐτῷ</strong></span> <span class='ocrx_word' id='word_1_185' title='bbox 3040 2047 3338 2110; x_wconf 79' lang='grc' dir='ltr'>κάνταῦθα,</span> <span class='ocrx_word' id='word_1_186' title='bbox 3369 2049 3435 2118; x_wconf 79' lang='grc' dir='ltr'><strong>τῇ</strong></span> <span class='ocrx_word' id='word_1_187' title='bbox 3464 2044 3713 2116; x_wconf 74' lang='grc' dir='ltr'><strong>τ’Ἐκκλη·</strong></span> 
     </span>
    </p>
   </div>
   <div class='ocr_carea' id='block_1_31' title="bbox 2170 2136 3713 2211">
    <p class='ocr_par' dir='ltr' id='par_1_31' title="bbox 2170 2136 3713 2211">
     <span class='ocr_line' id='line_1_32' title="bbox 2170 2136 3713 2211; baseline 0.001 -21"><span class='ocrx_word' id='word_1_188' title='bbox 2170 2137 2261 2209; x_wconf 73' lang='grc' dir='ltr'>σία</span> <span class='ocrx_word' id='word_1_189' title='bbox 2291 2138 2385 2192; x_wconf 84' lang='grc' dir='ltr'><strong>τοῦ</strong></span> <span class='ocrx_word' id='word_1_190' title='bbox 2416 2139 2571 2206; x_wconf 76' lang='grc' dir='ltr'>Θεοῦ,</span> <span class='ocrx_word' id='word_1_191' title='bbox 2599 2142 2713 2204; x_wconf 78' lang='grc' dir='ltr'>τοῖς</span> <span class='ocrx_word' id='word_1_192' title='bbox 2744 2156 2801 2193; x_wconf 84' lang='grc' dir='ltr'>τε</span> <span class='ocrx_word' id='word_1_193' title='bbox 2820 2139 3028 2204; x_wconf 76' lang='grc' dir='ltr'>λοιποῖς</span> <span class='ocrx_word' id='word_1_194' title='bbox 3044 2137 3413 2211; x_wconf 82' lang='grc' dir='ltr'><strong>ὲπαρχιώταις</strong></span> <span class='ocrx_word' id='word_1_195' title='bbox 3443 2136 3713 2211; x_wconf 74' lang='grc' dir='ltr'><strong>ἐφεδρεύειν</strong></span> 
     </span>
    </p>
   </div>
   <div class='ocr_carea' id='block_1_32' title="bbox 2170 2230 3714 2304">
    <p class='ocr_par' dir='ltr' id='par_1_32' title="bbox 2170 2230 3714 2304">
     <span class='ocr_line' id='line_1_33' title="bbox 2170 2230 3714 2304; baseline -0.001 -21"><span class='ocrx_word' id='word_1_196' title='bbox 2170 2231 2545 2302; x_wconf 83' lang='grc' dir='ltr'>ἀπηγγέλλετο</span> <span class='ocrx_word' id='word_1_197' title='bbox 2573 2231 2708 2304; x_wconf 80' lang='grc' dir='ltr'><strong>θήρ·</strong></span> <span class='ocrx_word' id='word_1_198' title='bbox 2735 2232 2829 2286; x_wconf 74' lang='grc' dir='ltr'><strong>τοῦ</strong></span> <span class='ocrx_word' id='word_1_199' title='bbox 2852 2231 3091 2304; x_wconf 80' lang='grc' dir='ltr'>πονηροῦ</span> <span class='ocrx_word' id='word_1_200' title='bbox 3115 2231 3368 2303; x_wconf 85' lang='grc' dir='ltr'>δαίμονος</span> <span class='ocrx_word' id='word_1_201' title='bbox 3388 2231 3568 2303; x_wconf 82' lang='grc' dir='ltr'>ὥσπερ</span> <span class='ocrx_word' id='word_1_202' title='bbox 3583 2230 3714 2300; x_wconf 69' lang='grc' dir='ltr'>ἁμιλι</span> 
     </span>
    </p>
   </div>
   <div class='ocr_carea' id='block_1_33' title="bbox 2169 2318 3713 2394">
    <p class='ocr_par' dir='ltr' id='par_1_33' title="bbox 2169 2318 3713 2394">
     <span class='ocr_line' id='line_1_34' title="bbox 2169 2318 3713 2394; baseline -0.001 -21"><span class='ocrx_word' id='word_1_203' title='bbox 2169 2318 2436 2391; x_wconf 83' lang='grc' dir='ltr'>λωμένου,</span> <span class='ocrx_word' id='word_1_204' title='bbox 2464 2324 2577 2385; x_wconf 85' lang='grc' dir='ltr'>τοῖς</span> <span class='ocrx_word' id='word_1_205' title='bbox 2606 2320 2759 2394; x_wconf 89' lang='grc' dir='ltr'>παρά</span> <span class='ocrx_word' id='word_1_206' title='bbox 2778 2321 2857 2393; x_wconf 84' lang='grc' dir='ltr'>τῷ</span> <span class='ocrx_word' id='word_1_207' title='bbox 2879 2322 3121 2392; x_wconf 80' lang='grc' dir='ltr'>θεοφιλεῖ</span> <span class='ocrx_word' id='word_1_208' title='bbox 3143 2322 3535 2394; x_wconf 87' lang='grc' dir='ltr'>πραττομένοις</span> <span class='ocrx_word' id='word_1_209' title='bbox 3553 2323 3713 2375; x_wconf 74' lang='grc' dir='ltr'>τάνανο</span> 
     </span>
    </p>
   </div>
   <div class='ocr_carea' id='block_1_34' title="bbox 2170 2412 3712 2486">
    <p class='ocr_par' dir='ltr' id='par_1_34' title="bbox 2170 2412 3712 2486">
     <span class='ocr_line' id='line_1_35' title="bbox 2170 2412 3712 2486; baseline -0.001 -19"><span class='ocrx_word' id='word_1_210' title='bbox 2170 2412 2261 2467; x_wconf 88' lang='grc' dir='ltr'>τία</span> <span class='ocrx_word' id='word_1_211' title='bbox 2288 2412 2742 2485; x_wconf 75' lang='grc' dir='ltr'>κατεργάζεσθαι,</span> <span class='ocrx_word' id='word_1_212' title='bbox 2775 2414 2851 2480; x_wconf 84' lang='grc' dir='ltr'>ὠς</span> <span class='ocrx_word' id='word_1_213' title='bbox 2877 2414 3052 2468; x_wconf 84' lang='grc' dir='ltr'>δοκεῖν</span> <span class='ocrx_word' id='word_1_214' title='bbox 3072 2417 3184 2478; x_wconf 82' lang='grc' dir='ltr'>τοῖς</span> <span class='ocrx_word' id='word_1_215' title='bbox 3218 2413 3487 2486; x_wconf 80' lang='grc' dir='ltr'><strong>σύμπασι,</strong></span> <span class='ocrx_word' id='word_1_216' title='bbox 3519 2414 3605 2486; x_wconf 77' lang='grc' dir='ltr'><strong>τὴν</strong></span> <span class='ocrx_word' id='word_1_217' title='bbox 3630 2412 3712 2467; x_wconf 75' lang='grc' dir='ltr'><strong>ὑπὸ</strong></span> 
     </span>
    </p>
   </div>
   <div class='ocr_carea' id='block_1_35' title="bbox 2164 2504 3713 2580">
    <p class='ocr_par' dir='ltr' id='par_1_35' title="bbox 2164 2504 3713 2580">
     <span class='ocr_line' id='line_1_36' title="bbox 2164 2504 3713 2580; baseline 0.002 -24"><span class='ocrx_word' id='word_1_218' title='bbox 2164 2504 2473 2576; x_wconf 84' lang='grc' dir='ltr'>,Ῥωμαίοις</span> <span class='ocrx_word' id='word_1_219' title='bbox 2505 2504 2681 2578; x_wconf 75' lang='grc' dir='ltr'>ἀρχὴν</span> <span class='ocrx_word' id='word_1_220' title='bbox 2718 2506 2843 2561; x_wconf 81' lang='grc' dir='ltr'>δυσὶ</span> <span class='ocrx_word' id='word_1_221' title='bbox 2881 2509 3163 2580; x_wconf 84' lang='grc' dir='ltr'>τμήμασιν</span> <span class='ocrx_word' id='word_1_222' title='bbox 3184 2507 3595 2580; x_wconf 82' lang='grc' dir='ltr'>ἀποληφθεῖσαν,</span> <span class='ocrx_word' id='word_1_223' title='bbox 3627 2508 3713 2560; x_wconf 71' lang='grc' dir='ltr'>ὲοιο</span> 
     </span>
    </p>
   </div>
   <div class='ocr_carea' id='block_1_36' title="bbox 2170 2595 3713 2688">
    <p class='ocr_par' dir='ltr' id='par_1_36' title="bbox 2170 2595 3713 2688">
     <span class='ocr_line' id='line_1_37' title="bbox 2170 2595 3713 2688; baseline -0.001 -37"><span class='ocrx_word' id='word_1_224' title='bbox 2170 2595 2328 2688; x_wconf 63' lang='grc' dir='ltr'>κέναι</span> <span class='ocrx_word' id='word_1_225' title='bbox 2362 2598 2519 2651; x_wconf 75' lang='grc' dir='ltr'>νυκτὶ</span> <span class='ocrx_word' id='word_1_226' title='bbox 2561 2600 2657 2652; x_wconf 75' lang='grc' dir='ltr'>καὶ</span> <span class='ocrx_word' id='word_1_227' title='bbox 2693 2600 2897 2688; x_wconf 55' lang='grc' dir='ltr'><strong>ἡμέρα.</strong></span> <span class='ocrx_word' id='word_1_228' title='bbox 2941 2602 3169 2666; x_wconf 89' lang='grc' dir='ltr'>σκότους</span> <span class='ocrx_word' id='word_1_229' title='bbox 3200 2601 3300 2673; x_wconf 75' lang='grc' dir='ltr'><strong>μὲν</strong></span> <span class='ocrx_word' id='word_1_230' title='bbox 3328 2602 3439 2665; x_wconf 86' lang='grc' dir='ltr'>τοῖς</span> <span class='ocrx_word' id='word_1_231' title='bbox 3467 2599 3561 2669; x_wconf 80' lang='grc' dir='ltr'><strong>τῆν</strong></span> <span class='ocrx_word' id='word_1_232' title='bbox 3598 2596 3713 2668; x_wconf 76' lang='grc' dir='ltr'>ἑῴαν</span> 
     </span>
    </p>
   </div>
   <div class='ocr_carea' id='block_1_37' title="bbox 1055 1856 1499 1917">
    <p class='ocr_par' dir='ltr' id='par_1_37' title="bbox 1055 1856 1499 1917">
     <span class='ocr_line' id='line_1_38' title="bbox 1055 1856 1499 1917; baseline -0.005 0"><span class='ocrx_word' id='word_1_233' title='bbox 1055 1859 1279 1917; x_wconf 76' lang='lat' dir='ltr'><strong>CAPUT</strong></span> <span class='ocrx_word' id='word_1_234' title='bbox 1310 1856 1499 1915; x_wconf 81' lang='lat' dir='ltr'><strong>XLIX.</strong></span> 
     </span>
    </p>
   </div>
   <div class='ocr_carea' id='block_1_38' title="bbox 696 1951 1863 2025">
    <p class='ocr_par' dir='ltr' id='par_1_38' title="bbox 696 1951 1863 2025">
     <span class='ocr_line' id='line_1_39' title="bbox 696 1951 1863 2025; baseline 0.002 -19"><span class='ocrx_word' id='word_1_235' title='bbox 696 1952 972 2019; x_wconf 83' lang='lat' dir='ltr'><strong>Quomodo</strong></span> <span class='ocrx_word' id='word_1_236' title='bbox 1028 1951 1263 2007; x_wconf 72' lang='lat' dir='ltr'><strong>Licinius</strong></span> <span class='ocrx_word' id='word_1_237' title='bbox 1298 1951 1567 2008; x_wconf 79' lang='lat' dir='ltr'><strong>Orientem</strong></span> <span class='ocrx_word' id='word_1_238' title='bbox 1597 1953 1863 2025; x_wconf 70' lang='lat' dir='ltr'><strong>aﬂliurit.</strong></span> 
     </span>
    </p>
   </div>
   <div class='ocr_carea' id='block_1_39' title="bbox 562 2045 2069 2113">
    <p class='ocr_par' dir='ltr' id='par_1_39' title="bbox 562 2045 2069 2113">
     <span class='ocr_line' id='line_1_40' title="bbox 562 2045 2069 2113; baseline 0.001 -11"><span class='ocrx_word' id='word_1_239' title='bbox 562 2046 776 2102; x_wconf 83' lang='lat' dir='ltr'><strong>Etenim</strong></span> <span class='ocrx_word' id='word_1_240' title='bbox 824 2045 1080 2101; x_wconf 85' lang='lat' dir='ltr'><strong>immanis</strong></span> <span class='ocrx_word' id='word_1_241' title='bbox 1129 2046 1375 2113; x_wconf 71' lang='lat' dir='ltr'><strong>qntetlam</strong></span> <span class='ocrx_word' id='word_1_242' title='bbox 1429 2047 1603 2102; x_wconf 85' lang='lat' dir='ltr'><strong>bellua</strong></span> <span class='ocrx_word' id='word_1_243' title='bbox 1647 2057 1759 2101; x_wconf 88' lang='lat' dir='ltr'><strong>tum</strong></span> <span class='ocrx_word' id='word_1_244' title='bbox 1812 2046 2069 2103; x_wconf 78' lang='lat' dir='ltr'><strong>Ecclesia:</strong></span> 
     </span>
    </p>
   </div>
   <div class='ocr_carea' id='block_1_40' title="bbox 492 2137 2069 2209">
    <p class='ocr_par' dir='ltr' id='par_1_40' title="bbox 492 2137 2069 2209">
     <span class='ocr_line' id='line_1_41' title="bbox 492 2137 2069 2209; baseline -0.003 -12"><span class='ocrx_word' id='word_1_245' title='bbox 492 2140 612 2204; x_wconf 87' lang='lat' dir='ltr'><strong>Dei,</strong></span> <span class='ocrx_word' id='word_1_246' title='bbox 649 2151 760 2194; x_wconf 91' lang='lat' dir='ltr'><strong>tum</strong></span> <span class='ocrx_word' id='word_1_247' title='bbox 792 2137 1016 2209; x_wconf 82' lang='lat' dir='ltr'><strong>reliquis</strong></span> <span class='ocrx_word' id='word_1_248' title='bbox 1045 2138 1480 2208; x_wconf 78' lang='lat' dir='ltr'><strong>provincialibus</strong></span> <span class='ocrx_word' id='word_1_249' title='bbox 1506 2139 1615 2194; x_wconf 85' lang='lat' dir='ltr'><strong>illic</strong></span> <span class='ocrx_word' id='word_1_250' title='bbox 1650 2138 1902 2194; x_wconf 87' lang='lat' dir='ltr'><strong>insidiari</strong></span> <span class='ocrx_word' id='word_1_251' title='bbox 1928 2152 2069 2193; x_wconf 89' lang='lat' dir='ltr'><strong>nun-</strong></span> 
     </span>
    </p>
   </div>
   <div class='ocr_carea' id='block_1_41' title="bbox 492 2228 2069 2299">
    <p class='ocr_par' dir='ltr' id='par_1_41' title="bbox 492 2228 2069 2299">
     <span class='ocr_line' id='line_1_42' title="bbox 492 2228 2069 2299; baseline -0.001 -14"><span class='ocrx_word' id='word_1_252' title='bbox 492 2233 732 2285; x_wconf 86' lang='lat' dir='ltr'><strong>tiabatur</strong></span> <span class='ocrx_word' id='word_1_253' title='bbox 763 2248 776 2284; x_wconf 90' lang='lat'><strong>:</strong></span> <span class='ocrx_word' id='word_1_254' title='bbox 812 2244 937 2283; x_wconf 90' lang='lat' dir='ltr'><strong>cum</strong></span> <span class='ocrx_word' id='word_1_255' title='bbox 970 2228 1341 2298; x_wconf 80' lang='lat' dir='ltr'><strong>nequissimus</strong></span> <span class='ocrx_word' id='word_1_256' title='bbox 1391 2229 1603 2284; x_wconf 63' lang='lat' dir='ltr'><strong>damon</strong></span> <span class='ocrx_word' id='word_1_257' title='bbox 1646 2229 1804 2299; x_wconf 84' lang='lat' dir='ltr'><strong>quasi</strong></span> <span class='ocrx_word' id='word_1_258' title='bbox 1847 2229 2069 2285; x_wconf 67' lang='lat' dir='ltr'><strong>aemula-</strong></span> 
     </span>
    </p>
   </div>
   <div class='ocr_carea' id='block_1_42' title="bbox 491 2319 2069 2391">
    <p class='ocr_par' dir='ltr' id='par_1_42' title="bbox 491 2319 2069 2391">
     <span class='ocr_line' id='line_1_43' title="bbox 491 2319 2069 2391; baseline -0.002 -13"><span class='ocrx_word' id='word_1_259' title='bbox 491 2325 638 2378; x_wconf 90' lang='lat' dir='ltr'><strong>tione</strong></span> <span class='ocrx_word' id='word_1_260' title='bbox 664 2336 966 2377; x_wconf 84' lang='lat' dir='ltr'><strong>succensus</strong></span> <span class='ocrx_word' id='word_1_261' title='bbox 987 2362 1003 2383; x_wconf 89' lang='lat'><strong>,</strong></span> <span class='ocrx_word' id='word_1_262' title='bbox 1037 2322 1104 2375; x_wconf 90' lang='lat' dir='ltr'><strong>iis</strong></span> <span class='ocrx_word' id='word_1_263' title='bbox 1136 2336 1257 2391; x_wconf 73' lang='lat' dir='ltr'><strong>quae</strong></span> <span class='ocrx_word' id='word_1_264' title='bbox 1300 2319 1369 2375; x_wconf 87' lang='lat' dir='ltr'><strong>ab</strong></span> <span class='ocrx_word' id='word_1_265' title='bbox 1397 2321 1725 2391; x_wconf 84' lang='lat' dir='ltr'><strong>imperatore</strong></span> <span class='ocrx_word' id='word_1_266' title='bbox 1753 2321 1847 2376; x_wconf 87' lang='lat' dir='ltr'><strong>Dei</strong></span> <span class='ocrx_word' id='word_1_267' title='bbox 1874 2338 2069 2376; x_wconf 81' lang='lat' dir='ltr'><strong>amau-</strong></span> 
     </span>
    </p>
   </div>
   <div class='ocr_carea' id='block_1_43' title="bbox 492 2413 2068 2485">
    <p class='ocr_par' dir='ltr' id='par_1_43' title="bbox 492 2413 2068 2485">
     <span class='ocr_line' id='line_1_44' title="bbox 492 2413 2068 2485; baseline 0 -15"><span class='ocrx_word' id='word_1_268' title='bbox 492 2416 701 2470; x_wconf 87' lang='lat' dir='ltr'><strong>tissimo</strong></span> <span class='ocrx_word' id='word_1_269' title='bbox 728 2414 1081 2485; x_wconf 82' lang='lat' dir='ltr'><strong>gerebantur,</strong></span> <span class='ocrx_word' id='word_1_270' title='bbox 1112 2414 1386 2467; x_wconf 86' lang='lat' dir='ltr'><strong>contraria</strong></span> <span class='ocrx_word' id='word_1_271' title='bbox 1416 2413 1598 2468; x_wconf 82' lang='lat' dir='ltr'><strong>facere</strong></span> <span class='ocrx_word' id='word_1_272' title='bbox 1629 2415 1893 2470; x_wconf 90' lang='lat' dir='ltr'><strong>studeret.</strong></span> <span class='ocrx_word' id='word_1_273' title='bbox 1918 2415 2068 2470; x_wconf 82' lang='lat' dir='ltr'><strong>Adeo</strong></span> 
     </span>
    </p>
   </div>
   <div class='ocr_carea' id='block_1_44' title="bbox 491 2504 2064 2577">
    <p class='ocr_par' dir='ltr' id='par_1_44' title="bbox 491 2504 2064 2577">
     <span class='ocr_line' id='line_1_45' title="bbox 491 2504 2064 2577; baseline -0.001 -17"><span class='ocrx_word' id='word_1_274' title='bbox 491 2520 548 2560; x_wconf 90' lang='lat' dir='ltr'><strong>ut</strong></span> <span class='ocrx_word' id='word_1_275' title='bbox 582 2507 869 2577; x_wconf 84' lang='lat' dir='ltr'><strong>imperium</strong></span> <span class='ocrx_word' id='word_1_276' title='bbox 908 2504 1213 2558; x_wconf 77' lang='lat' dir='ltr'><strong>Romanum</strong></span> <span class='ocrx_word' id='word_1_277' title='bbox 1261 2505 1399 2559; x_wconf 89' lang='lat' dir='ltr'><strong>duas</strong></span> <span class='ocrx_word' id='word_1_278' title='bbox 1447 2505 1500 2559; x_wconf 91' lang='lat' dir='ltr'><strong>in</strong></span> <span class='ocrx_word' id='word_1_279' title='bbox 1557 2516 1742 2575; x_wconf 85' lang='lat' dir='ltr'><strong>partes</strong></span> <span class='ocrx_word' id='word_1_280' title='bbox 1787 2505 2021 2560; x_wconf 89' lang='lat' dir='ltr'><strong>divisum</strong></span> <span class='ocrx_word' id='word_1_281' title='bbox 2048 2546 2064 2570; x_wconf 86' lang='lat'><strong>,</strong></span> 
     </span>
    </p>
   </div>
   <div class='ocr_carea' id='block_1_45' title="bbox 490 2594 2068 2667">
    <p class='ocr_par' dir='ltr' id='par_1_45' title="bbox 490 2594 2068 2667">
     <span class='ocr_line' id='line_1_46' title="bbox 490 2594 2068 2667; baseline 0.001 -14"><span class='ocrx_word' id='word_1_282' title='bbox 490 2599 635 2653; x_wconf 89' lang='lat' dir='ltr'><strong>nocti</strong></span> <span class='ocrx_word' id='word_1_283' title='bbox 668 2613 732 2653; x_wconf 90' lang='lat' dir='ltr'><strong>ac</strong></span> <span class='ocrx_word' id='word_1_284' title='bbox 754 2597 860 2652; x_wconf 89' lang='lat' dir='ltr'><strong>diei</strong></span> <span class='ocrx_word' id='word_1_285' title='bbox 891 2594 1070 2649; x_wconf 84' lang='lat' dir='ltr'><strong>simile</strong></span> <span class='ocrx_word' id='word_1_286' title='bbox 1095 2609 1217 2651; x_wconf 86' lang='lat' dir='ltr'><strong>esse</strong></span> <span class='ocrx_word' id='word_1_287' title='bbox 1242 2596 1501 2650; x_wconf 87' lang='lat' dir='ltr'><strong>omnibus</strong></span> <span class='ocrx_word' id='word_1_288' title='bbox 1530 2597 1825 2652; x_wconf 79' lang='lat' dir='ltr'><strong>videretur.</strong></span> <span class='ocrx_word' id='word_1_289' title='bbox 1856 2596 2068 2667; x_wconf 82' lang='lat' dir='ltr'><strong>Quippe</strong></span> 
     </span>
    </p>
   </div>
   <div class='ocr_carea' id='block_1_46' title="bbox 488 2684 2065 2764">
    <p class='ocr_par' dir='ltr' id='par_1_46' title="bbox 488 2689 2065 2761">
     <span class='ocr_line' id='line_1_47' title="bbox 488 2689 2065 2761; baseline -0.001 -13"><span class='ocrx_word' id='word_1_290' title='bbox 488 2690 731 2749; x_wconf 80' lang='lat' dir='ltr'><strong>Orientis</strong></span> <span class='ocrx_word' id='word_1_291' title='bbox 760 2691 978 2760; x_wconf 87' lang='lat' dir='ltr'><strong>quidem</strong></span> <span class='ocrx_word' id='word_1_292' title='bbox 1029 2689 1236 2745; x_wconf 86' lang='lat' dir='ltr'><strong>incolas</strong></span> <span class='ocrx_word' id='word_1_293' title='bbox 1278 2690 1459 2761; x_wconf 87' lang='lat' dir='ltr'><strong>caligo</strong></span> <span class='ocrx_word' id='word_1_294' title='bbox 1509 2690 1687 2745; x_wconf 90' lang='lat' dir='ltr'><strong>noctis</strong></span> <span class='ocrx_word' id='word_1_295' title='bbox 1732 2692 2016 2760; x_wconf 87' lang='lat' dir='ltr'><strong>premebat</strong></span> <span class='ocrx_word' id='word_1_296' title='bbox 2052 2710 2065 2747; x_wconf 90' lang='lat'>:</span> 
     </span>
    </p>
   </div>
   <div class='ocr_carea' id='block_1_47' title="bbox 2169 2684 3712 2764">
    <p class='ocr_par' dir='ltr' id='par_1_47' title="bbox 2170 2684 3712 2764">
     <span class='ocr_line' id='line_1_48' title="bbox 2170 2684 3712 2764; baseline 0.005 -24"><span class='ocrx_word' id='word_1_297' title='bbox 2170 2684 2426 2758; x_wconf 80' lang='grc' dir='ltr'>λαχοῦσιν</span> <span class='ocrx_word' id='word_1_298' title='bbox 2465 2684 2908 2755; x_wconf 71' lang='grc' dir='ltr'><strong>ἐπιπολάζοντος,</strong></span> <span class='ocrx_word' id='word_1_299' title='bbox 2957 2692 3173 2764; x_wconf 79' lang='grc' dir='ltr'>ἡμέρας</span> <span class='ocrx_word' id='word_1_300' title='bbox 3214 2692 3273 2746; x_wconf 77' lang='grc' dir='ltr'><strong>δὲ</strong></span> <span class='ocrx_word' id='word_1_301' title='bbox 3312 2689 3712 2764; x_wconf 73' lang='grc' dir='ltr'>τηλαυγεοτάτης</span> 
     </span>
    </p>
   </div>
   <div class='ocr_carea' id='block_1_48' title="bbox 488 2781 2065 2858">
    <p class='ocr_par' dir='ltr' id='par_1_48' title="bbox 488 2781 2065 2853">
     <span class='ocr_line' id='line_1_49' title="bbox 488 2781 2065 2853; baseline -0.001 -13"><span class='ocrx_word' id='word_1_302' title='bbox 488 2801 585 2840; x_wconf 82' lang='lat' dir='ltr'><strong>eos</strong></span> <span class='ocrx_word' id='word_1_303' title='bbox 613 2800 742 2839; x_wconf 87' lang='lat' dir='ltr'><strong>vero</strong></span> <span class='ocrx_word' id='word_1_304' title='bbox 770 2785 862 2853; x_wconf 90' lang='lat' dir='ltr'><strong>qui</strong></span> <span class='ocrx_word' id='word_1_305' title='bbox 897 2781 1207 2838; x_wconf 84' lang='lat' dir='ltr'><strong>Occidentis</strong></span> <span class='ocrx_word' id='word_1_306' title='bbox 1240 2790 1426 2851; x_wconf 88' lang='lat' dir='ltr'><strong>partes</strong></span> <span class='ocrx_word' id='word_1_307' title='bbox 1458 2781 1799 2848; x_wconf 73' lang='lat' dir='ltr'><strong>habitabant,</strong></span> <span class='ocrx_word' id='word_1_308' title='bbox 1828 2784 2065 2839; x_wconf 89' lang='lat' dir='ltr'><strong>serenis-</strong></span> 
     </span>
    </p>
   </div>
   <div class='ocr_carea' id='block_1_49' title="bbox 2169 2781 3708 2858">
    <p class='ocr_par' dir='ltr' id='par_1_49' title="bbox 2169 2782 3708 2858">
     <span class='ocr_line' id='line_1_50' title="bbox 2169 2782 3708 2858; baseline 0.006 -23"><span class='ocrx_word' id='word_1_309' title='bbox 2169 2784 2282 2845; x_wconf 84' lang='grc' dir='ltr'>τοῖς</span> <span class='ocrx_word' id='word_1_310' title='bbox 2304 2783 2417 2853; x_wconf 81' lang='grc' dir='ltr'><strong>τῆς</strong></span> <span class='ocrx_word' id='word_1_311' title='bbox 2440 2782 2676 2855; x_wconf 79' lang='grc' dir='ltr'>θατέρας</span> <span class='ocrx_word' id='word_1_312' title='bbox 2705 2784 2903 2858; x_wconf 79' lang='grc' dir='ltr'><strong>μοίρας</strong></span> <span class='ocrx_word' id='word_1_313' title='bbox 2932 2787 3213 2857; x_wconf 81' lang='grc' dir='ltr'>οἰκήτορσι</span> <span class='ocrx_word' id='word_1_314' title='bbox 3252 2784 3708 2856; x_wconf 78' lang='grc' dir='ltr'>καταλαμπούσης’</span> 
     </span>
    </p>
   </div>
   <div class='ocr_carea' id='block_1_50' title="bbox 487 2868 2065 2949">
    <p class='ocr_par' dir='ltr' id='par_1_50' title="bbox 487 2871 2064 2938">
     <span class='ocr_line' id='line_1_51' title="bbox 487 2871 2064 2938; baseline -0.002 -7"><span class='ocrx_word' id='word_1_315' title='bbox 487 2877 657 2931; x_wconf 86' lang='lat' dir='ltr'><strong>simus</strong></span> <span class='ocrx_word' id='word_1_316' title='bbox 693 2874 997 2932; x_wconf 86' lang='lat' dir='ltr'><strong>illustrabat</strong></span> <span class='ocrx_word' id='word_1_317' title='bbox 1044 2872 1183 2927; x_wconf 89' lang='lat' dir='ltr'><strong>dies.</strong></span> <span class='ocrx_word' id='word_1_318' title='bbox 1234 2872 1337 2938; x_wconf 90' lang='lat' dir='ltr'><strong>Qui</strong></span> <span class='ocrx_word' id='word_1_319' title='bbox 1391 2887 1516 2927; x_wconf 89' lang='lat' dir='ltr'><strong>cum</strong></span> <span class='ocrx_word' id='word_1_320' title='bbox 1554 2871 1784 2927; x_wconf 79' lang='lat' dir='ltr'><strong>inﬁnitis</strong></span> <span class='ocrx_word' id='word_1_321' title='bbox 1837 2874 1996 2929; x_wconf 84' lang='lat' dir='ltr'><strong>bonis</strong></span> <span class='ocrx_word' id='word_1_322' title='bbox 2036 2890 2064 2928; x_wconf 90' lang='lat' dir='ltr'><strong>a</strong></span> 
     </span>
    </p>
   </div>
   <div class='ocr_carea' id='block_1_51' title="bbox 2169 2868 3712 2949">
    <p class='ocr_par' dir='ltr' id='par_1_51' title="bbox 2169 2868 3712 2949">
     <span class='ocr_line' id='line_1_52' title="bbox 2169 2868 3712 2949; baseline -0.001 -22"><span class='ocrx_word' id='word_1_323' title='bbox 2169 2868 2250 2938; x_wconf 74' lang='grc' dir='ltr'>οἷς</span> <span class='ocrx_word' id='word_1_324' title='bbox 2277 2876 2485 2947; x_wconf 81' lang='grc' dir='ltr'><strong>μυρίων</strong></span> <span class='ocrx_word' id='word_1_325' title='bbox 2513 2875 2734 2945; x_wconf 79' lang='grc' dir='ltr'>ἀγαθῶν</span> <span class='ocrx_word' id='word_1_326' title='bbox 2764 2877 2829 2930; x_wconf 81' lang='grc' dir='ltr'>ἐκ</span> <span class='ocrx_word' id='word_1_327' title='bbox 2862 2876 2999 2932; x_wconf 82' lang='grc' dir='ltr'><strong>Θεοῦ</strong></span> <span class='ocrx_word' id='word_1_328' title='bbox 3029 2878 3536 2949; x_wconf 84' lang='grc' dir='ltr'>πρυτανευομένων,</span> <span class='ocrx_word' id='word_1_329' title='bbox 3554 2878 3641 2931; x_wconf 75' lang='grc' dir='ltr'>οὐκ</span> <span class='ocrx_word' id='word_1_330' title='bbox 3657 2870 3712 2946; x_wconf 80' lang='grc' dir='ltr'>ἦν</span> 
     </span>
    </p>
   </div>
   <div class='ocr_carea' id='block_1_52' title="bbox 491 2966 2065 3044">
    <p class='ocr_par' dir='ltr' id='par_1_52' title="bbox 491 2966 2065 3040">
     <span class='ocr_line' id='line_1_53' title="bbox 491 2966 2065 3040; baseline -0.002 -16"><span class='ocrx_word' id='word_1_331' title='bbox 491 2971 600 3024; x_wconf 80' lang='lat' dir='ltr'><strong>Deo</strong></span> <span class='ocrx_word' id='word_1_332' title='bbox 633 2968 735 3024; x_wconf 86' lang='lat' dir='ltr'><strong>sibi</strong></span> <span class='ocrx_word' id='word_1_333' title='bbox 770 2967 1077 3022; x_wconf 83' lang='lat' dir='ltr'><strong>conciliatis</strong></span> <span class='ocrx_word' id='word_1_334' title='bbox 1122 2966 1456 3030; x_wconf 80' lang='lat' dir='ltr'><strong>fruerentur,</strong></span> <span class='ocrx_word' id='word_1_335' title='bbox 1504 2981 1612 3021; x_wconf 89' lang='lat' dir='ltr'><strong>non</strong></span> <span class='ocrx_word' id='word_1_336' title='bbox 1653 2966 1780 3021; x_wconf 88' lang='lat' dir='ltr'><strong>tulit</strong></span> <span class='ocrx_word' id='word_1_337' title='bbox 1813 2967 1866 3021; x_wconf 89' lang='lat' dir='ltr'><strong>id</strong></span> <span class='ocrx_word' id='word_1_338' title='bbox 1904 2966 2065 3040; x_wconf 61' lang='lat'><strong>533</strong></span> 
     </span>
    </p>
   </div>
   <div class='ocr_carea' id='block_1_53' title="bbox 2169 2966 3711 3044">
    <p class='ocr_par' dir='ltr' id='par_1_53' title="bbox 2170 2967 3711 3044">
     <span class='ocr_line' id='line_1_54' title="bbox 2170 2967 3711 3044; baseline 0.003 -23"><span class='ocrx_word' id='word_1_339' title='bbox 2170 2967 2249 3039; x_wconf 81' lang='grc' dir='ltr'>τῷ</span> <span class='ocrx_word' id='word_1_340' title='bbox 2283 2968 2560 3040; x_wconf 78' lang='grc' dir='ltr'>μισοκάλῳ</span> <span class='ocrx_word' id='word_1_341' title='bbox 2592 2969 2770 3041; x_wconf 84' lang='grc' dir='ltr'>φθόνῳ</span> <span class='ocrx_word' id='word_1_342' title='bbox 2801 2970 3012 3044; x_wconf 80' lang='grc' dir='ltr'>φορητὴ</span> <span class='ocrx_word' id='word_1_343' title='bbox 3050 2974 3084 3044; x_wconf 75' lang='grc' dir='ltr'><strong>η</strong></span> <span class='ocrx_word' id='word_1_344' title='bbox 3132 2971 3244 3025; x_wconf 85' lang='grc' dir='ltr'><strong>τῶν</strong></span> <span class='ocrx_word' id='word_1_345' title='bbox 3283 2973 3569 3044; x_wconf 83' lang='grc' dir='ltr'>γινομένων</span> <span class='ocrx_word' id='word_1_346' title='bbox 3600 2970 3711 3025; x_wconf 81' lang='grc' dir='ltr'><strong>θὲα’</strong></span> 
     </span>
    </p>
   </div>
   <div class='ocr_carea' id='block_1_54' title="bbox 487 3050 2065 3137">
    <p class='ocr_par' dir='ltr' id='par_1_54' title="bbox 487 3055 2061 3131">
     <span class='ocr_line' id='line_1_55' title="bbox 487 3055 2061 3131; baseline -0.003 -16"><span class='ocrx_word' id='word_1_347' title='bbox 487 3059 706 3131; x_wconf 75' lang='lat' dir='ltr'><strong>maligni</strong></span> <span class='ocrx_word' id='word_1_348' title='bbox 758 3057 1021 3113; x_wconf 65' lang='lat' dir='ltr'><strong>daemonis</strong></span> <span class='ocrx_word' id='word_1_349' title='bbox 1073 3055 1278 3111; x_wconf 80' lang='lat' dir='ltr'><strong>invidia</strong></span> <span class='ocrx_word' id='word_1_350' title='bbox 1329 3055 1490 3111; x_wconf 91' lang='lat' dir='ltr'><strong>bonis</strong></span> <span class='ocrx_word' id='word_1_351' title='bbox 1540 3056 1795 3112; x_wconf 85' lang='lat' dir='ltr'><strong>omnibus</strong></span> <span class='ocrx_word' id='word_1_352' title='bbox 1844 3057 2061 3111; x_wconf 70' lang='lat' dir='ltr'><strong>infesta.</strong></span> 
     </span>
    </p>
   </div>
   <div class='ocr_carea' id='block_1_55' title="bbox 2169 3050 3713 3137">
    <p class='ocr_par' dir='ltr' id='par_1_55' title="bbox 2169 3050 3713 3137">
     <span class='ocr_line' id='line_1_56' title="bbox 2169 3050 3713 3137; baseline 0.001 -23"><span class='ocrx_word' id='word_1_353' title='bbox 2169 3059 2358 3132; x_wconf 83' lang='grc' dir='ltr'>ὥσπερ</span> <span class='ocrx_word' id='word_1_354' title='bbox 2384 3057 2477 3116; x_wconf 79' lang='grc' dir='ltr'><strong>οὖν</strong></span> <span class='ocrx_word' id='word_1_355' title='bbox 2501 3062 2619 3115; x_wconf 78' lang='grc' dir='ltr'><strong>οὐδὲ</strong></span> <span class='ocrx_word' id='word_1_356' title='bbox 2651 3062 2730 3134; x_wconf 83' lang='grc' dir='ltr'>τῷ</span> <span class='ocrx_word' id='word_1_357' title='bbox 2746 3050 3161 3137; x_wconf 79' lang='grc' dir='ltr'>θάτερονμέρος</span> <span class='ocrx_word' id='word_1_358' title='bbox 3183 3065 3288 3136; x_wconf 75' lang='grc' dir='ltr'><strong>τῆς</strong></span> <span class='ocrx_word' id='word_1_359' title='bbox 3303 3064 3606 3135; x_wconf 72' lang='grc' dir='ltr'>οἰκουμένης</span> <span class='ocrx_word' id='word_1_360' title='bbox 3630 3079 3713 3116; x_wconf 58' lang='grc' dir='ltr'><strong>καί</strong></span> 
     </span>
    </p>
   </div>
   <div class='ocr_carea' id='block_1_56' title="bbox 486 3147 2065 3230">
    <p class='ocr_par' dir='ltr' id='par_1_56' title="bbox 486 3149 2064 3223">
     <span class='ocr_line' id='line_1_57' title="bbox 486 3149 2064 3223; baseline -0.006 -13"><span class='ocrx_word' id='word_1_361' title='bbox 486 3153 593 3209; x_wconf 85' lang='lat' dir='ltr'><strong>Sed</strong></span> <span class='ocrx_word' id='word_1_362' title='bbox 626 3168 802 3223; x_wconf 88' lang='lat' dir='ltr'><strong>neque</strong></span> <span class='ocrx_word' id='word_1_363' title='bbox 833 3161 1095 3222; x_wconf 88' lang='lat' dir='ltr'><strong>tyrannus</strong></span> <span class='ocrx_word' id='word_1_364' title='bbox 1124 3150 1218 3220; x_wconf 89' lang='lat' dir='ltr'><strong>qui</strong></span> <span class='ocrx_word' id='word_1_365' title='bbox 1250 3149 1477 3205; x_wconf 83' lang='lat' dir='ltr'><strong>alteram</strong></span> <span class='ocrx_word' id='word_1_366' title='bbox 1511 3160 1722 3220; x_wconf 85' lang='lat' dir='ltr'><strong>partem</strong></span> <span class='ocrx_word' id='word_1_367' title='bbox 1775 3149 1925 3204; x_wconf 87' lang='lat' dir='ltr'><strong>orbis</strong></span> <span class='ocrx_word' id='word_1_368' title='bbox 1954 3149 2064 3202; x_wconf 79' lang='lat' dir='ltr'><strong>Ru-</strong></span> 
     </span>
    </p>
   </div>
   <div class='ocr_carea' id='block_1_57' title="bbox 2169 3147 3715 3230">
    <p class='ocr_par' dir='ltr' id='par_1_57' title="bbox 2169 3152 3715 3230">
     <span class='ocr_line' id='line_1_58' title="bbox 2169 3152 3715 3230; baseline -0.002 -22"><span class='ocrx_word' id='word_1_369' title='bbox 2169 3154 2487 3208; x_wconf 84' lang='grc' dir='ltr'>ταπονοῦντι</span> <span class='ocrx_word' id='word_1_370' title='bbox 2516 3156 2786 3227; x_wconf 82' lang='grc' dir='ltr'>τυράννῳ,</span> <span class='ocrx_word' id='word_1_371' title='bbox 2820 3156 2881 3220; x_wconf 79' lang='grc' dir='ltr'>ὃς</span> <span class='ocrx_word' id='word_1_372' title='bbox 2910 3152 2970 3211; x_wconf 84' lang='grc' dir='ltr'><strong>εὖ</strong></span> <span class='ocrx_word' id='word_1_373' title='bbox 3006 3157 3313 3230; x_wconf 84' lang='grc' dir='ltr'><strong>φερομένης</strong></span> <span class='ocrx_word' id='word_1_374' title='bbox 3337 3158 3434 3230; x_wconf 80' lang='grc' dir='ltr'><strong>τῆς</strong></span> <span class='ocrx_word' id='word_1_375' title='bbox 3462 3156 3620 3228; x_wconf 85' lang='grc' dir='ltr'>ἀρχῆς</span> <span class='ocrx_word' id='word_1_376' title='bbox 3643 3153 3715 3207; x_wconf 70' lang='lat' dir='ltr'><strong>ait-</strong></span> 
     </span>
    </p>
   </div>
   <div class='ocr_carea' id='block_1_58' title="bbox 486 3241 2065 3323">
    <p class='ocr_par' dir='ltr' id='par_1_58' title="bbox 486 3241 2064 3313">
     <span class='ocr_line' id='line_1_59' title="bbox 486 3241 2064 3313; baseline -0.003 -14"><span class='ocrx_word' id='word_1_377' title='bbox 486 3245 630 3300; x_wconf 86' lang='lat' dir='ltr'><strong>mani</strong></span> <span class='ocrx_word' id='word_1_378' title='bbox 673 3244 1042 3300; x_wconf 86' lang='lat' dir='ltr'><strong>dominatione</strong></span> <span class='ocrx_word' id='word_1_379' title='bbox 1091 3258 1189 3297; x_wconf 85' lang='lat' dir='ltr'><strong>sua</strong></span> <span class='ocrx_word' id='word_1_380' title='bbox 1238 3242 1621 3313; x_wconf 82' lang='lat' dir='ltr'><strong>Opprimebat,</strong></span> <span class='ocrx_word' id='word_1_381' title='bbox 1674 3241 1726 3296; x_wconf 91' lang='lat' dir='ltr'><strong>id</strong></span> <span class='ocrx_word' id='word_1_382' title='bbox 1779 3241 2064 3295; x_wconf 80' lang='lat' dir='ltr'><strong>ferendum</strong></span> 
     </span>
    </p>
   </div>
   <div class='ocr_carea' id='block_1_59' title="bbox 2169 3241 3713 3323">
    <p class='ocr_par' dir='ltr' id='par_1_59' title="bbox 2169 3244 3713 3323">
     <span class='ocr_line' id='line_1_60' title="bbox 2169 3244 3713 3323; baseline -0.002 -23"><span class='ocrx_word' id='word_1_383' title='bbox 2169 3244 2267 3315; x_wconf 81' lang='grc' dir='ltr'>τῷ,</span> <span class='ocrx_word' id='word_1_384' title='bbox 2303 3248 2713 3303; x_wconf 75' lang='grc' dir='ltr'>Κωνσταντίνου</span> <span class='ocrx_word' id='word_1_385' title='bbox 2734 3265 2794 3302; x_wconf 88' lang='grc' dir='ltr'><strong>τε</strong></span> <span class='ocrx_word' id='word_1_386' title='bbox 2816 3248 3070 3323; x_wconf 76' lang='grc' dir='ltr'>τοσούτου</span> <span class='ocrx_word' id='word_1_387' title='bbox 3098 3248 3366 3320; x_wconf 86' lang='grc' dir='ltr'>βασιλέως</span> <span class='ocrx_word' id='word_1_388' title='bbox 3389 3247 3713 3320; x_wconf 74' lang='grc' dir='ltr'><strong>ἐπιγαμδρξας</strong></span> 
     </span>
    </p>
   </div>
   <div class='ocr_carea' id='block_1_60' title="bbox 484 3333 2065 3414">
    <p class='ocr_par' dir='ltr' id='par_1_60' title="bbox 484 3333 2065 3410">
     <span class='ocr_line' id='line_1_61' title="bbox 484 3333 2065 3410; baseline -0.003 -18"><span class='ocrx_word' id='word_1_389' title='bbox 484 3338 716 3410; x_wconf 79' lang='lat' dir='ltr'><strong>putavit.</strong></span> <span class='ocrx_word' id='word_1_390' title='bbox 762 3335 866 3403; x_wconf 89' lang='lat' dir='ltr'><strong>Qui</strong></span> <span class='ocrx_word' id='word_1_391' title='bbox 896 3351 1021 3390; x_wconf 91' lang='lat' dir='ltr'><strong>cum</strong></span> <span class='ocrx_word' id='word_1_392' title='bbox 1055 3350 1144 3390; x_wconf 91' lang='lat' dir='ltr'><strong>res</strong></span> <span class='ocrx_word' id='word_1_393' title='bbox 1174 3349 1304 3391; x_wconf 88' lang='lat' dir='ltr'><strong>suas</strong></span> <span class='ocrx_word' id='word_1_394' title='bbox 1330 3348 1593 3405; x_wconf 83' lang='lat' dir='ltr'><strong>prospero</strong></span> <span class='ocrx_word' id='word_1_395' title='bbox 1619 3349 1783 3387; x_wconf 88' lang='lat' dir='ltr'><strong>cursu</strong></span> <span class='ocrx_word' id='word_1_396' title='bbox 1831 3333 1960 3387; x_wconf 81' lang='lat' dir='ltr'><strong>ferri</strong></span> <span class='ocrx_word' id='word_1_397' title='bbox 1988 3333 2065 3388; x_wconf 89' lang='lat' dir='ltr'><strong>vi-</strong></span> 
     </span>
    </p>
   </div>
   <div class='ocr_carea' id='block_1_61' title="bbox 2169 3333 3715 3414">
    <p class='ocr_par' dir='ltr' id='par_1_61' title="bbox 2169 3338 3715 3414">
     <span class='ocr_line' id='line_1_62' title="bbox 2169 3338 3715 3414; baseline -0.004 -17"><span class='ocrx_word' id='word_1_398' title='bbox 2169 3338 2487 3411; x_wconf 76' lang='grc' dir='ltr'>ὴξιωμένος,</span> <span class='ocrx_word' id='word_1_399' title='bbox 2539 3342 2826 3413; x_wconf 88' lang='grc' dir='ltr'>μιμήσεως</span> <span class='ocrx_word' id='word_1_400' title='bbox 2867 3342 2967 3414; x_wconf 79' lang='grc' dir='ltr'><strong>μὲν</strong></span> <span class='ocrx_word' id='word_1_401' title='bbox 2997 3342 3091 3396; x_wconf 79' lang='grc' dir='ltr'>τοῦ</span> <span class='ocrx_word' id='word_1_402' title='bbox 3127 3342 3411 3412; x_wconf 81' lang='grc' dir='ltr'>θεοφιλοῦς</span> <span class='ocrx_word' id='word_1_403' title='bbox 3445 3339 3715 3411; x_wconf 77' lang='grc' dir='ltr'>ἀπελιμπά-</span> 
     </span>
    </p>
   </div>
   <div class='ocr_carea' id='block_1_62' title="bbox 485 3425 2065 3509">
    <p class='ocr_par' dir='ltr' id='par_1_62' title="bbox 485 3425 2064 3498">
     <span class='ocr_line' id='line_1_63' title="bbox 485 3425 2064 3498; baseline -0.002 -16"><span class='ocrx_word' id='word_1_404' title='bbox 485 3433 639 3486; x_wconf 80' lang='lat' dir='ltr'><strong>deret</strong></span> <span class='ocrx_word' id='word_1_405' title='bbox 673 3448 688 3485; x_wconf 89' lang='lat'><strong>:</strong></span> <span class='ocrx_word' id='word_1_406' title='bbox 726 3429 973 3497; x_wconf 87' lang='lat' dir='ltr'><strong>tantique</strong></span> <span class='ocrx_word' id='word_1_407' title='bbox 1026 3428 1295 3498; x_wconf 86' lang='lat' dir='ltr'><strong>principis</strong></span> <span class='ocrx_word' id='word_1_408' title='bbox 1338 3425 1603 3480; x_wconf 74' lang='lat' dir='ltr'><strong>aliinitate</strong></span> <span class='ocrx_word' id='word_1_409' title='bbox 1629 3434 1776 3481; x_wconf 86' lang='lat' dir='ltr'><strong>esset</strong></span> <span class='ocrx_word' id='word_1_410' title='bbox 1825 3426 2064 3480; x_wconf 88' lang='lat' dir='ltr'><strong>honora-</strong></span> 
     </span>
    </p>
   </div>
   <div class='ocr_carea' id='block_1_63' title="bbox 2169 3425 3712 3509">
    <p class='ocr_par' dir='ltr' id='par_1_63' title="bbox 2169 3432 3712 3509">
     <span class='ocr_line' id='line_1_64' title="bbox 2169 3432 3712 3509; baseline 0.001 -24"><span class='ocrx_word' id='word_1_411' title='bbox 2169 3449 2309 3496; x_wconf 89' lang='grc' dir='ltr'>νετο,</span> <span class='ocrx_word' id='word_1_412' title='bbox 2346 3434 2446 3505; x_wconf 80' lang='grc' dir='ltr'><strong>τῆς</strong></span> <span class='ocrx_word' id='word_1_413' title='bbox 2484 3434 2543 3488; x_wconf 71' lang='grc' dir='ltr'><strong>δὲ</strong></span> <span class='ocrx_word' id='word_1_414' title='bbox 2576 3434 2685 3488; x_wconf 86' lang='grc' dir='ltr'>τῶν</span> <span class='ocrx_word' id='word_1_415' title='bbox 2711 3435 2989 3491; x_wconf 79' lang='grc' dir='ltr'>δυσσεὸὦν</span> <span class='ocrx_word' id='word_1_416' title='bbox 3021 3435 3398 3509; x_wconf 87' lang='grc' dir='ltr'>προαιρέσεως</span> <span class='ocrx_word' id='word_1_417' title='bbox 3426 3434 3600 3506; x_wconf 78' lang='grc' dir='ltr'><strong>ἐζήλου</strong></span> <span class='ocrx_word' id='word_1_418' title='bbox 3632 3432 3712 3502; x_wconf 76' lang='grc' dir='ltr'><strong>τὴν</strong></span> 
     </span>
    </p>
   </div>
   <div class='ocr_carea' id='block_1_64' title="bbox 485 3519 2064 3592">
    <p class='ocr_par' dir='ltr' id='par_1_64' title="bbox 485 3519 2064 3592">
     <span class='ocr_line' id='line_1_65' title="bbox 485 3519 2064 3592; baseline -0.003 -14"><span class='ocrx_word' id='word_1_419' title='bbox 485 3534 612 3589; x_wconf 88' lang='lat' dir='ltr'><strong>tus;</strong></span> <span class='ocrx_word' id='word_1_420' title='bbox 644 3522 885 3592; x_wconf 73' lang='lat' dir='ltr'><strong>religiosi</strong></span> <span class='ocrx_word' id='word_1_421' title='bbox 915 3520 1140 3591; x_wconf 90' lang='lat' dir='ltr'><strong>quidem</strong></span> <span class='ocrx_word' id='word_1_422' title='bbox 1187 3519 1533 3589; x_wconf 88' lang='lat' dir='ltr'><strong>imperatoris</strong></span> <span class='ocrx_word' id='word_1_423' title='bbox 1574 3520 1883 3590; x_wconf 81' lang='lat' dir='ltr'><strong>exemplum</strong></span> <span class='ocrx_word' id='word_1_424' title='bbox 1913 3521 2064 3588; x_wconf 82' lang='lat' dir='ltr'><strong>sequi</strong></span> 
     </span>
    </p>
   </div>
   <div class='ocr_carea' id='block_1_65' title="bbox 486 3610 2068 3681">
    <p class='ocr_par' dir='ltr' id='par_1_65' title="bbox 486 3610 2068 3681">
     <span class='ocr_line' id='line_1_66' title="bbox 486 3610 2068 3681; baseline -0.001 -14"><span class='ocrx_word' id='word_1_425' title='bbox 486 3613 724 3681; x_wconf 75' lang='lat' dir='ltr'><strong>neglexit</strong></span> <span class='ocrx_word' id='word_1_426' title='bbox 758 3631 774 3668; x_wconf 91' lang='lat'><strong>:</strong></span> <span class='ocrx_word' id='word_1_427' title='bbox 811 3611 1102 3681; x_wconf 91' lang='lat' dir='ltr'><strong>impiorum</strong></span> <span class='ocrx_word' id='word_1_428' title='bbox 1141 3625 1270 3665; x_wconf 87' lang='lat' dir='ltr'><strong>vero</strong></span> <span class='ocrx_word' id='word_1_429' title='bbox 1300 3610 1551 3664; x_wconf 88' lang='lat' dir='ltr'><strong>instituta</strong></span> <span class='ocrx_word' id='word_1_430' title='bbox 1587 3620 1756 3679; x_wconf 88' lang='lat' dir='ltr'><strong>atque</strong></span> <span class='ocrx_word' id='word_1_431' title='bbox 1790 3611 2068 3680; x_wconf 80' lang='lat' dir='ltr'><strong>improbos</strong></span> 
     </span>
    </p>
   </div>
   <div class='ocr_carea' id='block_1_66' title="bbox 486 3702 2062 3772">
    <p class='ocr_par' dir='ltr' id='par_1_66' title="bbox 486 3702 2062 3772">
     <span class='ocr_line' id='line_1_67' title="bbox 486 3702 2062 3772; baseline -0.004 -10"><span class='ocrx_word' id='word_1_432' title='bbox 486 3721 668 3762; x_wconf 89' lang='lat' dir='ltr'><strong>mores</strong></span> <span class='ocrx_word' id='word_1_433' title='bbox 731 3705 940 3760; x_wconf 83' lang='lat' dir='ltr'><strong>studuit</strong></span> <span class='ocrx_word' id='word_1_434' title='bbox 1006 3702 1230 3758; x_wconf 85' lang='lat' dir='ltr'><strong>imitari.</strong></span> <span class='ocrx_word' id='word_1_435' title='bbox 1285 3704 1352 3758; x_wconf 84' lang='lat' dir='ltr'><strong>Et</strong></span> <span class='ocrx_word' id='word_1_436' title='bbox 1411 3718 1643 3772; x_wconf 90' lang='lat' dir='ltr'><strong>quorum</strong></span> <span class='ocrx_word' id='word_1_437' title='bbox 1695 3702 2062 3758; x_wconf 82' lang='lat' dir='ltr'><strong>miserabilem</strong></span> 
     </span>
    </p>
   </div>
   <div class='ocr_carea' id='block_1_67' title="bbox 483 3795 2063 3868">
    <p class='ocr_par' dir='ltr' id='par_1_67' title="bbox 483 3795 2063 3868">
     <span class='ocr_line' id='line_1_68' title="bbox 483 3795 2063 3868; baseline -0.005 -12"><span class='ocrx_word' id='word_1_438' title='bbox 483 3800 612 3856; x_wconf 63' lang='lat' dir='ltr'><strong>vita</strong></span> <span class='ocrx_word' id='word_1_439' title='bbox 639 3798 847 3853; x_wconf 78' lang='lat' dir='ltr'><strong>exitum</strong></span> <span class='ocrx_word' id='word_1_440' title='bbox 881 3799 997 3851; x_wconf 85' lang='lat' dir='ltr'><strong>suis</strong></span> <span class='ocrx_word' id='word_1_441' title='bbox 1045 3798 1161 3868; x_wconf 90' lang='lat' dir='ltr'><strong>ipse</strong></span> <span class='ocrx_word' id='word_1_442' title='bbox 1193 3795 1370 3851; x_wconf 90' lang='lat' dir='ltr'><strong>oculis</strong></span> <span class='ocrx_word' id='word_1_443' title='bbox 1418 3795 1796 3864; x_wconf 75' lang='lat' dir='ltr'><strong>conspexisset</strong></span> <span class='ocrx_word' id='word_1_444' title='bbox 1820 3835 1836 3860; x_wconf 90' lang='lat'><strong>,</strong></span> <span class='ocrx_word' id='word_1_445' title='bbox 1871 3809 2063 3850; x_wconf 88' lang='lat' dir='ltr'><strong>eorum</strong></span> 
     </span>
    </p>
   </div>
   <div class='ocr_carea' id='block_1_68' title="bbox 2169 3519 3715 3601">
    <p class='ocr_par' dir='ltr' id='par_1_68' title="bbox 2169 3519 3715 3601">
     <span class='ocr_line' id='line_1_69' title="bbox 2169 3519 3715 3601; baseline -0.001 -24"><span class='ocrx_word' id='word_1_446' title='bbox 2169 3526 2564 3597; x_wconf 82' lang='grc' dir='ltr'>κακοτροπίαν,</span> <span class='ocrx_word' id='word_1_447' title='bbox 2596 3527 2692 3581; x_wconf 69' lang='grc' dir='ltr'><strong>κα)⁸</strong></span> <span class='ocrx_word' id='word_1_448' title='bbox 2711 3519 2788 3581; x_wconf 83' lang='grc' dir='ltr'><strong>ὧν</strong></span> <span class='ocrx_word' id='word_1_449' title='bbox 2810 3528 2908 3582; x_wconf 79' lang='grc' dir='ltr'>τοῦ</span> <span class='ocrx_word' id='word_1_450' title='bbox 2935 3528 3052 3599; x_wconf 87' lang='grc' dir='ltr'>βίου</span> <span class='ocrx_word' id='word_1_451' title='bbox 3081 3529 3181 3599; x_wconf 82' lang='grc' dir='ltr'><strong>τὴν</strong></span> <span class='ocrx_word' id='word_1_452' title='bbox 3205 3527 3573 3601; x_wconf 78' lang='grc' dir='ltr'>καταστροφὴν</span> <span class='ocrx_word' id='word_1_453' title='bbox 3596 3524 3715 3577; x_wconf 52' lang='lat' dir='ltr'><strong>Etsi‘</strong></span> 
     </span>
    </p>
   </div>
   <div class='ocr_carea' id='block_1_69' title="bbox 2170 3612 3701 3691">
    <p class='ocr_par' dir='ltr' id='par_1_69' title="bbox 2170 3612 3701 3691">
     <span class='ocr_line' id='line_1_70' title="bbox 2170 3612 3701 3691; baseline 0.003 -22"><span class='ocrx_word' id='word_1_454' title='bbox 2170 3615 2260 3669; x_wconf 83' lang='grc' dir='ltr'><strong>δεν</strong></span> <span class='ocrx_word' id='word_1_455' title='bbox 2286 3617 2470 3680; x_wconf 75' lang='grc' dir='ltr'>αὐτοῖς</span> <span class='ocrx_word' id='word_1_456' title='bbox 2493 3617 2812 3689; x_wconf 77' lang='grc' dir='ltr'>ὀφθαλμοῖς,</span> <span class='ocrx_word' id='word_1_457' title='bbox 2837 3619 3042 3674; x_wconf 89' lang='grc' dir='ltr'>τούτων</span> <span class='ocrx_word' id='word_1_458' title='bbox 3063 3618 3290 3675; x_wconf 69' lang='grc' dir='ltr'>ἔπεσθαι</span> <span class='ocrx_word' id='word_1_459' title='bbox 3315 3621 3381 3691; x_wconf 80' lang='grc' dir='ltr'><strong>τῇ</strong></span> <span class='ocrx_word' id='word_1_460' title='bbox 3412 3617 3591 3690; x_wconf 79' lang='grc' dir='ltr'>γνώμῃ</span> <span class='ocrx_word' id='word_1_461' title='bbox 3613 3612 3701 3686; x_wconf 74' lang='grc' dir='ltr'><strong>μᾶλ</strong></span> 
     </span>
    </p>
   </div>
   <div class='ocr_carea' id='block_1_70' title="bbox 2171 3705 3713 3784">
    <p class='ocr_par' dir='ltr' id='par_1_70' title="bbox 2171 3705 3713 3784">
     <span class='ocr_line' id='line_1_71' title="bbox 2171 3705 3713 3784; baseline 0 -24"><span class='ocrx_word' id='word_1_462' title='bbox 2171 3705 2282 3771; x_wconf 86' lang='grc' dir='ltr'>λον,</span> <span class='ocrx_word' id='word_1_463' title='bbox 2306 3708 2339 3779; x_wconf 74' lang='grc' dir='ltr'>ἢ</span> <span class='ocrx_word' id='word_1_464' title='bbox 2375 3712 2496 3774; x_wconf 83' lang='grc' dir='ltr'>ταῖς</span> <span class='ocrx_word' id='word_1_465' title='bbox 2520 3709 2616 3764; x_wconf 82' lang='grc' dir='ltr'><strong>τοῦ</strong></span> <span class='ocrx_word' id='word_1_466' title='bbox 2646 3711 2955 3784; x_wconf 86' lang='grc' dir='ltr'>κρείττονος</span> <span class='ocrx_word' id='word_1_467' title='bbox 2979 3711 3219 3783; x_wconf 78' lang='grc' dir='ltr'>φιλικαῖς</span> <span class='ocrx_word' id='word_1_468' title='bbox 3249 3710 3452 3778; x_wconf 80' lang='grc' dir='ltr'>δεξιαῖς</span> <span class='ocrx_word' id='word_1_469' title='bbox 3476 3710 3576 3782; x_wconf 81' lang='lat' dir='ltr'><strong>(lli</strong></span> <span class='ocrx_word' id='word_1_470' title='bbox 3599 3709 3713 3761; x_wconf 66' lang='lat' dir='ltr'><strong>imo</strong></span> 
     </span>
    </p>
   </div>
   <div class='ocr_carea' id='block_1_71' title="bbox 2174 3817 2324 3873">
    <p class='ocr_par' dir='ltr' id='par_1_71' title="bbox 2174 3817 2324 3873">
     <span class='ocr_line' id='line_1_72' title="bbox 2174 3817 2324 3873; baseline 0.013 -19"><span class='ocrx_word' id='word_1_471' title='bbox 2174 3817 2324 3873; x_wconf 87' lang='grc' dir='ltr'>ρατο.</span> 
     </span>
    </p>
   </div>
   <div class='ocr_carea' id='block_1_72' title="bbox 484 3887 3713 3972">
    <p class='ocr_par' dir='ltr' id='par_1_72' title="bbox 484 3887 3713 3972">
     <span class='ocr_line' id='line_1_73' title="bbox 484 3887 3713 3972; baseline 0 -24"><span class='ocrx_word' id='word_1_472' title='bbox 484 3890 711 3948; x_wconf 89' lang='lat' dir='ltr'><strong>consilia</strong></span> <span class='ocrx_word' id='word_1_473' title='bbox 738 3890 892 3960; x_wconf 84' lang='lat' dir='ltr'><strong>sequi</strong></span> <span class='ocrx_word' id='word_1_474' title='bbox 930 3889 1140 3960; x_wconf 87' lang='lat' dir='ltr'><strong>maluit,</strong></span> <span class='ocrx_word' id='word_1_475' title='bbox 1172 3903 1340 3960; x_wconf 87' lang='lat' dir='ltr'><strong>quam</strong></span> <span class='ocrx_word' id='word_1_476' title='bbox 1379 3888 1434 3942; x_wconf 90' lang='lat' dir='ltr'><strong>in</strong></span> <span class='ocrx_word' id='word_1_477' title='bbox 1464 3887 1709 3942; x_wconf 87' lang='lat' dir='ltr'><strong>amicitia</strong></span> <span class='ocrx_word' id='word_1_478' title='bbox 1743 3896 1800 3942; x_wconf 91' lang='lat' dir='ltr'><strong>et</strong></span> <span class='ocrx_word' id='word_1_479' title='bbox 1870 3888 2160 3946; x_wconf 85' lang='lat' dir='ltr'><strong>concordia</strong></span> <span class='ocrx_word' id='word_1_480' title='bbox 2216 3910 2340 3950; x_wconf 83' lang='lat' dir='ltr'><strong>cum</strong></span> <span class='ocrx_word' id='word_1_481' title='bbox 2384 3911 2452 3954; x_wconf 88' lang='lat' dir='ltr'><strong>eo</strong></span> <span class='ocrx_word' id='word_1_482' title='bbox 2482 3897 2575 3970; x_wconf 91' lang='lat' dir='ltr'><strong>qui</strong></span> <span class='ocrx_word' id='word_1_483' title='bbox 2620 3898 2969 3970; x_wconf 68' lang='lat' dir='ltr'><strong>prmsmntior</strong></span> <span class='ocrx_word' id='word_1_484' title='bbox 3024 3908 3144 3955; x_wconf 88' lang='lat' dir='ltr'><strong>erat</strong></span> <span class='ocrx_word' id='word_1_485' title='bbox 3192 3915 3260 3956; x_wconf 86' lang='lat' dir='ltr'><strong>ac</strong></span> <span class='ocrx_word' id='word_1_486' title='bbox 3315 3899 3512 3972; x_wconf 90' lang='lat' dir='ltr'><strong>potior,</strong></span> <span class='ocrx_word' id='word_1_487' title='bbox 3536 3905 3713 3965; x_wconf 78' lang='lat' dir='ltr'><strong>perma-</strong></span> 
     </span>
    </p>
   </div>
   <div class='ocr_carea' id='block_1_73' title="bbox 486 4000 619 4042">
    <p class='ocr_par' dir='ltr' id='par_1_73' title="bbox 486 4000 619 4042">
     <span class='ocr_line' id='line_1_74' title="bbox 486 4000 619 4042; baseline -0.008 0"><span class='ocrx_word' id='word_1_488' title='bbox 486 4000 619 4042; x_wconf 80' lang='lat' dir='ltr'><strong>nere</strong></span> 
     </span>
    </p>
   </div>
   <div class='ocr_carea' id='block_1_74' title="bbox 1105 4074 1432 4133">
    <p class='ocr_par' dir='ltr' id='par_1_74' title="bbox 1105 4074 1432 4133">
     <span class='ocr_line' id='line_1_75' title="bbox 1105 4074 1432 4133; baseline -0.006 0"><span class='ocrx_word' id='word_1_489' title='bbox 1105 4074 1334 4133; x_wconf 68' lang='lat' dir='ltr'><strong>CAPUT</strong></span> <span class='ocrx_word' id='word_1_490' title='bbox 1372 4075 1432 4131; x_wconf 84' lang='lat' dir='ltr'><strong>L.</strong></span> 
     </span>
    </p>
   </div>
   <div class='ocr_carea' id='block_1_75' title="bbox 591 4169 1951 4238">
    <p class='ocr_par' dir='ltr' id='par_1_75' title="bbox 591 4169 1951 4238">
     <span class='ocr_line' id='line_1_76' title="bbox 591 4169 1951 4238; baseline 0.002 -14"><span class='ocrx_word' id='word_1_491' title='bbox 591 4170 865 4238; x_wconf 82' lang='lat' dir='ltr'><strong>Quomodo</strong></span> <span class='ocrx_word' id='word_1_492' title='bbox 889 4169 1127 4225; x_wconf 81' lang='lat' dir='ltr'><strong>Licinius</strong></span> <span class='ocrx_word' id='word_1_493' title='bbox 1151 4169 1501 4223; x_wconf 81' lang='lat' dir='ltr'><strong>Constantino</strong></span> <span class='ocrx_word' id='word_1_494' title='bbox 1538 4169 1828 4224; x_wconf 80' lang='lat' dir='ltr'><strong>insidiatus</strong></span> <span class='ocrx_word' id='word_1_495' title='bbox 1857 4171 1951 4227; x_wconf 79' lang='lat' dir='ltr'><strong>sit.</strong></span> 
     </span>
    </p>
   </div>
   <div class='ocr_carea' id='block_1_76' title="bbox 2716 4075 3226 4131">
    <p class='ocr_par' dir='ltr' id='par_1_76' title="bbox 2716 4075 3226 4131">
     <span class='ocr_line' id='line_1_77' title="bbox 2716 4075 3226 4131; baseline 0.006 -3"><span class='ocrx_word' id='word_1_496' title='bbox 2716 4075 3116 4130; x_wconf 78' lang='grc' dir='ltr'><strong>ΚΕΦΑΛΔῙΟΝ</strong></span> <span class='ocrx_word' id='word_1_497' title='bbox 3143 4077 3226 4131; x_wconf 86' lang='lat' dir='ltr'><strong>N&#39;.</strong></span> 
     </span>
    </p>
   </div>
   <div class='ocr_carea' id='block_1_77' title="bbox 2176 4166 3710 4238">
    <p class='ocr_par' dir='ltr' id='par_1_77' title="bbox 2176 4166 3710 4238">
     <span class='ocr_line' id='line_1_78' title="bbox 2176 4166 3710 4238; baseline -0.002 -15"><span class='ocrx_word' id='word_1_498' title='bbox 2176 4169 2375 4235; x_wconf 83' lang='grc' dir='ltr'><strong>Ὅπως</strong></span> <span class='ocrx_word' id='word_1_499' title='bbox 2394 4168 2826 4238; x_wconf 77' lang='grc' dir='ltr'><strong>Κωνσταντίνῳ</strong></span> <span class='ocrx_word' id='word_1_500' title='bbox 2844 4172 3111 4238; x_wconf 80' lang='grc' dir='ltr'>Λικίνιος</span> <span class='ocrx_word' id='word_1_501' title='bbox 3127 4171 3535 4225; x_wconf 72' lang='grc' dir='ltr'>ἐπιϐουλεύειν</span> <span class='ocrx_word' id='word_1_502' title='bbox 3547 4166 3710 4237; x_wconf 70' lang='grc' dir='ltr'>ἤθελε.</span> 
     </span>
    </p>
   </div>
   <div class='ocr_carea' id='block_1_78' title="bbox 557 4257 2065 4336">
    <p class='ocr_par' dir='ltr' id='par_1_78' title="bbox 557 4260 2059 4332">
     <span class='ocr_line' id='line_1_79' title="bbox 557 4260 2059 4332; baseline -0.001 -15"><span class='ocrx_word' id='word_1_503' title='bbox 557 4264 757 4319; x_wconf 85' lang='lat' dir='ltr'><strong>Bellum</strong></span> <span class='ocrx_word' id='word_1_504' title='bbox 785 4264 950 4332; x_wconf 82' lang='lat' dir='ltr'><strong>igitur</strong></span> <span class='ocrx_word' id='word_1_505' title='bbox 985 4260 1319 4332; x_wconf 73' lang='lat' dir='ltr'><strong>inexpiabile</strong></span> <span class='ocrx_word' id='word_1_506' title='bbox 1349 4261 1555 4314; x_wconf 81' lang='lat' dir='ltr'><strong>homini</strong></span> <span class='ocrx_word' id='word_1_507' title='bbox 1590 4260 1729 4315; x_wconf 87' lang='lat' dir='ltr'><strong>bene</strong></span> <span class='ocrx_word' id='word_1_508' title='bbox 1760 4261 1830 4316; x_wconf 91' lang='lat' dir='ltr'><strong>de</strong></span> <span class='ocrx_word' id='word_1_509' title='bbox 1864 4276 1923 4317; x_wconf 88' lang='lat' dir='ltr'><strong>se</strong></span> <span class='ocrx_word' id='word_1_510' title='bbox 1947 4277 2059 4316; x_wconf 41' lang='lat' dir='ltr'><strong>me.</strong></span> 
     </span>
    </p>
   </div>
   <div class='ocr_carea' id='block_1_79' title="bbox 2169 4257 3711 4336">
    <p class='ocr_par' dir='ltr' id='par_1_79' title="bbox 2242 4257 3711 4336">
     <span class='ocr_line' id='line_1_80' title="bbox 2242 4257 3711 4336; baseline 0.002 -22"><span class='ocrx_word' id='word_1_511' title='bbox 2242 4260 2484 4331; x_wconf 86' lang='grc' dir='ltr'>Πόλεμον</span> <span class='ocrx_word' id='word_1_512' title='bbox 2502 4260 2546 4313; x_wconf 85' lang='grc' dir='ltr'><strong>δ’</strong></span> <span class='ocrx_word' id='word_1_513' title='bbox 2567 4257 2659 4315; x_wconf 76' lang='grc' dir='ltr'><strong>οὖν</strong></span> <span class='ocrx_word' id='word_1_514' title='bbox 2674 4262 2937 4316; x_wconf 74' lang='grc' dir='ltr'><strong>ἄσπονδον</strong></span> <span class='ocrx_word' id='word_1_515' title='bbox 2954 4263 3089 4334; x_wconf 87' lang='grc' dir='ltr'>πρὸς</span> <span class='ocrx_word' id='word_1_516' title='bbox 3105 4263 3198 4317; x_wconf 87' lang='grc' dir='ltr'><strong>τὸν</strong></span> <span class='ocrx_word' id='word_1_517' title='bbox 3215 4264 3505 4336; x_wconf 82' lang='grc' dir='ltr'>εὐεργέτην</span> <span class='ocrx_word' id='word_1_518' title='bbox 3519 4262 3711 4332; x_wconf 69' lang='grc' dir='ltr'><strong>αἴρεται,</strong></span> 
     </span>
    </p>
   </div>
   <div class='ocr_carea' id='block_1_80' title="bbox 485 4346 2065 4426">
    <p class='ocr_par' dir='ltr' id='par_1_80' title="bbox 485 4352 2065 4421">
     <span class='ocr_line' id='line_1_81' title="bbox 485 4352 2065 4421; baseline -0.002 -11"><span class='ocrx_word' id='word_1_519' title='bbox 485 4357 591 4410; x_wconf 88' lang='lat' dir='ltr'><strong>rito</strong></span> <span class='ocrx_word' id='word_1_520' title='bbox 623 4353 837 4421; x_wconf 80' lang='lat' dir='ltr'><strong>intulit;</strong></span> <span class='ocrx_word' id='word_1_521' title='bbox 865 4369 964 4407; x_wconf 91' lang='lat' dir='ltr'><strong>nec</strong></span> <span class='ocrx_word' id='word_1_522' title='bbox 990 4352 1251 4407; x_wconf 65' lang='lat' dir='ltr'><strong>amicitiae</strong></span> <span class='ocrx_word' id='word_1_523' title='bbox 1277 4352 1427 4420; x_wconf 82' lang='lat' dir='ltr'><strong>jura,</strong></span> <span class='ocrx_word' id='word_1_524' title='bbox 1458 4367 1557 4405; x_wconf 87' lang='lat' dir='ltr'><strong>nec</strong></span> <span class='ocrx_word' id='word_1_525' title='bbox 1596 4364 2065 4408; x_wconf 83' lang='lat' dir='ltr'><strong>sacramentorum</strong></span> 
     </span>
    </p>
   </div>
   <div class='ocr_carea' id='block_1_81' title="bbox 2169 4346 3713 4426">
    <p class='ocr_par' dir='ltr' id='par_1_81' title="bbox 2170 4346 3713 4426">
     <span class='ocr_line' id='line_1_82' title="bbox 2170 4346 3713 4426; baseline 0 -22"><span class='ocrx_word' id='word_1_526' title='bbox 2170 4352 2231 4404; x_wconf 82' lang='grc' dir='ltr'>ού</span> <span class='ocrx_word' id='word_1_527' title='bbox 2252 4350 2478 4421; x_wconf 82' lang='grc' dir='ltr'>φιλικῶν</span> <span class='ocrx_word' id='word_1_528' title='bbox 2500 4352 2700 4423; x_wconf 87' lang='grc' dir='ltr'>νόμων,</span> <span class='ocrx_word' id='word_1_529' title='bbox 2732 4353 2831 4423; x_wconf 87' lang='grc' dir='ltr'>ούχ</span> <span class='ocrx_word' id='word_1_530' title='bbox 2849 4353 3227 4426; x_wconf 84' lang='grc' dir='ltr'>ὁρκωμοσιῶν,</span> <span class='ocrx_word' id='word_1_531' title='bbox 3246 4355 3308 4407; x_wconf 80' lang='grc' dir='ltr'>ού</span> <span class='ocrx_word' id='word_1_532' title='bbox 3336 4353 3646 4423; x_wconf 80' lang='grc' dir='ltr'>συγγενείας,</span> <span class='ocrx_word' id='word_1_533' title='bbox 3663 4346 3713 4400; x_wconf 73' lang='grc' dir='ltr'>οὗ</span> 
     </span>
    </p>
   </div>
   <div class='ocr_carea' id='block_1_82' title="bbox 485 4443 2065 4518">
    <p class='ocr_par' dir='ltr' id='par_1_82' title="bbox 485 4445 2065 4518">
     <span class='ocr_line' id='line_1_83' title="bbox 485 4445 2065 4518; baseline -0.001 -16"><span class='ocrx_word' id='word_1_534' title='bbox 485 4448 826 4518; x_wconf 79' lang='lat' dir='ltr'><strong>religionem,</strong></span> <span class='ocrx_word' id='word_1_535' title='bbox 859 4461 958 4502; x_wconf 89' lang='lat' dir='ltr'><strong>nec</strong></span> <span class='ocrx_word' id='word_1_536' title='bbox 983 4448 1199 4516; x_wconf 78' lang='lat' dir='ltr'><strong>generis</strong></span> <span class='ocrx_word' id='word_1_537' title='bbox 1222 4445 1706 4506; x_wconf 84' lang='lat' dir='ltr'><strong>necessitudinem.</strong></span> <span class='ocrx_word' id='word_1_538' title='bbox 1736 4462 1835 4501; x_wconf 91' lang='lat' dir='ltr'><strong>nec</strong></span> <span class='ocrx_word' id='word_1_539' title='bbox 1862 4447 2065 4502; x_wconf 68' lang='lat' dir='ltr'><strong>hedera</strong></span> 
     </span>
    </p>
   </div>
   <div class='ocr_carea' id='block_1_83' title="bbox 2169 4443 3715 4518">
    <p class='ocr_par' dir='ltr' id='par_1_83' title="bbox 2173 4443 3715 4517">
     <span class='ocr_line' id='line_1_84' title="bbox 2173 4443 3715 4517; baseline -0.003 -19"><span class='ocrx_word' id='word_1_540' title='bbox 2173 4444 2457 4516; x_wconf 81' lang='grc' dir='ltr'>συνθηκῶν</span> <span class='ocrx_word' id='word_1_541' title='bbox 2478 4447 2700 4517; x_wconf 84' lang='grc' dir='ltr'>μνήμην</span> <span class='ocrx_word' id='word_1_542' title='bbox 2719 4447 2777 4498; x_wconf 84' lang='grc' dir='ltr'>ἐν</span> <span class='ocrx_word' id='word_1_543' title='bbox 2796 4445 3003 4517; x_wconf 77' lang='grc' dir='ltr'>διανοίᾳ</span> <span class='ocrx_word' id='word_1_544' title='bbox 3017 4446 3332 4517; x_wconf 76' lang='grc' dir='ltr'>λαμϐάνων.</span> <span class='ocrx_word' id='word_1_545' title='bbox 3361 4449 3417 4499; x_wconf 91' lang='grc' dir='ltr'><strong>Ὀ</strong></span> <span class='ocrx_word' id='word_1_546' title='bbox 3436 4447 3527 4517; x_wconf 82' lang='grc' dir='ltr'><strong>μὲν</strong></span> <span class='ocrx_word' id='word_1_547' title='bbox 3541 4443 3634 4514; x_wconf 73' lang='grc' dir='ltr'>γὰρ</span> <span class='ocrx_word' id='word_1_548' title='bbox 3647 4458 3715 4507; x_wconf 78' lang='grc' dir='ltr'>φι-</span> 
     </span>
    </p>
   </div>
   <div class='ocr_carea' id='block_1_84' title="bbox 485 4532 2065 4610">
    <p class='ocr_par' dir='ltr' id='par_1_84' title="bbox 485 4536 2065 4610">
     <span class='ocr_line' id='line_1_85' title="bbox 485 4536 2065 4610; baseline -0.002 -16"><span class='ocrx_word' id='word_1_549' title='bbox 485 4541 538 4594; x_wconf 90' lang='lat' dir='ltr'><strong>in</strong></span> <span class='ocrx_word' id='word_1_550' title='bbox 565 4541 879 4594; x_wconf 85' lang='lat' dir='ltr'><strong>memoriam</strong></span> <span class='ocrx_word' id='word_1_551' title='bbox 908 4554 1192 4593; x_wconf 85' lang='lat' dir='ltr'><strong>revocans.</strong></span> <span class='ocrx_word' id='word_1_552' title='bbox 1236 4536 1369 4593; x_wconf 78' lang='lat' dir='ltr'><strong>Nam</strong></span> <span class='ocrx_word' id='word_1_553' title='bbox 1396 4537 1792 4594; x_wconf 82' lang='lat' dir='ltr'><strong>Constantinus</strong></span> <span class='ocrx_word' id='word_1_554' title='bbox 1822 4541 2065 4610; x_wconf 86' lang='lat' dir='ltr'><strong>quidem,</strong></span> 
     </span>
    </p>
   </div>
   <div class='ocr_carea' id='block_1_85' title="bbox 2169 4532 3715 4610">
    <p class='ocr_par' dir='ltr' id='par_1_85' title="bbox 2170 4532 3715 4609">
     <span class='ocr_line' id='line_1_86' title="bbox 2170 4532 3715 4609; baseline -0.003 -19"><span class='ocrx_word' id='word_1_555' title='bbox 2170 4537 2298 4590; x_wconf 89' lang='grc' dir='ltr'>λανθ</span> <span class='ocrx_word' id='word_1_556' title='bbox 2309 4537 2623 4609; x_wconf 82' lang='grc' dir='ltr'>ρωπότατος</span> <span class='ocrx_word' id='word_1_557' title='bbox 2638 4536 2847 4599; x_wconf 79' lang='grc' dir='ltr'>εὐνοίας</span> <span class='ocrx_word' id='word_1_558' title='bbox 2859 4537 3009 4607; x_wconf 86' lang='grc' dir='ltr'>αύτῴ</span> <span class='ocrx_word' id='word_1_559' title='bbox 3026 4538 3285 4609; x_wconf 79' lang='grc' dir='ltr'>παρέχων</span> <span class='ocrx_word' id='word_1_560' title='bbox 3299 4536 3527 4608; x_wconf 73' lang='grc' dir='ltr'>ἀληθοῦς</span> <span class='ocrx_word' id='word_1_561' title='bbox 3551 4532 3715 4604; x_wconf 66' lang='grc' dir='ltr'><strong>σύμϐοδ</strong></span> 
     </span>
    </p>
   </div>
   <div class='ocr_carea' id='block_1_86' title="bbox 486 4620 2065 4703">
    <p class='ocr_par' dir='ltr' id='par_1_86' title="bbox 486 4630 2065 4703">
     <span class='ocr_line' id='line_1_87' title="bbox 486 4630 2065 4703; baseline 0.001 -18"><span class='ocrx_word' id='word_1_562' title='bbox 486 4642 669 4701; x_wconf 88' lang='lat' dir='ltr'><strong>utpote</strong></span> <span class='ocrx_word' id='word_1_563' title='bbox 690 4633 1110 4703; x_wconf 80' lang='lat' dir='ltr'><strong>benignissimus</strong></span> <span class='ocrx_word' id='word_1_564' title='bbox 1134 4630 1418 4701; x_wconf 88' lang='lat' dir='ltr'><strong>princeps,</strong></span> <span class='ocrx_word' id='word_1_565' title='bbox 1446 4644 1553 4700; x_wconf 87' lang='lat' dir='ltr'><strong>quo</strong></span> <span class='ocrx_word' id='word_1_566' title='bbox 1580 4631 1812 4686; x_wconf 65' lang='lat' dir='ltr'><strong>sincerae</strong></span> <span class='ocrx_word' id='word_1_567' title='bbox 1837 4634 2065 4687; x_wconf 52' lang='lat' dir='ltr'><strong>bent-vo.</strong></span> 
     </span>
    </p>
   </div>
   <div class='ocr_carea' id='block_1_87' title="bbox 2169 4620 3714 4703">
    <p class='ocr_par' dir='ltr' id='par_1_87' title="bbox 2169 4620 3714 4700">
     <span class='ocr_line' id='line_1_88' title="bbox 2169 4620 3714 4700; baseline -0.006 -18"><span class='ocrx_word' id='word_1_568' title='bbox 2169 4629 2279 4694; x_wconf 88' lang='grc' dir='ltr'>λον,</span> <span class='ocrx_word' id='word_1_569' title='bbox 2318 4628 2572 4700; x_wconf 82' lang='grc' dir='ltr'>πατέρων</span> <span class='ocrx_word' id='word_1_570' title='bbox 2604 4628 2943 4697; x_wconf 84' lang='grc' dir='ltr'>συγγενείας,</span> <span class='ocrx_word' id='word_1_571' title='bbox 2989 4627 3271 4698; x_wconf 76' lang='grc' dir='ltr'>βασιλικοῦ</span> <span class='ocrx_word' id='word_1_572' title='bbox 3303 4629 3351 4681; x_wconf 83' lang='grc' dir='ltr'>τ’</span> <span class='ocrx_word' id='word_1_573' title='bbox 3386 4624 3627 4681; x_wconf 84' lang='grc' dir='ltr'>ἀνέκαθεν</span> <span class='ocrx_word' id='word_1_574' title='bbox 3651 4620 3714 4674; x_wconf 74' lang='grc' dir='ltr'><strong>αἶ-</strong></span> 
     </span>
    </p>
   </div>
   <div class='ocr_carea' id='block_1_88' title="bbox 484 4719 2065 4794">
    <p class='ocr_par' dir='ltr' id='par_1_88' title="bbox 484 4722 2065 4792">
     <span class='ocr_line' id='line_1_89' title="bbox 484 4722 2065 4792; baseline 0 -16"><span class='ocrx_word' id='word_1_575' title='bbox 484 4724 661 4779; x_wconf 70' lang='lat' dir='ltr'><strong>lentite</strong></span> <span class='ocrx_word' id='word_1_576' title='bbox 689 4724 1055 4779; x_wconf 87' lang='lat' dir='ltr'><strong>certissimum</strong></span> <span class='ocrx_word' id='word_1_577' title='bbox 1080 4722 1129 4775; x_wconf 90' lang='lat' dir='ltr'><strong>ei</strong></span> <span class='ocrx_word' id='word_1_578' title='bbox 1159 4731 1547 4792; x_wconf 87' lang='lat' dir='ltr'><strong>argumentum</strong></span> <span class='ocrx_word' id='word_1_579' title='bbox 1590 4723 1749 4777; x_wconf 84' lang='lat' dir='ltr'><strong>daret</strong></span> <span class='ocrx_word' id='word_1_580' title='bbox 1771 4762 1787 4784; x_wconf 86' lang='lat'><strong>,</strong></span> <span class='ocrx_word' id='word_1_581' title='bbox 1829 4734 2065 4792; x_wconf 73' lang='lat' dir='ltr'><strong>paterna:</strong></span> 
     </span>
    </p>
   </div>
   <div class='ocr_carea' id='block_1_89' title="bbox 2169 4719 3714 4794">
    <p class='ocr_par' dir='ltr' id='par_1_89' title="bbox 2171 4719 3714 4794">
     <span class='ocr_line' id='line_1_90' title="bbox 2171 4719 3714 4794; baseline -0.006 -19"><span class='ocrx_word' id='word_1_582' title='bbox 2171 4739 2340 4794; x_wconf 87' lang='grc' dir='ltr'>ματος</span> <span class='ocrx_word' id='word_1_583' title='bbox 2387 4721 2643 4776; x_wconf 81' lang='grc' dir='ltr'>κοινωνὸν</span> <span class='ocrx_word' id='word_1_584' title='bbox 2693 4721 2968 4791; x_wconf 85' lang='grc' dir='ltr'>γενέσθαι,</span> <span class='ocrx_word' id='word_1_585' title='bbox 3021 4723 3187 4794; x_wconf 78' lang='grc' dir='ltr'>γάμῳ</span> <span class='ocrx_word' id='word_1_586' title='bbox 3230 4722 3329 4794; x_wconf 77' lang='grc' dir='ltr'><strong>τὴν</strong></span> <span class='ocrx_word' id='word_1_587' title='bbox 3368 4719 3586 4790; x_wconf 79' lang='grc' dir='ltr'>ἀδελφὴν</span> <span class='ocrx_word' id='word_1_588' title='bbox 3616 4731 3714 4768; x_wconf 82' lang='grc' dir='ltr'>συν·</span> 
     </span>
    </p>
   </div>
   <div class='ocr_carea' id='block_1_90' title="bbox 483 4807 2065 4887">
    <p class='ocr_par' dir='ltr' id='par_1_90' title="bbox 483 4813 2065 4887">
     <span class='ocr_line' id='line_1_91' title="bbox 483 4813 2065 4887; baseline -0.001 -17"><span class='ocrx_word' id='word_1_589' title='bbox 483 4817 673 4887; x_wconf 70' lang='grc' dir='ltr'>ειὶνρῖε</span> <span class='ocrx_word' id='word_1_590' title='bbox 710 4816 1074 4879; x_wconf 85' lang='lat' dir='ltr'><strong>nobilitatem,</strong></span> <span class='ocrx_word' id='word_1_591' title='bbox 1106 4822 1161 4869; x_wconf 86' lang='lat' dir='ltr'><strong>et</strong></span> <span class='ocrx_word' id='word_1_592' title='bbox 1184 4815 1525 4884; x_wconf 83' lang='lat' dir='ltr'><strong>imperatorii</strong></span> <span class='ocrx_word' id='word_1_593' title='bbox 1546 4813 1658 4884; x_wconf 78' lang='lat' dir='ltr'><strong>jam</strong></span> <span class='ocrx_word' id='word_1_594' title='bbox 1685 4815 1814 4870; x_wconf 88' lang='lat' dir='ltr'><strong>inde</strong></span> <span class='ocrx_word' id='word_1_595' title='bbox 1839 4832 1868 4869; x_wconf 88' lang='lat' dir='ltr'><strong>a</strong></span> <span class='ocrx_word' id='word_1_596' title='bbox 1905 4816 2065 4885; x_wconf 52' lang='lat' dir='ltr'><strong>maio.</strong></span> 
     </span>
    </p>
   </div>
   <div class='ocr_carea' id='block_1_91' title="bbox 2169 4807 3714 4887">
    <p class='ocr_par' dir='ltr' id='par_1_91' title="bbox 2169 4807 3714 4886">
     <span class='ocr_line' id='line_1_92' title="bbox 2169 4807 3714 4886; baseline -0.008 -16"><span class='ocrx_word' id='word_1_597' title='bbox 2169 4815 2333 4886; x_wconf 72' lang='grc' dir='ltr'>ἅψας,</span> <span class='ocrx_word' id='word_1_598' title='bbox 2360 4816 2462 4886; x_wconf 81' lang='grc' dir='ltr'><strong>τῆς</strong></span> <span class='ocrx_word' id='word_1_599' title='bbox 2490 4831 2548 4867; x_wconf 84' lang='grc' dir='ltr'><strong>τε</strong></span> <span class='ocrx_word' id='word_1_600' title='bbox 2578 4816 2718 4869; x_wconf 86' lang='grc' dir='ltr'>κατά</span> <span class='ocrx_word' id='word_1_601' title='bbox 2754 4815 2973 4869; x_wconf 87' lang='grc' dir='ltr'>πάντων</span> <span class='ocrx_word' id='word_1_602' title='bbox 2997 4816 3290 4870; x_wconf 85' lang='grc' dir='ltr'>ἀπολαύειν</span> <span class='ocrx_word' id='word_1_603' title='bbox 3324 4815 3492 4886; x_wconf 76' lang='grc' dir='ltr'>ἀρχῆς</span> <span class='ocrx_word' id='word_1_604' title='bbox 3523 4811 3620 4865; x_wconf 78' lang='grc' dir='ltr'>τῶν</span> <span class='ocrx_word' id='word_1_605' title='bbox 3639 4807 3714 4858; x_wconf 68' lang='grc' dir='ltr'>λαι</span> 
     </span>
    </p>
   </div>
   <div class='ocr_carea' id='block_1_92' title="bbox 484 4896 2065 4980">
    <p class='ocr_par' dir='ltr' id='par_1_92' title="bbox 484 4908 2065 4980">
     <span class='ocr_line' id='line_1_93' title="bbox 484 4908 2065 4980; baseline -0.001 -15"><span class='ocrx_word' id='word_1_606' title='bbox 484 4912 637 4965; x_wconf 85' lang='lat' dir='ltr'><strong>ribus</strong></span> <span class='ocrx_word' id='word_1_607' title='bbox 658 4911 873 4980; x_wconf 75' lang='lat' dir='ltr'><strong>generis</strong></span> <span class='ocrx_word' id='word_1_608' title='bbox 890 4908 1232 4980; x_wconf 86' lang='lat' dir='ltr'><strong>splendorem</strong></span> <span class='ocrx_word' id='word_1_609' title='bbox 1254 4910 1304 4963; x_wconf 90' lang='lat' dir='ltr'><strong>ei</strong></span> <span class='ocrx_word' id='word_1_610' title='bbox 1324 4910 1851 4976; x_wconf 86' lang='lat' dir='ltr'><strong>communicaverat,</strong></span> <span class='ocrx_word' id='word_1_611' title='bbox 1879 4923 2065 4964; x_wconf 85' lang='lat' dir='ltr'><strong>sorore</strong></span> 
     </span>
    </p>
   </div>
   <div class='ocr_carea' id='block_1_93' title="bbox 2169 4896 3713 4980">
    <p class='ocr_par' dir='ltr' id='par_1_93' title="bbox 2169 4896 3713 4978">
     <span class='ocr_line' id='line_1_94' title="bbox 2169 4896 3713 4978; baseline -0.005 -19"><span class='ocrx_word' id='word_1_612' title='bbox 2169 4907 2392 4978; x_wconf 83' lang='grc' dir='ltr'>χόντων,</span> <span class='ocrx_word' id='word_1_613' title='bbox 2425 4908 2654 4977; x_wconf 84' lang='grc' dir='ltr'>παρεῖχε</span> <span class='ocrx_word' id='word_1_614' title='bbox 2695 4905 2795 4977; x_wconf 80' lang='grc' dir='ltr'>τὴν</span> <span class='ocrx_word' id='word_1_615' title='bbox 2827 4905 3090 4970; x_wconf 78' lang='grc' dir='ltr'>ἐξουσίαν·</span> <span class='ocrx_word' id='word_1_616' title='bbox 3121 4909 3150 4960; x_wconf 83' lang='grc' dir='ltr'><strong>ὁ</strong></span> <span class='ocrx_word' id='word_1_617' title='bbox 3179 4906 3238 4959; x_wconf 84' lang='grc' dir='ltr'><strong>δὲ</strong></span> <span class='ocrx_word' id='word_1_618' title='bbox 3258 4906 3466 4967; x_wconf 83' lang='grc' dir='ltr'>τούτοις</span> <span class='ocrx_word' id='word_1_619' title='bbox 3500 4896 3713 4956; x_wconf 76' lang='grc' dir='ltr'>τάναντία</span> 
     </span>
    </p>
   </div>
   <div class='ocr_carea' id='block_1_94' title="bbox 483 4992 2065 5072">
    <p class='ocr_par' dir='ltr' id='par_1_94' title="bbox 483 5001 2065 5070">
     <span class='ocr_line' id='line_1_95' title="bbox 483 5001 2065 5070; baseline -0.002 -13"><span class='ocrx_word' id='word_1_620' title='bbox 483 5019 579 5057; x_wconf 77' lang='lat' dir='ltr'><strong>sua</strong></span> <span class='ocrx_word' id='word_1_621' title='bbox 626 5002 680 5056; x_wconf 88' lang='lat' dir='ltr'><strong>itt</strong></span> <span class='ocrx_word' id='word_1_622' title='bbox 726 5002 1135 5055; x_wconf 76' lang='lat' dir='ltr'><strong>matrimonium</strong></span> <span class='ocrx_word' id='word_1_623' title='bbox 1165 5001 1292 5054; x_wconf 88' lang='lat' dir='ltr'><strong>data</strong></span> <span class='ocrx_word' id='word_1_624' title='bbox 1320 5014 1334 5050; x_wconf 88' lang='lat'><strong>:</strong></span> <span class='ocrx_word' id='word_1_625' title='bbox 1368 5001 1645 5070; x_wconf 87' lang='lat' dir='ltr'><strong>tutiusque</strong></span> <span class='ocrx_word' id='word_1_626' title='bbox 1678 5001 1893 5069; x_wconf 87' lang='lat' dir='ltr'><strong>imperii</strong></span> <span class='ocrx_word' id='word_1_627' title='bbox 1952 5001 2065 5055; x_wconf 78' lang='lat' dir='ltr'><strong>Ro-</strong></span> 
     </span>
    </p>
   </div>
   <div class='ocr_carea' id='block_1_95' title="bbox 2169 4992 3713 5072">
    <p class='ocr_par' dir='ltr' id='par_1_95' title="bbox 2169 4992 3713 5072">
     <span class='ocr_line' id='line_1_96' title="bbox 2169 4992 3713 5072; baseline -0.004 -20"><span class='ocrx_word' id='word_1_628' title='bbox 2169 4996 2475 5068; x_wconf 87' lang='grc' dir='ltr'>γινώσκων,</span> <span class='ocrx_word' id='word_1_629' title='bbox 2512 4999 2653 5054; x_wconf 70' lang='grc' dir='ltr'>κατὰ</span> <span class='ocrx_word' id='word_1_630' title='bbox 2678 4996 2770 5053; x_wconf 82' lang='grc' dir='ltr'>τοῦ</span> <span class='ocrx_word' id='word_1_631' title='bbox 2803 4992 3111 5072; x_wconf 81' lang='grc' dir='ltr'>κρείττονος</span> <span class='ocrx_word' id='word_1_632' title='bbox 3143 4998 3394 5071; x_wconf 63' lang='grc' dir='ltr'>μηχανὰς</span> <span class='ocrx_word' id='word_1_633' title='bbox 3428 4992 3713 5051; x_wconf 78' lang='grc' dir='ltr'>συνεσκευα-</span> 
     </span>
    </p>
   </div>
   <div class='ocr_carea' id='block_1_96' title="bbox 482 5084 2066 5166">
    <p class='ocr_par' dir='ltr' id='par_1_96' title="bbox 482 5084 2066 5166">
     <span class='ocr_line' id='line_1_97' title="bbox 482 5084 2066 5166; baseline -0.001 -16"><span class='ocrx_word' id='word_1_634' title='bbox 482 5094 628 5150; x_wconf 87' lang='lat' dir='ltr'><strong>mani</strong></span> <span class='ocrx_word' id='word_1_635' title='bbox 660 5094 941 5147; x_wconf 87' lang='lat' dir='ltr'><strong>consortio</strong></span> <span class='ocrx_word' id='word_1_636' title='bbox 975 5084 1227 5148; x_wconf 77' lang='lat' dir='ltr'><strong>eu&#39;mdetn</strong></span> <span class='ocrx_word' id='word_1_637' title='bbox 1270 5093 1374 5149; x_wconf 81' lang='lat' dir='ltr'><strong>frui</strong></span> <span class='ocrx_word' id='word_1_638' title='bbox 1412 5095 1772 5166; x_wconf 85' lang='lat' dir='ltr'><strong>permiserat.</strong></span> <span class='ocrx_word' id='word_1_639' title='bbox 1819 5092 2066 5149; x_wconf 84' lang='lat' dir='ltr'><strong>Licinius</strong></span> 
     </span>
    </p>
   </div>
   <div class='ocr_carea' id='block_1_97' title="bbox 480 5185 2067 5254">
    <p class='ocr_par' dir='ltr' id='par_1_97' title="bbox 480 5185 2067 5254">
     <span class='ocr_line' id='line_1_98' title="bbox 480 5185 2067 5254; baseline -0.001 -14"><span class='ocrx_word' id='word_1_640' title='bbox 480 5202 611 5241; x_wconf 75' lang='lat' dir='ltr'><strong>vero</strong></span> <span class='ocrx_word' id='word_1_641' title='bbox 650 5188 806 5254; x_wconf 81' lang='lat' dir='ltr'><strong>plane</strong></span> <span class='ocrx_word' id='word_1_642' title='bbox 842 5187 924 5239; x_wconf 84' lang='lat' dir='ltr'><strong>bis</strong></span> <span class='ocrx_word' id='word_1_643' title='bbox 958 5187 1233 5239; x_wconf 87' lang='lat' dir='ltr'><strong>contraria</strong></span> <span class='ocrx_word' id='word_1_644' title='bbox 1267 5188 1455 5242; x_wconf 87' lang='lat' dir='ltr'><strong>animo</strong></span> <span class='ocrx_word' id='word_1_645' title='bbox 1494 5185 1756 5248; x_wconf 86' lang='lat' dir='ltr'><strong>volvens,</strong></span> <span class='ocrx_word' id='word_1_646' title='bbox 1807 5187 2067 5240; x_wconf 86' lang='lat' dir='ltr'><strong>adversus</strong></span> 
     </span>
    </p>
   </div>
   <div class='ocr_carea' id='block_1_98' title="bbox 481 5279 2064 5351">
    <p class='ocr_par' dir='ltr' id='par_1_98' title="bbox 481 5279 2064 5351">
     <span class='ocr_line' id='line_1_99' title="bbox 481 5279 2064 5351; baseline -0.001 -17"><span class='ocrx_word' id='word_1_647' title='bbox 481 5279 918 5351; x_wconf 69' lang='lat' dir='ltr'><strong>praestantiorem</strong></span> <span class='ocrx_word' id='word_1_648' title='bbox 953 5279 1183 5334; x_wconf 87' lang='lat' dir='ltr'><strong>occultis</strong></span> <span class='ocrx_word' id='word_1_649' title='bbox 1214 5280 1426 5335; x_wconf 87' lang='lat' dir='ltr'><strong>artibus</strong></span> <span class='ocrx_word' id='word_1_650' title='bbox 1464 5281 1866 5350; x_wconf 85' lang='lat' dir='ltr'><strong>grassabatur;</strong></span> <span class='ocrx_word' id='word_1_651' title='bbox 1910 5279 2064 5334; x_wconf 86' lang='lat' dir='ltr'><strong>varia</strong></span> 
     </span>
    </p>
   </div>
   <div class='ocr_carea' id='block_1_99' title="bbox 483 5371 2065 5441">
    <p class='ocr_par' dir='ltr' id='par_1_99' title="bbox 483 5371 2065 5441">
     <span class='ocr_line' id='line_1_100' title="bbox 483 5371 2065 5441; baseline -0.002 -12"><span class='ocrx_word' id='word_1_652' title='bbox 483 5374 713 5429; x_wconf 85' lang='lat' dir='ltr'><strong>subinde</strong></span> <span class='ocrx_word' id='word_1_653' title='bbox 752 5372 1070 5426; x_wconf 87' lang='lat' dir='ltr'><strong>insidiarunt</strong></span> <span class='ocrx_word' id='word_1_654' title='bbox 1102 5386 1305 5441; x_wconf 84' lang='lat' dir='ltr'><strong>genera</strong></span> <span class='ocrx_word' id='word_1_655' title='bbox 1335 5372 1784 5435; x_wconf 76' lang='lat' dir='ltr'><strong>comminiscens,</strong></span> <span class='ocrx_word' id='word_1_656' title='bbox 1819 5380 1880 5426; x_wconf 87' lang='lat' dir='ltr'><strong>ut</strong></span> <span class='ocrx_word' id='word_1_657' title='bbox 1925 5371 2065 5426; x_wconf 90' lang='lat' dir='ltr'><strong>bene</strong></span> 
     </span>
    </p>
   </div>
   <div class='ocr_carea' id='block_1_100' title="bbox 484 5463 2063 5534">
    <p class='ocr_par' dir='ltr' id='par_1_100' title="bbox 484 5463 2063 5534">
     <span class='ocr_line' id='line_1_101' title="bbox 484 5463 2063 5534; baseline -0.001 -16"><span class='ocrx_word' id='word_1_658' title='bbox 484 5463 735 5518; x_wconf 86' lang='lat' dir='ltr'><strong>meritum</strong></span> <span class='ocrx_word' id='word_1_659' title='bbox 768 5463 925 5517; x_wconf 88' lang='lat' dir='ltr'><strong>malis</strong></span> <span class='ocrx_word' id='word_1_660' title='bbox 952 5473 1418 5518; x_wconf 82' lang='lat' dir='ltr'><strong>remuneraretur.</strong></span> <span class='ocrx_word' id='word_1_661' title='bbox 1447 5465 1527 5516; x_wconf 82' lang='lat' dir='ltr'><strong>Ac</strong></span> <span class='ocrx_word' id='word_1_662' title='bbox 1552 5463 1817 5534; x_wconf 85' lang='lat' dir='ltr'><strong>principio</strong></span> <span class='ocrx_word' id='word_1_663' title='bbox 1844 5463 2063 5531; x_wconf 89' lang='lat' dir='ltr'><strong>quidem</strong></span> 
     </span>
    </p>
   </div>
   <div class='ocr_carea' id='block_1_101' title="bbox 486 5552 2062 5623">
    <p class='ocr_par' dir='ltr' id='par_1_101' title="bbox 486 5552 2062 5623">
     <span class='ocr_line' id='line_1_102' title="bbox 486 5552 2062 5623; baseline 0 -15"><span class='ocrx_word' id='word_1_664' title='bbox 486 5554 779 5609; x_wconf 80' lang='lat' dir='ltr'><strong>amicitiam</strong></span> <span class='ocrx_word' id='word_1_665' title='bbox 810 5556 1095 5618; x_wconf 75' lang='lat' dir='ltr'><strong>simulans,</strong></span> <span class='ocrx_word' id='word_1_666' title='bbox 1120 5552 1243 5609; x_wconf 88' lang='lat' dir='ltr'><strong>dolo</strong></span> <span class='ocrx_word' id='word_1_667' title='bbox 1272 5567 1338 5608; x_wconf 87' lang='lat' dir='ltr'><strong>ac</strong></span> <span class='ocrx_word' id='word_1_668' title='bbox 1365 5552 1560 5608; x_wconf 79' lang='lat' dir='ltr'><strong>fraude</strong></span> <span class='ocrx_word' id='word_1_669' title='bbox 1592 5562 1789 5609; x_wconf 87' lang='lat' dir='ltr'><strong>cuncta</strong></span> <span class='ocrx_word' id='word_1_670' title='bbox 1816 5553 2017 5623; x_wconf 86' lang='lat' dir='ltr'><strong>agebat</strong></span> <span class='ocrx_word' id='word_1_671' title='bbox 2046 5570 2062 5620; x_wconf 92' lang='lat'><strong>;</strong></span> 
     </span>
    </p>
   </div>
   <div class='ocr_carea' id='block_1_102' title="bbox 2168 5081 3715 5161">
    <p class='ocr_par' dir='ltr' id='par_1_102' title="bbox 2168 5081 3715 5161">
     <span class='ocr_line' id='line_1_103' title="bbox 2168 5081 3715 5161; baseline 0.001 -16"><span class='ocrx_word' id='word_1_672' title='bbox 2168 5092 2310 5158; x_wconf 80' lang='grc' dir='ltr'>ζετο,</span> <span class='ocrx_word' id='word_1_673' title='bbox 2348 5090 2526 5145; x_wconf 82' lang='grc' dir='ltr'><strong>ἄλλοτ’</strong></span> <span class='ocrx_word' id='word_1_674' title='bbox 2556 5091 2748 5155; x_wconf 78' lang='grc' dir='ltr'>ἄλλους</span> <span class='ocrx_word' id='word_1_675' title='bbox 2780 5092 3012 5145; x_wconf 67' lang='grc' dir='ltr'>ὲπινοιῖιν</span> <span class='ocrx_word' id='word_1_676' title='bbox 3044 5090 3274 5161; x_wconf 83' lang='grc' dir='ltr'>ἀπειλῆς</span> <span class='ocrx_word' id='word_1_677' title='bbox 3298 5091 3547 5161; x_wconf 83' lang='grc' dir='ltr'>τρόπους,</span> <span class='ocrx_word' id='word_1_678' title='bbox 3573 5086 3639 5147; x_wconf 80' lang='grc' dir='ltr'>ὡς</span> <span class='ocrx_word' id='word_1_679' title='bbox 3665 5081 3715 5135; x_wconf 66' lang='grc' dir='ltr'><strong>ἂν</strong></span> 
     </span>
    </p>
   </div>
   <div class='ocr_carea' id='block_1_103' title="bbox 2167 5172 3716 5253">
    <p class='ocr_par' dir='ltr' id='par_1_103' title="bbox 2167 5172 3716 5253">
     <span class='ocr_line' id='line_1_104' title="bbox 2167 5172 3716 5253; baseline -0.004 -19"><span class='ocrx_word' id='word_1_680' title='bbox 2167 5180 2357 5244; x_wconf 73' lang='grc' dir='ltr'>κακοῖς</span> <span class='ocrx_word' id='word_1_681' title='bbox 2385 5181 2477 5233; x_wconf 71' lang='grc' dir='ltr'>τὸν</span> <span class='ocrx_word' id='word_1_682' title='bbox 2514 5180 2809 5252; x_wconf 75' lang='grc' dir='ltr'>εὐεργέτην</span> <span class='ocrx_word' id='word_1_683' title='bbox 2840 5181 3151 5253; x_wconf 59' lang='grc' dir='ltr'>ἀμείψαιτο.</span> <span class='ocrx_word' id='word_1_684' title='bbox 3198 5180 3313 5235; x_wconf 81' lang='grc' dir='ltr'><strong>Καὶ</strong></span> <span class='ocrx_word' id='word_1_685' title='bbox 3334 5179 3403 5234; x_wconf 69' lang='grc' dir='ltr'>τὰ</span> <span class='ocrx_word' id='word_1_686' title='bbox 3432 5179 3525 5251; x_wconf 77' lang='grc' dir='ltr'><strong>μὲν</strong></span> <span class='ocrx_word' id='word_1_687' title='bbox 3558 5172 3716 5246; x_wconf 70' lang='grc' dir='ltr'>πρῶτα</span> 
     </span>
    </p>
   </div>
   <div class='ocr_carea' id='block_1_104' title="bbox 2168 5268 3715 5346">
    <p class='ocr_par' dir='ltr' id='par_1_104' title="bbox 2168 5268 3715 5346">
     <span class='ocr_line' id='line_1_105' title="bbox 2168 5268 3715 5346; baseline -0.003 -18"><span class='ocrx_word' id='word_1_688' title='bbox 2168 5273 2348 5344; x_wconf 84' lang='grc' dir='ltr'>φιλίαν</span> <span class='ocrx_word' id='word_1_689' title='bbox 2381 5273 2859 5346; x_wconf 73' lang='grc' dir='ltr'>ὑποκοριζόμενος,</span> <span class='ocrx_word' id='word_1_690' title='bbox 2883 5273 3018 5345; x_wconf 82' lang='grc' dir='ltr'>δόλῳ</span> <span class='ocrx_word' id='word_1_691' title='bbox 3044 5273 3137 5328; x_wconf 70' lang='grc' dir='ltr'><strong>καὶ</strong></span> <span class='ocrx_word' id='word_1_692' title='bbox 3164 5273 3351 5344; x_wconf 77' lang='grc' dir='ltr'>ἀπάτῃ</span> <span class='ocrx_word' id='word_1_693' title='bbox 3382 5271 3532 5326; x_wconf 81' lang='grc' dir='ltr'>πάντ’</span> <span class='ocrx_word' id='word_1_694' title='bbox 3557 5268 3715 5337; x_wconf 64' lang='grc' dir='ltr'><strong>ιτερατα</strong></span> 
     </span>
    </p>
   </div>
   <div class='ocr_carea' id='block_1_105' title="bbox 2164 5351 3714 5438">
    <p class='ocr_par' dir='ltr' id='par_1_105' title="bbox 2164 5351 3714 5438">
     <span class='ocr_line' id='line_1_106' title="bbox 2164 5351 3714 5438; baseline -0.016 -3"><span class='ocrx_word' id='word_1_695' title='bbox 2164 5384 2278 5432; x_wconf 64' lang='grc' dir='ltr'><strong>τεν,</strong></span> <span class='ocrx_word' id='word_1_696' title='bbox 2327 5368 2413 5436; x_wconf 65' lang='grc' dir='ltr'><strong>ἐφ’</strong></span> <span class='ocrx_word' id='word_1_697' title='bbox 2441 5360 2524 5430; x_wconf 76' lang='grc' dir='ltr'>οἷς</span> <span class='ocrx_word' id='word_1_698' title='bbox 2553 5367 2775 5437; x_wconf 76' lang='grc' dir='ltr'>ἐτόλμα.</span> <span class='ocrx_word' id='word_1_699' title='bbox 2811 5366 3074 5438; x_wconf 76' lang='grc' dir='ltr'>λήσεσθαι</span> <span class='ocrx_word' id='word_1_700' title='bbox 3107 5363 3345 5430; x_wconf 72' lang='grc' dir='ltr'><strong>ἐλπίζων</strong></span> <span class='ocrx_word' id='word_1_701' title='bbox 3370 5382 3384 5396; x_wconf 76' lang='grc'><strong><em>⁸</em></strong></span> <span class='ocrx_word' id='word_1_702' title='bbox 3415 5363 3491 5435; x_wconf 77' lang='grc' dir='ltr'>τῷ</span> <span class='ocrx_word' id='word_1_703' title='bbox 3514 5359 3556 5415; x_wconf 76' lang='grc' dir='ltr'><strong>δ’</strong></span> <span class='ocrx_word' id='word_1_704' title='bbox 3582 5351 3714 5411; x_wconf 74' lang='grc' dir='ltr'><strong>αὐτοῦ</strong></span> 
     </span>
    </p>
   </div>
   <div class='ocr_carea' id='block_1_106' title="bbox 2168 5448 3715 5532">
    <p class='ocr_par' dir='ltr' id='par_1_106' title="bbox 2168 5448 3715 5532">
     <span class='ocr_line' id='line_1_107' title="bbox 2168 5448 3715 5532; baseline -0.003 -19"><span class='ocrx_word' id='word_1_705' title='bbox 2168 5460 2459 5532; x_wconf 83' lang='grc' dir='ltr'>θεράποντι</span> <span class='ocrx_word' id='word_1_706' title='bbox 2487 5460 2621 5525; x_wconf 78' lang='grc' dir='ltr'><strong>Θεὸς</strong></span> <span class='ocrx_word' id='word_1_707' title='bbox 2637 5460 2736 5524; x_wconf 85' lang='grc' dir='ltr'>τὰς</span> <span class='ocrx_word' id='word_1_708' title='bbox 2763 5462 2819 5513; x_wconf 76' lang='grc' dir='ltr'>ἐν</span> <span class='ocrx_word' id='word_1_709' title='bbox 2840 5460 3018 5531; x_wconf 71' lang='grc' dir='ltr'>σκότῳ</span> <span class='ocrx_word' id='word_1_710' title='bbox 3042 5459 3444 5531; x_wconf 77' lang='grc' dir='ltr'>μηχανωμένας</span> <span class='ocrx_word' id='word_1_711' title='bbox 3467 5448 3715 5511; x_wconf 67' lang='grc' dir='ltr'>ἐπιὼυλᾶς</span> 
     </span>
    </p>
   </div>
   <div class='ocr_carea' id='block_1_107' title="bbox 2168 5537 3715 5623">
    <p class='ocr_par' dir='ltr' id='par_1_107' title="bbox 2168 5537 3715 5623">
     <span class='ocr_line' id='line_1_108' title="bbox 2168 5537 3715 5623; baseline -0.021 2"><span class='ocrx_word' id='word_1_712' title='bbox 2168 5550 2529 5623; x_wconf 73' lang='grc' dir='ltr'><strong>καταφώρους</strong></span> <span class='ocrx_word' id='word_1_713' title='bbox 2559 5552 2752 5605; x_wconf 71' lang='grc' dir='ltr'>ἐποίει.</span> <span class='ocrx_word' id='word_1_714' title='bbox 2813 5551 2873 5604; x_wconf 85' lang='grc' dir='ltr'>Ὀ</span> <span class='ocrx_word' id='word_1_715' title='bbox 2904 5549 2949 5603; x_wconf 83' lang='grc' dir='ltr'>δ’</span> <span class='ocrx_word' id='word_1_716' title='bbox 2976 5550 3052 5614; x_wconf 82' lang='grc' dir='ltr'>ὡς</span> <span class='ocrx_word' id='word_1_717' title='bbox 3091 5550 3186 5602; x_wconf 78' lang='grc' dir='ltr'><strong>ἐπὶ</strong></span> <span class='ocrx_word' id='word_1_718' title='bbox 3225 5551 3340 5612; x_wconf 84' lang='grc' dir='ltr'>τοῖς</span> <span class='ocrx_word' id='word_1_719' title='bbox 3373 5546 3594 5622; x_wconf 78' lang='grc' dir='ltr'>πρώτοις</span> <span class='ocrx_word' id='word_1_720' title='bbox 3622 5537 3715 5608; x_wconf 74' lang='grc' dir='ltr'><strong>ὴλί-</strong></span> 
     </span>
    </p>
   </div>
   <div class='ocr_carea' id='block_1_108' title="bbox 2171 5677 3713 5760">
    <p class='ocr_par' dir='ltr' id='par_1_108' title="bbox 2171 5677 3713 5760">
     <span class='ocr_line' id='line_1_109' title="bbox 2171 5677 3713 5760; baseline -0.006 -16"><span class='ocrx_word' id='word_1_721' title='bbox 2171 5706 2238 5747; x_wconf 82' lang='lat' dir='ltr'><strong>ex</strong></span> <span class='ocrx_word' id='word_1_722' title='bbox 2270 5691 2447 5760; x_wconf 86' lang='lat' dir='ltr'><strong>capite</strong></span> <span class='ocrx_word' id='word_1_723' title='bbox 2472 5701 2667 5745; x_wconf 86' lang='lat' dir='ltr'><strong>octavo</strong></span> <span class='ocrx_word' id='word_1_724' title='bbox 2699 5687 2825 5744; x_wconf 90' lang='lat' dir='ltr'><strong>libri</strong></span> <span class='ocrx_word' id='word_1_725' title='bbox 2855 5685 3047 5742; x_wconf 88' lang='lat' dir='ltr'><strong>decimi</strong></span> <span class='ocrx_word' id='word_1_726' title='bbox 3079 5686 3340 5760; x_wconf 78' lang='lat' dir='ltr'><strong>Historia:</strong></span> <span class='ocrx_word' id='word_1_727' title='bbox 3359 5677 3713 5760; x_wconf 55' lang='lat' dir='ltr'><strong>ecclesiastica.</strong></span> 
     </span>
    </p>
   </div>
   <div class='ocr_carea' id='block_1_109' title="bbox 556 5691 2062 5764">
    <p class='ocr_par' dir='ltr' id='par_1_109' title="bbox 556 5691 2062 5764">
     <span class='ocr_line' id='line_1_110' title="bbox 556 5691 2062 5764; baseline 0.001 -19"><span class='ocrx_word' id='word_1_728' title='bbox 556 5691 669 5764; x_wconf 58' lang='grc' dir='ltr'><strong>(ιθ)</strong></span> <span class='ocrx_word' id='word_1_729' title='bbox 707 5694 910 5760; x_wconf 81' lang='grc' dir='ltr'><strong>Δεινὸς</strong></span> <span class='ocrx_word' id='word_1_730' title='bbox 964 5691 1078 5764; x_wconf 70' lang='grc' dir='ltr'>γάρ</span> <span class='ocrx_word' id='word_1_731' title='bbox 1114 5708 1229 5764; x_wconf 70' lang='grc' dir='ltr'>τις.</span> <span class='ocrx_word' id='word_1_732' title='bbox 1276 5692 1358 5746; x_wconf 82' lang='lat' dir='ltr'><strong>Ab</strong></span> <span class='ocrx_word' id='word_1_733' title='bbox 1407 5692 1495 5746; x_wconf 87' lang='lat' dir='ltr'><strong>bis</strong></span> <span class='ocrx_word' id='word_1_734' title='bbox 1524 5693 1719 5764; x_wconf 78' lang='lat' dir='ltr'><strong>verbis</strong></span> <span class='ocrx_word' id='word_1_735' title='bbox 1762 5697 1928 5760; x_wconf 77' lang='lat' dir='ltr'><strong>caput</strong></span> <span class='ocrx_word' id='word_1_736' title='bbox 1974 5692 2062 5747; x_wconf 72' lang='lat' dir='ltr'><strong>in~</strong></span> 
     </span>
    </p>
   </div>
   <div class='ocr_carea' id='block_1_110' title="bbox 2170 5757 3575 5833">
    <p class='ocr_par' dir='ltr' id='par_1_110' title="bbox 2170 5757 3575 5833">
     <span class='ocr_line' id='line_1_111' title="bbox 2170 5757 3575 5833; baseline -0.007 -16"><span class='ocrx_word' id='word_1_737' title='bbox 2170 5778 2236 5817; x_wconf 78' lang='lat' dir='ltr'><strong>es</strong></span> <span class='ocrx_word' id='word_1_738' title='bbox 2272 5757 2381 5833; x_wconf 82' lang='lat' dir='ltr'><strong>quo</strong></span> <span class='ocrx_word' id='word_1_739' title='bbox 2408 5763 2574 5818; x_wconf 84' lang='lat' dir='ltr'><strong>etiam</strong></span> <span class='ocrx_word' id='word_1_740' title='bbox 2600 5769 2761 5830; x_wconf 81' lang='lat' dir='ltr'><strong>caput</strong></span> <span class='ocrx_word' id='word_1_741' title='bbox 2793 5773 3032 5829; x_wconf 87' lang='lat' dir='ltr'><strong>sequens</strong></span> <span class='ocrx_word' id='word_1_742' title='bbox 3061 5757 3464 5813; x_wconf 82' lang='lat' dir='ltr'><strong>emendandum</strong></span> <span class='ocrx_word' id='word_1_743' title='bbox 3485 5758 3575 5807; x_wconf 77' lang='lat' dir='ltr'><strong>est</strong></span> 
     </span>
    </p>
   </div>
   <div class='ocr_carea' id='block_1_111' title="bbox 493 5760 1916 5819">
    <p class='ocr_par' dir='ltr' id='par_1_111' title="bbox 493 5760 1916 5819">
     <span class='ocr_line' id='line_1_112' title="bbox 493 5760 1916 5819; baseline -0.002 0"><span class='ocrx_word' id='word_1_744' title='bbox 493 5760 713 5819; x_wconf 83' lang='lat' dir='ltr'><strong>:boatitr</strong></span> <span class='ocrx_word' id='word_1_745' title='bbox 747 5767 798 5817; x_wconf 81' lang='lat' dir='ltr'><strong>in</strong></span> <span class='ocrx_word' id='word_1_746' title='bbox 830 5760 1013 5817; x_wconf 82' lang='lat' dir='ltr'><strong>codice</strong></span> <span class='ocrx_word' id='word_1_747' title='bbox 1042 5760 1175 5816; x_wconf 75' lang='lat' dir='ltr'><strong>Fuk.</strong></span> <span class='ocrx_word' id='word_1_748' title='bbox 1205 5770 1260 5814; x_wconf 93' lang='lat' dir='ltr'><strong>et</strong></span> <span class='ocrx_word' id='word_1_749' title='bbox 1288 5764 1338 5814; x_wconf 92' lang='lat' dir='ltr'><strong>in</strong></span> <span class='ocrx_word' id='word_1_750' title='bbox 1370 5763 1585 5818; x_wconf 85' lang='lat' dir='ltr'><strong>schedis</strong></span> <span class='ocrx_word' id='word_1_751' title='bbox 1600 5764 1916 5818; x_wconf 81' lang='lat' dir='ltr'><strong>‘veteribus.</strong></span> 
     </span>
    </p>
   </div>
   <div class='ocr_carea' id='block_1_112' title="bbox 559 5830 2061 5905">
    <p class='ocr_par' dir='ltr' id='par_1_112' title="bbox 559 5830 2061 5905">
     <span class='ocr_line' id='line_1_113' title="bbox 559 5830 2061 5905; baseline 0.003 -19"><span class='ocrx_word' id='word_1_752' title='bbox 559 5832 668 5905; x_wconf 81' lang='lat' dir='ltr'><strong>(l1)</strong></span> <span class='ocrx_word' id='word_1_753' title='bbox 707 5832 979 5898; x_wconf 73' lang='grc' dir='ltr'>Φιοιικαῖς</span> <span class='ocrx_word' id='word_1_754' title='bbox 1008 5830 1252 5898; x_wconf 73' lang='grc' dir='ltr'>δεξιαῖς.</span> <span class='ocrx_word' id='word_1_755' title='bbox 1292 5831 1390 5888; x_wconf 87' lang='lat' dir='ltr'><strong>llic</strong></span> <span class='ocrx_word' id='word_1_756' title='bbox 1424 5833 1577 5890; x_wconf 89' lang='lat' dir='ltr'><strong>locus</strong></span> <span class='ocrx_word' id='word_1_757' title='bbox 1618 5832 1949 5902; x_wconf 81' lang='lat' dir='ltr'><strong>supplendos</strong></span> <span class='ocrx_word' id='word_1_758' title='bbox 1976 5843 2061 5890; x_wconf 85' lang='lat' dir='ltr'><strong>est</strong></span> 
     </span>
    </p>
   </div>
  </div>
