3860 6488
180 369 266 426 θῦθ

1238 377 1324 436 DE
1361 379 1525 437 VITA
1561 381 2017 441 CONSTANTINI
2055 384 2183 443 LIB.
2225 385 2266 446 ῐ.

3265 397 3370 453 970

176 485 223 536 ἐν
238 484 464 555 εἱρκταῖς
490 484 1034 580 ταλαιπωρουμένους
1052 494 1252 566 μηδένα
1287 496 1562 566 μεταδόσει
1586 516 1675 571 τρο

1784 554 1786 560 _
1812 500 2152 556 orationibus
2181 512 2494 559 sanctorum
2525 505 2761 559 virorum
2783 548 2797 569 ,
2838 505 3037 574 quibus
3076 518 3368 580 semetipsa

176 575 264 682 (fis
284 568 808 682 Cptla‘vﬂptjmfﬁecht
838 583 1111 650 ἐκέλευσε,
1155 588 1274 682 μηδ’
1304 588 1467 641 ἐλεεῖν
1499 568 1708 665 τοὺςτὲν

173 666 363 737 δεσμοῖς
397 665 542 738 λιμῷ
579 668 1066 744 διαφθειρομένους,
1130 665 1253 748 ᾖδ’
1289 678 1472 741 ἁπλῶς
1505 678 1729 746 ἀγαθὸν

170 752 287 808 εἶναι
311 757 529 828 μηδένα,
562 762 684 831 μηδ’
714 763 914 832 ἀγαθόν
940 784 992 819 τι
1008 768 1267 839 πράττειν
1295 770 1421 832 τοὺς
1450 769 1543 823 καὶ
1572 770 1707 841 πρὸς

168 848 250 918 τῆς
272 848 477 917 φύσεως
502 852 596 906 ἐπὶ
623 854 684 907 τὸ
728 857 1008 928 συμπαθὲς
1032 860 1140 913 τῶν
1160 860 1323 924 πέλας
1349 860 1666 932 ἑλκομένους
1687 878 1702 927 ;

166 940 258 994 Καὶ
273 937 335 1012 ἦν
361 959 423 1010 γε
442 943 623 1015 νόμων
648 938 801 1024 οὗτος
823 948 1076 1021 ἄντικρυς
1110 952 1329 1024 ἀναιδὴς
1348 952 1442 1005 καὶ
1476 969 1705 1023 παρανο-

168 1031 406 1103 μώτατος,
452 1036 633 1089 πᾶσαν
683 1018 1119 1108 ὑπερακοντίζων
1158 1041 1351 1111 φύσιν·
1398 1042 1483 1111 ἐφ’
1610 1043 1702 1095 καὶ

162 1123 371 1195 τιμωρία
404 1128 741 1199 προσέκειτο,
779 1129 904 1193 τοὺς
946 1130 1228 1196 ἐλεοῦντας
1252 1132 1321 1187 τὰ
1352 1134 1440 1187 ἴσα
1476 1134 1703 1204 πάσχειν

161 1216 256 1277 τοῖς
283 1215 635 1287 ἐλεουμένοις,
674 1221 1040 1292 ὑπομένοντας
1063 1223 1333 1295 τιμωρίας
1359 1225 1485 1287 τοὺς
1509 1223 1579 1277 τὰ
1613 1240 1700 1293 φι-

160 1302 424 1377 λάνθρωπα
450 1310 921 1384 διακονουμένους.

1762 599 1769 606 ·
1812 590 2071 658 privarat.
2097 592 2234 658 Quid
2269 604 2531 663 praeterea
2562 609 2991 666 commemprare
3011 598 3231 664 attinet,
3261 614 3369 668 quo

1812 689 1968 748 pacto
2017 686 2358 754 praaceperit,
2412 701 2482 741 ne
2521 687 2733 741 miseris
2767 687 2820 742 in
2867 703 3087 744 carcere
3136 691 3371 745 detentis

1810 772 2061 826 alimenta
2092 775 2374 845 quisquam
2395 777 2707 831 humaniter
2732 777 3202 845 subministraret;
3231 796 3370 835 neve

1809 861 1933 930 quis
2001 865 2247 922 homines
2313 868 2366 921 in
2440 868 2666 924 vinculis
2730 866 2873 923 fame
2923 870 3368 925 contabesrentcs

1809 953 2156 1011 miseratione
2190 967 2609 1026 prosequeretur
2647 978 2663 1014 :
2703 959 2805 1014 hoc
2837 970 2943 1027 est,
2983 976 3051 1016 ne
3083 961 3204 1031 quis
3249 977 3367 1016 om-

1810 1045 1938 1098 nino
1960 1046 2043 1099 vir
2068 1046 2242 1102 bonus
2273 1051 2594 1115 exsisteret;
2638 1065 2772 1105 neve
2799 1051 2831 1105 ii
2867 1053 2958 1122 qui
2999 1052 3064 1106 ad
3098 1054 3369 1121 proximo-

1808 1148 1929 1188 rum
1996 1137 2396 1192 miserationem
2466 1150 2656 1193 natura
2714 1141 2827 1208 ipsa
2883 1142 3173 1209 ducuntur,
3235 1143 3364 1199 boni

1804 1223 2094 1292 quidquam
2125 1228 2476 1295 prmstarent?
2516 1229 2639 1284 Fuit
2688 1231 2799 1286 haec
2849 1232 3091 1301 profecto
3141 1228 3360 1303 quidem

1802 1313 1887 1368 lex
1919 1315 2091 1384 palam
2120 1318 2404 1387 impudens
2455 1330 2505 1373 et
2552 1321 2980 1385 immanissima;
3036 1339 3361 1394 omnemque

160 1415 343 1455 morum
370 1403 641 1461 feritatem
670 1406 831 1465 facile
858 1410 1155 1481 superavit.
1202 1408 1341 1478 Quin
1385 1409 1547 1464 etiam
1585 1408 1687 1478 legi
1747 1408 1957 1478 adjecta
1985 1418 2107 1464 erat
2140 1411 2253 1466 haec
2303 1402 2483 1479 paena,
2514 1423 2572 1468 ut
2597 1414 2689 1484 qui
2717 1414 2937 1470 inclusis
2961 1416 3151 1483 stipem
3178 1417 3359 1474 dedis-

158 1499 274 1558 sent,
299 1498 412 1561 pari
444 1510 571 1550 cum
600 1498 732 1566 ipsis
771 1501 1033 1571 supplicio
1057 1502 1460 1572 plecterentur;
1506 1515 1671 1571 utque
1712 1501 1767 1556 in
1814 1516 2089 1559 carcerem
2134 1511 2188 1558 et
2219 1503 2431 1560 vincula
2465 1506 2691 1577 coniecti
2741 1511 2985 1565 eamdem
3024 1524 3146 1567 cum
3179 1512 3359 1566 noxiis

156 1600 339 1651 penam
361 1590 628 1657 subirent,
664 1595 756 1663 qui
783 1594 1138 1671 humanitatis
1161 1595 1335 1651 olﬁcia
1365 1597 1445 1651 eis
1477 1597 1877 1666 prtustitissent.

639 1684 1030 1738 ΚΕΦΔΛΑΙΟΝ
1053 1687 1181 1739 NE'.

148 1767 267 1834 Περὶ
303 1768 418 1823 τῶν
454 1774 728 1829 Λικινίου
764 1777 1145 1847 παρανομιῶν
1171 1777 1266 1831 καί
1302 1776 1684 1842 πλεονεξιῶν.

207 1860 446 1916 Τοιαῦται
472 1864 718 1918 Λικινίου
751 1869 806 1920 αἱ
830 1867 1120 1933 διατάξεις.
1148 1868 1213 1922 Τί
1236 1868 1293 1922 δὲ
1325 1870 1429 1941 χρὴ
1456 1868 1554 1933 τὰς
1589 1886 1687 1922 πε-

151 1950 194 2019 ρὶ
221 1952 398 2021 γάμων
437 1955 604 2009 αὐτοῦ
645 1958 989 2030 καινοτομίας
1020 1958 1468 2031 ἀπαριθμείσθαι,
1505 1960 1688 2031 ῆτοὺς

146 2040 224 2092 ἐπὶ
249 2042 501 2108 τοιούτοις
517 2045 611 2098 τὸν
655 2044 767 2116 βίον
818 2047 1235 2118 μεταλλάττουσι
1264 2050 1684 2121 νεωτερισμοὺς,

142 2130 199 2183 δι’
217 2125 283 2186 ὧν
306 2134 426 2199 τοὺς
460 2135 725 2201 παλαιοὺς
770 2139 1050 2211 Ῥωμαίων
1091 2135 1150 2193 εὖ
1184 2140 1277 2194 καὶ
1298 2139 1477 2211 σοφῶς
1503 2127 1688 2212 κειμέζ

142 2239 247 2287 νους
268 2224 459 2295 νόμους
494 2228 834 2300 περιγράψαι
869 2232 1164 2303 τολμήσας,
1193 2230 1499 2303 βαρϐάρους
1535 2231 1685 2293 τινὰς

142 2316 220 2368 καὶ
253 2317 552 2390 ἀνημέρους
600 2321 908 2393 ἀντεισῆγε,
950 2324 1177 2395 σκήψεις
1214 2322 1443 2376 ἐπινοῶν
1482 2322 1682 2393 μυρίας

141 2406 257 2460 κατά
294 2409 399 2462 τῶν
453 2411 740 2482 ὑπηκόων;
789 2414 977 2468 Ἔνθεν
1024 2417 1423 2488 ἀναμετρήσεις
1474 2416 1683 2471 ἐπενόει

139 2504 334 2574 γῆς,ὠς
360 2506 427 2560 ἂν
468 2507 692 2561 πλείονα
740 2509 816 2581 τῷ
855 2511 1035 2583 μέτρῳ
1071 2510 1333 2580 λογίζοιτο
1370 2510 1468 2583 τὴν
1502 2512 1685 2581 ἐλαχί-

138 2609 267 2664 στην,
294 2598 356 2652 δι’
374 2599 680 2673 ἀπληστίαν
702 2602 967 2674 περιττῶν
986 2603 1339 2675 είσπράξεων.
1371 2604 1560 2659 Ἔνθεν
1574 2604 1682 2657 τῶν

137 2690 238 2739 κατ’
271 2690 470 2761 ἀγροὺς
504 2692 703 2763 μηκέτι
741 2693 910 2747 ὄντων
944 2693 1265 2767 ἀνθρώπων,
1313 2695 1586 2765 πρόπαλαι
1634 2696 1679 2750 δ’

134 2781 187 2834 ἐν
210 2786 408 2854 νεκροῖς
457 2785 748 2856 κειμένων,
802 2787 1122 2858 ἀναγραφὰς
1160 2790 1413 2852 ἐποιεῖτο,
1455 2788 1679 2862 αἰσχρὸν

132 2873 260 2944 αὐτῷ
284 2875 471 2947 κέρδος
511 2877 579 2930 ἐκ
622 2877 810 2931 τούτου
853 2879 1230 2951 ποριζόμενος.
1278 2881 1353 2933 Οὐ
1393 2879 1500 2952 γὰρ
1535 2877 1678 2952 εἶχεν

1724 1647 1875 1749 is”
2090 1647 2101 1653 ’
2278 1687 2448 1761 ωε
2479 1687 2707 1745 CAPUT
2746 1688 2858 1744 Lv.

2098 1779 2172 1834 De
2204 1782 2480 1851 iniquitate
2506 1794 2551 1835 et
2575 1787 2803 1837 avaritia
2826 1784 3035 1838 Licinii.

1863 1870 2177 1940 Huiusmodi
2225 1872 2378 1931 fuere
2438 1875 2856 1931 constitutiones
2927 1875 3147 1934 Licinii.
3211 1877 3347 1944 Quid

1791 1978 1918 2019 vero
1961 1980 2096 2034 opus
2117 1965 2213 2037 :est.
2259 1980 2548 2022 recensere
2582 1982 2702 2037 quae
2730 1968 2785 2022 in
2822 1968 3022 2038 nuptiis
3069 1978 3162 2025 aut
3204 1971 3350 2025 circa

1792 2052 2085 2110 morientes
2139 2055 2455 2123 innovavit;
2506 2066 2747 2113 vetustas
2789 2056 3157 2116 Romanorum
3204 2060 3353 2132 leges

1790 2153 1939 2198 recte
1984 2151 2041 2199 et
2090 2146 2367 2215 sapienter
2422 2149 2744 2204 constitutas
2793 2163 2958 2205 ausus
3010 2150 3251 2216 abolere,
3298 2161 3355 2207 et

1788 2232 2052 2290 barbaras
2078 2237 2341 2304 quasdam
2374 2246 2538 2306 atque
2574 2238 2836 2294 immanes
2872 2240 3133 2309 planeque
3180 2241 3353 2312 illegi-

1789 2325 1953 2381 timas
1991 2336 2047 2382 et
2096 2327 2313 2399 iniquas
2371 2327 2518 2399 leges
2558 2328 2773 2385 illarum
2819 2330 2938 2385 loco
2982 2333 3353 2388 substituere?

1787 2415 1931 2473 Mille
1958 2428 2222 2486 praeterea
2256 2420 2602 2476 exactionum
2634 2419 2833 2490 genera
2873 2423 3133 2479 adversus
3157 2424 3348 2480 subdi—

1788 2514 1872 2561 tos
1909 2507 2259 2580 excogitavit.
2286 2507 2547 2574 Quocirca
2573 2524 2739 2565 novas
2766 2526 3018 2581 agrorum
3042 2512 3350 2567 mensiones

1784 2599 2086 2666 adinvenit,
2136 2610 2195 2655 ut
2235 2602 2414 2672 exigui
2449 2602 2564 2672 agri
2599 2601 2856 2669 maiorem
2893 2605 3187 2676 imputaret
3231 2621 3352 2662 mo-

1785 2689 1933 2756 dum,
1958 2689 2027 2743 ob
2049 2690 2422 2760 inexplebilem
2438 2691 2787 2761 cupiditatem
2806 2692 3093 2747 nimiarum
3113 2699 3352 2748 exactio-

1785 2799 1934 2840 num.
1954 2782 2080 2840 Ideo
2116 2788 2440 2840 rusticorum
2473 2787 2565 2854 qui
2607 2786 2929 2855 superstites
2977 2785 3208 2856 amplius
3240 2800 3348 2840 non

1782 2882 1960 2938 erant,
1988 2873 2079 2928 sed
2104 2872 2431 2943 jampridem
2463 2874 2748 2938 obierant,
2782 2875 2999 2929 nomina
3030 2876 3085 2930 in
3117 2890 3348 2930 censua-

133 2964 260 3034 αὐτῷ
282 2966 475 3038 μέτρον
495 2970 529 3039 ή
556 2967 892 3039 μικρολογία,
917 2970 1080 3040 οὐδ’ή
1111 2970 1383 3042 ἀπληστία
1408 2972 1552 3046 κόρῳ
1582 2989 1675 3025 πε-

1786 2964 1928 3020 libus
1957 2965 2154 3020 tabulis
2183 2963 2533 3031 inscribebat,
2565 2966 2736 3035 turpis
2772 2965 2909 3021 lucri
2942 2967 3068 3022 hinc
3096 2981 3349 3036 compen-

133 3054 404 3126 ρίωρίζετο.
437 3061 530 3112 Διὸ
553 3060 618 3131 δὴ
645 3060 820 3114 πάντα
850 3061 1144 3133 πληρώσας
1168 3062 1368 3135 χρυσοῦ
1390 3044 1484 3118 καί
1507 3065 1675 3136 ἀργύ-

1784 3053 1932 3108 dium
1960 3063 2206 3123 captans.
2240 3054 2423 3123 Neque
2458 3055 2602 3109 enim
2638 3055 2855 3109 sordida
2887 3056 3127 3112 hominis
3164 3057 3347 3127 parci-

129 3159 211 3214 ρου
230 3149 514 3220 χρημάτων
540 3152 589 3203 τ’
622 3153 861 3224 ἀπείρων
886 3152 1099 3225 πλήθει,
1143 3154 1341 3209 στένων
1367 3155 1679 3228 ἀπωδύρετο
1718 3222 1727 3229 θ

128 3239 386 3309 πτωχείαν,
433 3242 746 3313 Τανταλείῳ
776 3244 937 3298 πάθει
972 3244 1069 3316 τὴν
1111 3243 1289 3316 ψυχὴν
1322 3244 1672 3315 τρυχόμενος·

125 3328 235 3393 υἷας
255 3330 297 3385 δ’
320 3333 518 3405 ἐφεῦρε
535 3333 677 3388 κατά
691 3335 798 3388 τῶν
821 3336 984 3409 μηδὲν
1007 3335 1339 3406 ἠδικηκότων
1360 3334 1678 3406 ὑπερορίους

122 3424 380 3494 τιμωρίας,
410 3428 533 3490 οῖας
568 3427 920 3497 ὑπαρχόντων
944 3426 1256 3498 δημεύσεις,
1284 3426 1403 3489 οἵας
1426 3426 1677 3500 εὐπατρι-

122 3509 211 3567 δῶν
234 3519 321 3571 καὶ
343 3519 641 3588 ἀξιολόγων
672 3519 880 3591 ἀνδρῶν
898 3518 1220 3589 ἀπαγωγὰς,
1260 3510 1334 3571 ὧν
1364 3516 1461 3580 τὰς
1486 3533 1672 3587 κουριο

121 3600 219 3667 δίας
248 3612 457 3680 μιαροῖς
492 3610 731 3673 οἰκέταις
755 3609 1009 3682 ἐφ’ῦὸρει
1032 3608 1281 3682 πράξεως
1312 3608 1541 3677 αἰσχρᾶς
1573 3623 1671 3659 πα-

123 3699 327 3765 ρεδίδου·
359 3706 515 3769 ὅσαις
557 3706 600 3758 δ’
634 3705 814 3771 αὐτὸς,
851 3706 1053 3775 καίπερ
1092 3704 1193 3776 ήδη
1234 3704 1381 3773 γήρᾳ
1413 3701 1473 3754 τὸ
1508 3700 1669 3771 σῶμα

124 3792 567 3865 πετωιλ-ιιωμένος,
619 3796 864 3865 γυναιξὶν
913 3795 1224 3867 ὑπάνδροις,
1270 3791 1558 3864 παρθένοις
1606 3806 1666 3843 τε

120 3874 283 3945 κόραις
310 3882 605 3958 ἐπεχείρει,
652 3888 711 3941 οὐ
740 3888 803 3961 δὴ
840 3887 1010 3941 ταῦτα
1040 3884 1217 3957 χρεὼν
1246 3883 1524 3956 μηκύνειν,
1567 3882 1667 3952 τῆς

120 3963 209 4019 τῶν
244 3972 479 4042 ἐσχάτων
513 3979 681 4032 αὐτοῦ
717 3980 966 4051 πράξεων
997 3977 1300 4050 ὑπερϐολῆς
1349 3974 1555 4047 σμικρὰ
1602 3973 1666 4026 τὰ

121 4056 282 4126 πρῶτα
310 4066 401 4114 καί⁹
430 4069 493 4117 τδ
524 4070 690 4140 μηδὲν
718 4069 1094 4142 ἀποδειξάσης·

1782 3145 1961 3198 monia
1991 3144 2155 3199 ullum
2184 3145 2419 3200 habebat
2468 3144 2706 3210 modum,
2742 3160 2840 3200 nec
2868 3146 3103 3201 habendi
3130 3146 3345 3216 cupidi-

1784 3243 1947 3292 tatem
1976 3235 2203 3292 satietas
2236 3235 2478 3294 ﬁniebat.
2513 3236 2699 3306 Itaque
2720 3251 2842 3292 cum
2875 3251 3011 3291 auro
3031 3246 3087 3291 et
3117 3246 3346 3308 argento

1782 3333 1837 3380 et
1865 3327 2126 3380 immensa
2173 3341 2331 3395 opum
2378 3327 2535 3397 copia
2574 3328 2856 3382 thesauros
2885 3343 3015 3383 suos
3041 3328 3372 3397 implesset,o

1779 3432 2000 3488 gemens
2043 3418 2110 3472 de
2157 3428 2471 3488 paupertate
2510 3433 2607 3474 sua
2654 3418 3003 3489 querebatur,
3062 3419 3342 3475 Tantalicn

1777 3510 2013 3580 quodam
2047 3510 2238 3566 morbo
2261 3521 2517 3568 vexatus.
2559 3510 2698 3576 Quid
2734 3510 2967 3567 referam
2992 3512 3184 3567 exsilia
3214 3515 3340 3581 qui-

1774 3601 1875 3656 bus
1897 3601 2048 3657 viros
2068 3601 2387 3657 innocentes
2409 3601 2722 3657 damnavit?
2760 3601 2900 3669 Quid
2938 3603 3205 3656 bonorum
3242 3616 3342 3670 pu-

1774 3691 2139 3748 blicationes?
2188 3692 2327 3759 Quid
2359 3691 2573 3748 nobiles
2633 3706 2699 3748 ac
2739 3692 3026 3763 praecipua:
3059 3693 3340 3762 dignitatis

1772 3785 2018 3840 homines
2069 3787 2123 3839 in
2177 3798 2449 3840 carcerem
2505 3785 2787 3848 abductos,
2841 3799 3077 3855 quorum
3139 3800 3338 3841 uxores

1772 3876 2052 3932 sceleratis
2123 3875 2443 3948 quibusdam
2537 3877 2825 3948 mancipiis
2899 3879 3337 3949 constuprandas

1771 3969 1979 4024 dabat?
2007 3969 2150 4036 Quid
2180 3968 2431 4024 mulieres
2457 3980 2676 4039 nuptas,
2712 3970 2842 4040 quid
2874 3970 3114 4039 virgines
3145 3985 3335 4025 recen-

1769 4074 1938 4126 seam,
1994 4060 2193 4131 quibus
2241 4060 2380 4130 ipse,
2407 4060 2532 4116 licet
2578 4061 2771 4116 aﬂ‘ecta
2814 4061 2927 4130 jam
2987 4069 3169 4128 aetate,
3222 4061 3333 4114 vim

121 4143 292 4205 inferre
345 4160 619 4209 tentavit!
662 4161 804 4214 Nihil
848 4177 984 4230 opus
1039 4173 1123 4217 est
1179 4164 1232 4217 in
1286 4163 1373 4217 his
1437 4153 1923 4214 commemorandis
1982 4151 2186 4208 diutius
2230 4152 2537 4219 immorari,
2588 4167 2713 4208 cum
2756 4163 3158 4222 postremorum
3212 4151 3332 4220 ejus

119 4232 384 4299 facinorum
417 4248 690 4315 gravitas,
731 4259 787 4304 ut
827 4254 1008 4321 priora
1052 4256 1167 4311 lucc
1207 4257 1343 4312 levia
1380 4270 1444 4309 ac
1472 4264 1638 4321 prope
1660 4245 1809 4300 nulla
1833 4246 2166 4311 viderentur.
2194 4245 2455 4301 effecerit-

577 4341 973 4398 ΚΕΦΔΛΑΙΟΝ
1001 4346 1145 4414 NG’.

249 4424 371 4479 Ὅτι
396 4426 659 4489 διωγμὸν
676 4431 923 4489 ποιῆσαι
944 4437 1160 4490 λοιπὸν
1182 4437 1491 4506 ἐπεχείρει.

170 4575 232 4630 Τδ
256 4580 380 4649 γοῦν
409 4582 562 4646 τέλος
594 4583 744 4656 αὒτῷ
784 4586 883 4657 τῆς
914 4590 1112 4659 μανίας
1147 4591 1286 4645 κατά
1324 4590 1431 4644 τῶν
1457 4589 1654 4661 ἐκκλη-

115 4665 221 4719 σιῶν
256 4669 539 4737 ὡπλίζετο,
579 4673 672 4727 ἐπί
715 4692 775 4728 τε
806 4677 933 4741 τοὺς
964 4680 1291 4745 ἐπισκόπους
1314 4678 1530 4752 ἐχώρει,
1562 4678 1655 4743 οὓς

112 4754 165 4808 ἂν
190 4760 406 4828 μάλιστα
440 4764 882 4835 ἐναντιουμένους
897 4767 1070 4841 ἐώραο
1101 4772 1197 4825 καὶ
1216 4773 1443 4843 ἐχθροὺς
1469 4773 1654 4843 ἡγεῖτο

112 4851 216 4912 τοὺς
240 4855 309 4925 τῷ
332 4856 570 4926 θεοφιλεῖ
602 4857 696 4911 καὶ
731 4860 949 4931 μεγάλῳ
979 4861 1188 4931 βασιλεῖ
1222 4863 1429 4933 φίλους.
1468 4864 1558 4917 Διὸ
1587 4863 1652 4935 δὴ

114 4935 314 5005 μάλιστα
338 4946 456 4997 καθ’
494 4947 654 5018 ἡμῶν
684 4949 775 5002 τὸν
806 4949 974 5020 θυμὸν
1012 4952 1263 5019 ὼξύνετο,
1303 4952 1397 5007 τοῦ
1438 4953 1651 5024 σώφρο-

108 5030 299 5102 νος(19)
326 5038 817 5106 παρενηνεγμένος,
858 5039 981 5094 οὔτε
1023 5043 1122 5114 τὴν
1152 5046 1371 5115 μνήμην
1403 5043 1512 5095 τῶν
1543 5042 1651 5114 πρὸ

110 5118 248 5191 αρτοῦ
280 5126 640 5195 Χριστιανοὺς
670 5128 1035 5197 ἐκδιωξάντων
1078 5136 1135 5187 ἐν
1177 5134 1253 5205 νῷ
1299 5133 1646 5200 κατεϐάλετο,

110 5208 200 5264 οὔθ’
226 5208 295 5268 ὧν
335 5217 499 5281 αὐτὸς
535 5217 727 5291 ὀλετὴρ
776 5223 866 5275 καὶ
908 5225 1147 5295 τιμωρὸς
1178 5226 1245 5278 δι’
1276 5226 1343 5288 ἃς
1385 5224 1646 5296 μετῆλθον

107 5301 345 5373 ἀσεϐείας,
370 5310 630 5381 κατέστη,
655 5310 767 5365 οὗθ’
790 5307 865 5369 ὧν
891 5316 1165 5387 αὐτόπτης
1193 5316 1432 5385 γέγονεν,
1464 5317 1647 5379 αὐτοῖς

110 5479 183 5547 τός
217 5489 362 5555 ponit
413 5491 1292 5563 pro_paganis_seugentilibus.
1340 5492 1474 5546 Vide
1517 5508 1636 5563 quas

112 5566 241 5620 supra
272 5560 451 5615 notavi
482 5559 552 5632 ad
579 5560 843 5632 caput};
874 5559 1032 5626 hujus
1068 5563 1212 5617 libri.
1252 5559 1637 5632 Christophor-

111 5635 246 5700 sonus
278 5639 454 5684 tamen
485 5627 594 5681 τῶν
616 5628 792 5700 Δἐκτός
833 5629 1215 5700 interpretatus
1239 5642 1323 5687 est
1348 5627 1632 5700 prrcterea;

112 5703 157 5768 ιιι
179 5696 305 5753 idem
347 5702 419 5754 sit
446 5713 512 5756 ac
536 5697 740 5752 τούτων
776 5697 953 5763 ἐκτός,
979 5696 1257 5768 quomodo
1308 5696 1517 5757 locutus
1551 5713 1634 5755 cst

112 5760 356 5836 Eusebius,
386 5784 511 5840 cap.
535 5770 627 5823 45.

438 5862 713 5923 Ριτιιοι..
746 5861 864 5923 Gn.
907 5860 1045 5924 XX.

2333 4335 2560 4393 CAPUT
2612 4333 2746 4390 LVI.

1836 4427 2111 4495 Quomodo
2167 4428 2579 4497 persecutionem
2612 4428 2882 4497 adversus
2926 4423 3258 4480 Christianos

2250 4499 2459 4549 tandem
2505 4496 2828 4549 excitaverit.

1831 4590 2075 4660 Denique
2097 4602 2163 4643 eo
2190 4585 2395 4640 furoris
2431 4587 2719 4653 processit,
2752 4594 2811 4637 ut
2842 4583 3104 4638 Ecclesiis
3125 4583 3323 4638 bellum

1762 4681 2013 4745 inferret,
2049 4679 2304 4748 ipsosque
2331 4677 2620 4743 episcopos
2651 4674 2982 4739 adoriretur,
3009 4687 3143 4742 quos
3158 4673 3327 4728 maxi-

1759 4786 1846 4826 me
1872 4771 1977 4825 sibi
2006 4769 2265 4823 adversos
2291 4780 2412 4821 esse
2439 4764 2807 4837 intelligebat;
2839 4779 2938 4833 pro
2962 4763 3198 4819 inimicis
3223 4764 3323 4818 ha—

1757 4864 1893 4919 bens
1917 4875 2011 4916 eos
2041 4858 2131 4929 qui
2160 4858 2381 4912 maximi
2410 4856 2625 4926 Deoque
2646 4855 2951 4910 cbari'ssimi
2978 4854 3322 4924 imperatoris
3368 4899 3385 4939 θ.

1756 4954 1917 5010 amici
1969 4958 2172 5007 essent.
2210 4949 2293 5005 0b
2332 4963 2493 5017 quam
2521 4947 2796 5016 praecipue
2829 4958 3048 5000 causam
3081 4944 3322 5001 furorem
3367 4948 3376 4973 ‘

1755 5060 1914 5102 suum
1944 5044 1996 5097 in
2025 5056 2127 5097 nos
2155 5039 2396 5103 exacuit,
2455 5052 2485 5091 a
2537 5045 2685 5092 recta
2731 5034 2944 5089 ratione
2990 5033 3317 5089 desciscens.

1759 5136 1869 5191 Nec
1910 5132 2215 5202 exemplum
2250 5144 2437 5186 eorum
2472 5128 2565 5199 qui
2595 5135 2723 5180 ante
2765 5126 2944 5194 ipsum
2980 5123 3319 5181 ChriStianos

1753 5226 1974 5281 fuerant
2019 5222 2313 5293 persecuti,
2371 5224 2427 5275 iu
2469 5219 2788 5274 memoriam
2842 5216 2944 5273 sibi
3001 5214 3313 5272 revocavit;

1754 5330 1858 5371 nec
1901 5314 2115 5381 illorum
2147 5326 2381 5383 quorum
2414 5310 2483 5364 ob
2527 5307 2691 5377 impia
2740 5305 2986 5361 facinora
3019 5304 3162 5359 ultor
3202 5301 3318 5370 ipse

1814 5493 1925 5564 (l9)
1972 5491 2082 5546 Τόῦ
2125 5489 2455 5560 σώφρονος.
2488 5487 2618 5564 Posr.
2658 5499 2772 5541 naec
2813 5500 2977 5564 verna
3021 5483 3312 5564 asteriscus

1741 5557 2092 5633 apponendus
2120 5557 2229 5637 est.
2252 5557 2451 5637 Desunt
2476 5559 2621 5637 enim
2675 5557 2950 5637 nonnulla,
2976 5569 3100 5637 qua:
3133 5563 3310 5607 tamen

1741 5627 1928 5687 ex'lib.
1954 5648 2012 5692 κ,
2044 5646 2163 5698 cap.
2190 5629 2244 5694 8,
2274 5630 2344 5698 ita
2366 5627 3312 5698 suppleriptlssunt:trodqtbtppovoc

1739 5701 2046 5785 ἐκτραπεὶς.
2063 5692 2342 5785 λογισμοῦ.
2396 5692 3061 5785 inVcotldi-[iultl'l‘urnebi
3091 5692 3308 5747 ac’Sav.

1739 5764 1932 5843 legitur
1955 5769 2049 5823 τοῦ
2079 5764 2351 5840 σώφρονος
2376 5764 2874 5838 παρενηνεγμένος.

2914 5854 2989 5917 31

3156 5960 3251 5975 να-’σ
