  <div class='ocr_page' id='page_1' title='image "/cluster/home/n/w/nwhite01/storage/ocr_20150623/20/hvd.32044012984548/491.png"; bbox 0 0 3860 6484; ppageno 0'>
   <div class='ocr_carea' id='block_1_1' title="bbox 481 386 3705 452">
    <p class='ocr_par' dir='ltr' id='par_1_1' title="bbox 481 386 3705 452">
     <span class='ocr_line' id='line_1_1' title="bbox 481 386 3705 452; baseline -0.002 0"><span class='ocrx_word' id='word_1_1' title='bbox 481 394 579 452; x_wconf 74' lang='grc'><strong>971</strong></span> <span class='ocrx_word' id='word_1_2' title='bbox 1216 389 1483 448; x_wconf 80' lang='lat' dir='ltr'><strong>EUSEBII</strong></span> <span class='ocrx_word' id='word_1_3' title='bbox 1518 386 1994 447; x_wconf 68' lang='lat' dir='ltr'><strong>CASSARIENSIS</strong></span> <span class='ocrx_word' id='word_1_4' title='bbox 2029 386 2177 444; x_wconf 86' lang='lat' dir='ltr'><strong>OPP.</strong></span> <span class='ocrx_word' id='word_1_5' title='bbox 2219 387 2399 446; x_wconf 77' lang='lat' dir='ltr'><strong>PARS</strong></span> <span class='ocrx_word' id='word_1_6' title='bbox 2434 390 2477 446; x_wconf 88' lang='lat' dir='ltr'><strong>l.</strong></span> <span class='ocrx_word' id='word_1_7' title='bbox 2514 401 2594 430; x_wconf 89' lang='lat'><strong>—-—‘</strong></span> <span class='ocrx_word' id='word_1_8' title='bbox 2624 386 3013 446; x_wconf 78' lang='lat' dir='ltr'><strong>ﬂlSTORlCA.</strong></span> <span class='ocrx_word' id='word_1_9' title='bbox 3618 388 3705 445; x_wconf 69' lang='lat'><strong>973</strong></span> 
     </span>
    </p>
   </div>
   <div class='ocr_carea' id='block_1_2' title="bbox 482 490 2058 583">
    <p class='ocr_par' dir='ltr' id='par_1_2' title="bbox 482 490 2047 583">
     <span class='ocr_line' id='line_1_2' title="bbox 482 490 2047 583; baseline -0.006 -18"><span class='ocrx_word' id='word_1_10' title='bbox 482 524 651 583; x_wconf 88' lang='lat' dir='ltr'><strong>atque</strong></span> <span class='ocrx_word' id='word_1_11' title='bbox 682 510 981 566; x_wconf 87' lang='lat' dir='ltr'><strong>exstinctor</strong></span> <span class='ocrx_word' id='word_1_12' title='bbox 1006 490 1562 562; x_wconf 33' lang='lat' dir='ltr'><strong>Fuerat&#39;coustitutus.</strong></span> <span class='ocrx_word' id='word_1_13' title='bbox 1609 501 1721 559; x_wconf 85' lang='lat' dir='ltr'><strong>Nec</strong></span> <span class='ocrx_word' id='word_1_14' title='bbox 1764 503 1947 559; x_wconf 87' lang='lat' dir='ltr'><strong>animo</strong></span> <span class='ocrx_word' id='word_1_15' title='bbox 1993 513 2047 558; x_wconf 87' lang='lat' dir='ltr'><strong>et</strong></span> 
     </span>
    </p>
   </div>
   <div class='ocr_carea' id='block_1_3' title="bbox 2168 490 3707 583">
    <p class='ocr_par' dir='ltr' id='par_1_3' title="bbox 2168 500 3707 577">
     <span class='ocr_line' id='line_1_3' title="bbox 2168 500 3707 577; baseline 0 -20"><span class='ocrx_word' id='word_1_16' title='bbox 2168 504 2478 577; x_wconf 68' lang='grc' dir='ltr'><strong>παραλαϐὼν</strong></span> <span class='ocrx_word' id='word_1_17' title='bbox 2520 505 2733 576; x_wconf 66' lang='grc' dir='ltr'><strong>ὄμμασι</strong></span> <span class='ocrx_word' id='word_1_18' title='bbox 2774 503 2868 558; x_wconf 73' lang='grc' dir='ltr'><strong>τὸν</strong></span> <span class='ocrx_word' id='word_1_19' title='bbox 2906 501 3294 577; x_wconf 75' lang='grc' dir='ltr'><strong>πρωτοστάτην</strong></span> <span class='ocrx_word' id='word_1_20' title='bbox 3325 500 3440 572; x_wconf 77' lang='lat'><strong>(20)</strong></span> <span class='ocrx_word' id='word_1_21' title='bbox 3485 501 3584 555; x_wconf 84' lang='grc' dir='ltr'><strong>τῶν</strong></span> <span class='ocrx_word' id='word_1_22' title='bbox 3625 520 3707 557; x_wconf 83' lang='grc' dir='ltr'><strong>κα-</strong></span> 
     </span>
    </p>
   </div>
   <div class='ocr_carea' id='block_1_4' title="bbox 483 588 2058 674">
    <p class='ocr_par' dir='ltr' id='par_1_4' title="bbox 483 588 2045 674">
     <span class='ocr_line' id='line_1_4' title="bbox 483 588 2045 674; baseline -0.006 -16"><span class='ocrx_word' id='word_1_23' title='bbox 483 603 812 674; x_wconf 88' lang='lat' dir='ltr'><strong>cogitatione</strong></span> <span class='ocrx_word' id='word_1_24' title='bbox 857 598 1019 673; x_wconf 67' lang='grc'><strong>437</strong></span> <span class='ocrx_word' id='word_1_25' title='bbox 1064 597 1295 654; x_wconf 91' lang='lat' dir='ltr'><strong>recoluit</strong></span> <span class='ocrx_word' id='word_1_26' title='bbox 1324 611 1387 652; x_wconf 91' lang='lat' dir='ltr'><strong>ea</strong></span> <span class='ocrx_word' id='word_1_27' title='bbox 1416 610 1649 666; x_wconf 90' lang='lat' dir='ltr'><strong>quorum</strong></span> <span class='ocrx_word' id='word_1_28' title='bbox 1685 595 1799 666; x_wconf 90' lang='lat' dir='ltr'><strong>ipse</strong></span> <span class='ocrx_word' id='word_1_29' title='bbox 1827 588 2045 665; x_wconf 82' lang='lat' dir='ltr'><strong>spe&#39;cta-</strong></span> 
     </span>
    </p>
   </div>
   <div class='ocr_carea' id='block_1_5' title="bbox 2168 588 3709 674">
    <p class='ocr_par' dir='ltr' id='par_1_5' title="bbox 2168 592 3709 668">
     <span class='ocr_line' id='line_1_5' title="bbox 2168 592 3709 668; baseline -0.001 -19"><span class='ocrx_word' id='word_1_30' title='bbox 2168 596 2285 661; x_wconf 80' lang='grc' dir='ltr'><strong>ιῶν,</strong></span> <span class='ocrx_word' id='word_1_31' title='bbox 2324 597 2383 660; x_wconf 83' lang='grc' dir='ltr'><strong>ὃς</strong></span> <span class='ocrx_word' id='word_1_32' title='bbox 2411 614 2494 661; x_wconf 82' lang='grc' dir='ltr'><strong>τις</strong></span> <span class='ocrx_word' id='word_1_33' title='bbox 2534 613 2665 650; x_wconf 89' lang='grc' dir='ltr'><strong>ποτε</strong></span> <span class='ocrx_word' id='word_1_34' title='bbox 2698 592 2767 668; x_wconf 75' lang='grc' dir='ltr'><strong>ἢν</strong></span> <span class='ocrx_word' id='word_1_35' title='bbox 2799 597 3029 661; x_wconf 76' lang='grc' dir='ltr'><strong>ἐκεῖνος,</strong></span> <span class='ocrx_word' id='word_1_36' title='bbox 3068 592 3315 665; x_wconf 82' lang='grc' dir='ltr'><strong>θεηλάτῳ</strong></span> <span class='ocrx_word' id='word_1_37' title='bbox 3346 593 3566 666; x_wconf 80' lang='grc' dir='ltr'><strong>μάστιγι</strong></span> <span class='ocrx_word' id='word_1_38' title='bbox 3595 594 3709 667; x_wconf 84' lang='grc' dir='ltr'><strong>πλη-</strong></span> 
     </span>
    </p>
   </div>
   <div class='ocr_carea' id='block_1_6' title="bbox 485 689 2058 759">
    <p class='ocr_par' dir='ltr' id='par_1_6' title="bbox 485 689 2047 759">
     <span class='ocr_line' id='line_1_6' title="bbox 485 689 2047 759; baseline -0.006 -7"><span class='ocrx_word' id='word_1_39' title='bbox 485 706 569 752; x_wconf 84' lang='grc' dir='ltr'><strong>ιοι·</strong></span> <span class='ocrx_word' id='word_1_40' title='bbox 594 695 918 759; x_wconf 66' lang='lat' dir='ltr'><strong>exstiterat,</strong></span> <span class='ocrx_word' id='word_1_41' title='bbox 980 701 1108 747; x_wconf 91' lang='lat' dir='ltr'><strong>tunc</strong></span> <span class='ocrx_word' id='word_1_42' title='bbox 1148 706 1271 747; x_wconf 90' lang='lat' dir='ltr'><strong>cum</strong></span> <span class='ocrx_word' id='word_1_43' title='bbox 1305 689 1462 746; x_wconf 90' lang='lat' dir='ltr'><strong>illum</strong></span> <span class='ocrx_word' id='word_1_44' title='bbox 1486 691 1731 747; x_wconf 91' lang='lat' dir='ltr'><strong>omnium</strong></span> <span class='ocrx_word' id='word_1_45' title='bbox 1782 690 2047 744; x_wconf 90' lang='lat' dir='ltr'><strong>malorum</strong></span> 
     </span>
    </p>
   </div>
   <div class='ocr_carea' id='block_1_7' title="bbox 2168 689 2339 759">
    <p class='ocr_par' dir='ltr' id='par_1_7' title="bbox 2168 689 2339 758">
     <span class='ocr_line' id='line_1_7' title="bbox 2168 689 2339 758; baseline -0.006 -15"><span class='ocrx_word' id='word_1_46' title='bbox 2168 689 2339 758; x_wconf 70' lang='grc' dir='ltr'><strong>γέντα.</strong></span> 
     </span>
    </p>
   </div>
   <div class='ocr_carea' id='block_1_8' title="bbox 481 777 3711 857">
    <p class='ocr_par' dir='ltr' id='par_1_8' title="bbox 481 777 3711 857">
     <span class='ocr_line' id='line_1_8' title="bbox 481 777 3711 857; baseline -0.003 -16"><span class='ocrx_word' id='word_1_47' title='bbox 481 787 918 857; x_wconf 87' lang='lat' dir='ltr'><strong>antesignanum,</strong></span> <span class='ocrx_word' id='word_1_48' title='bbox 989 783 1234 855; x_wconf 77' lang='lat' dir='ltr'><strong>quisquis</strong></span> <span class='ocrx_word' id='word_1_49' title='bbox 1298 782 1391 840; x_wconf 90' lang='lat' dir='ltr'><strong>ille</strong></span> <span class='ocrx_word' id='word_1_50' title='bbox 1436 783 1652 840; x_wconf 82' lang='lat' dir='ltr'><strong>tandem</strong></span> <span class='ocrx_word' id='word_1_51' title='bbox 1716 780 1854 848; x_wconf 76' lang='lat' dir='ltr'><strong>fuit,</strong></span> <span class='ocrx_word' id='word_1_52' title='bbox 1908 779 2113 836; x_wconf 81' lang='lat' dir='ltr'><strong>inﬂicta</strong></span> <span class='ocrx_word' id='word_1_53' title='bbox 2172 782 2432 837; x_wconf 74' lang='lat' dir='ltr'><strong>divinitus</strong></span> <span class='ocrx_word' id='word_1_54' title='bbox 2479 780 2636 852; x_wconf 80' lang='lat' dir='ltr'><strong>plaga</strong></span> <span class='ocrx_word' id='word_1_55' title='bbox 2693 795 3017 851; x_wconf 88' lang='lat' dir='ltr'><strong>percussum</strong></span> <span class='ocrx_word' id='word_1_56' title='bbox 3068 778 3183 835; x_wconf 83' lang='lat' dir='ltr'><strong>suis</strong></span> <span class='ocrx_word' id='word_1_57' title='bbox 3226 777 3342 849; x_wconf 91' lang='lat' dir='ltr'><strong>ipse</strong></span> <span class='ocrx_word' id='word_1_58' title='bbox 3391 777 3565 832; x_wconf 87' lang='lat' dir='ltr'><strong>oculis</strong></span> <span class='ocrx_word' id='word_1_59' title='bbox 3599 786 3711 833; x_wconf 58' lang='lat' dir='ltr'><strong>con:</strong></span> 
     </span>
    </p>
   </div>
   <div class='ocr_carea' id='block_1_9' title="bbox 482 879 681 950">
    <p class='ocr_par' dir='ltr' id='par_1_9' title="bbox 482 879 681 950">
     <span class='ocr_line' id='line_1_9' title="bbox 482 879 681 950; baseline -0.02 -15"><span class='ocrx_word' id='word_1_60' title='bbox 482 879 681 950; x_wconf 78' lang='lat' dir='ltr'><strong>spexit.</strong></span> 
     </span>
    </p>
   </div>
   <div class='ocr_carea' id='block_1_10' title="bbox 1052 967 1475 1027">
    <p class='ocr_par' dir='ltr' id='par_1_10' title="bbox 1052 967 1475 1027">
     <span class='ocr_line' id='line_1_10' title="bbox 1052 967 1475 1027; baseline -0.005 -2"><span class='ocrx_word' id='word_1_61' title='bbox 1052 967 1282 1027; x_wconf 83' lang='lat' dir='ltr'><strong>CAPUT</strong></span> <span class='ocrx_word' id='word_1_62' title='bbox 1316 967 1475 1025; x_wconf 76' lang='lat' dir='ltr'><strong>LVII.</strong></span> 
     </span>
    </p>
   </div>
   <div class='ocr_carea' id='block_1_11' title="bbox 491 1056 2048 1131">
    <p class='ocr_par' dir='ltr' id='par_1_11' title="bbox 491 1056 2048 1131">
     <span class='ocr_line' id='line_1_11' title="bbox 491 1056 2048 1131; baseline 0.001 -17"><span class='ocrx_word' id='word_1_63' title='bbox 491 1060 733 1127; x_wconf 73' lang='lat' dir='ltr'><strong>Qualiter</strong></span> <span class='ocrx_word' id='word_1_64' title='bbox 760 1056 1129 1131; x_wconf 69' lang='lat' dir='ltr'><strong>Maximianus</strong></span> <span class='ocrx_word' id='word_1_65' title='bbox 1153 1060 1394 1131; x_wconf 76' lang='lat' dir='ltr'><strong>ﬁstuloso</strong></span> <span class='ocrx_word' id='word_1_66' title='bbox 1430 1077 1495 1115; x_wconf 83' lang='lat' dir='ltr'><strong>ac</strong></span> <span class='ocrx_word' id='word_1_67' title='bbox 1524 1061 1845 1117; x_wconf 78' lang='lat' dir='ltr'><strong>verminante</strong></span> <span class='ocrx_word' id='word_1_68' title='bbox 1877 1062 2048 1117; x_wconf 79' lang='lat' dir='ltr'><strong>ulcere</strong></span> 
     </span>
    </p>
   </div>
   <div class='ocr_carea' id='block_1_12' title="bbox 584 1130 1941 1203">
    <p class='ocr_par' dir='ltr' id='par_1_12' title="bbox 584 1130 1941 1203">
     <span class='ocr_line' id='line_1_12' title="bbox 584 1130 1941 1203; baseline -0.001 -17"><span class='ocrx_word' id='word_1_69' title='bbox 584 1131 934 1199; x_wconf 76' lang='lat' dir='ltr'><strong>perdomitus,</strong></span> <span class='ocrx_word' id='word_1_70' title='bbox 966 1146 1063 1200; x_wconf 87' lang='lat' dir='ltr'><strong>pro</strong></span> <span class='ocrx_word' id='word_1_71' title='bbox 1094 1130 1415 1186; x_wconf 82' lang='lat' dir='ltr'><strong>Christianis</strong></span> <span class='ocrx_word' id='word_1_72' title='bbox 1449 1133 1613 1203; x_wconf 83' lang='lat' dir='ltr'><strong>legem</strong></span> <span class='ocrx_word' id='word_1_73' title='bbox 1649 1133 1941 1201; x_wconf 77' lang='lat' dir='ltr'><strong>scripserit.</strong></span> 
     </span>
    </p>
   </div>
   <div class='ocr_carea' id='block_1_13' title="bbox 2660 977 3223 1033">
    <p class='ocr_par' dir='ltr' id='par_1_13' title="bbox 2660 977 3223 1033">
     <span class='ocr_line' id='line_1_13' title="bbox 2660 977 3223 1033; baseline -0.004 0"><span class='ocrx_word' id='word_1_74' title='bbox 2660 977 3059 1033; x_wconf 76' lang='grc' dir='ltr'><strong>ΚΕΦΑΛΑΙΟΝ</strong></span> <span class='ocrx_word' id='word_1_75' title='bbox 3093 977 3223 1031; x_wconf 83' lang='grc' dir='ltr'><strong>ΝΖ’.</strong></span> 
     </span>
    </p>
   </div>
   <div class='ocr_carea' id='block_1_14' title="bbox 2154 1065 3706 1139">
    <p class='ocr_par' dir='ltr' id='par_1_14' title="bbox 2154 1065 3706 1139">
     <span class='ocr_line' id='line_1_14' title="bbox 2154 1065 3706 1139; baseline -0.001 -17"><span class='ocrx_word' id='word_1_76' title='bbox 2154 1069 2283 1122; x_wconf 83' lang='grc' dir='ltr'><strong>Ὅτι</strong></span> <span class='ocrx_word' id='word_1_77' title='bbox 2306 1066 2677 1139; x_wconf 72' lang='grc' dir='ltr'><strong>Μαξιμιανρς</strong></span> <span class='ocrx_word' id='word_1_78' title='bbox 2701 1068 2941 1137; x_wconf 66' lang='grc' dir='ltr'><strong>σύριγγι</strong></span> <span class='ocrx_word' id='word_1_79' title='bbox 2966 1067 3062 1139; x_wconf 68' lang='grc' dir='ltr'><strong>καὶ</strong></span> <span class='ocrx_word' id='word_1_80' title='bbox 3090 1065 3361 1139; x_wconf 74' lang='grc' dir='ltr'><strong>σκώληκι</strong></span> <span class='ocrx_word' id='word_1_81' title='bbox 3388 1065 3706 1136; x_wconf 79' lang='grc' dir='ltr'><strong>δαμασθεὶς,</strong></span> 
     </span>
    </p>
   </div>
   <div class='ocr_carea' id='block_1_15' title="bbox 2522 1136 3381 1207">
    <p class='ocr_par' dir='ltr' id='par_1_15' title="bbox 2522 1136 3381 1207">
     <span class='ocr_line' id='line_1_15' title="bbox 2522 1136 3381 1207; baseline -0.005 -14"><span class='ocrx_word' id='word_1_82' title='bbox 2522 1138 2675 1206; x_wconf 82' lang='grc' dir='ltr'><strong>ὑπὲρ</strong></span> <span class='ocrx_word' id='word_1_83' title='bbox 2701 1136 3075 1207; x_wconf 70' lang='grc' dir='ltr'><strong>Χριστιανῶν</strong></span> <span class='ocrx_word' id='word_1_84' title='bbox 3101 1138 3381 1207; x_wconf 67' lang='grc' dir='ltr'><strong>ἔγραφεν.</strong></span> 
     </span>
    </p>
   </div>
   <div class='ocr_carea' id='block_1_16' title="bbox 548 1221 2058 1302">
    <p class='ocr_par' dir='ltr' id='par_1_16' title="bbox 548 1221 2053 1296">
     <span class='ocr_line' id='line_1_16' title="bbox 548 1221 2053 1296; baseline 0.002 -20"><span class='ocrx_word' id='word_1_85' title='bbox 548 1221 688 1277; x_wconf 79' lang='lat' dir='ltr'><strong>Nam</strong></span> <span class='ocrx_word' id='word_1_86' title='bbox 718 1237 841 1278; x_wconf 91' lang='lat' dir='ltr'><strong>cum</strong></span> <span class='ocrx_word' id='word_1_87' title='bbox 872 1223 962 1279; x_wconf 88' lang='lat' dir='ltr'><strong>hic</strong></span> <span class='ocrx_word' id='word_1_88' title='bbox 998 1222 1276 1279; x_wconf 78' lang='lat' dir='ltr'><strong>Ecclesias</strong></span> <span class='ocrx_word' id='word_1_89' title='bbox 1316 1238 1630 1296; x_wconf 77' lang='lat' dir='ltr'><strong>oppugnare</strong></span> <span class='ocrx_word' id='word_1_90' title='bbox 1656 1239 1887 1281; x_wconf 82' lang='lat' dir='ltr'><strong>exorsus</strong></span> <span class='ocrx_word' id='word_1_91' title='bbox 1919 1224 2053 1279; x_wconf 82' lang='lat' dir='ltr'><strong>fuis-</strong></span> 
     </span>
    </p>
   </div>
   <div class='ocr_carea' id='block_1_17' title="bbox 2168 1221 3709 1302">
    <p class='ocr_par' dir='ltr' id='par_1_17' title="bbox 2237 1227 3709 1302">
     <span class='ocr_line' id='line_1_17' title="bbox 2237 1227 3709 1302; baseline -0.002 -19"><span class='ocrx_word' id='word_1_92' title='bbox 2237 1228 2451 1302; x_wconf 84' lang='grc' dir='ltr'><strong>Ἔπειδὴ</strong></span> <span class='ocrx_word' id='word_1_93' title='bbox 2478 1228 2589 1301; x_wconf 83' lang='grc' dir='ltr'><strong>γὰρ</strong></span> <span class='ocrx_word' id='word_1_94' title='bbox 2615 1230 2714 1302; x_wconf 81' lang='grc' dir='ltr'><strong>τῆς</strong></span> <span class='ocrx_word' id='word_1_95' title='bbox 2740 1228 2850 1283; x_wconf 83' lang='grc' dir='ltr'><strong>τῶν</strong></span> <span class='ocrx_word' id='word_1_96' title='bbox 2864 1227 3198 1299; x_wconf 85' lang='grc' dir='ltr'><strong>Ἐκκλησιῶν</strong></span> <span class='ocrx_word' id='word_1_97' title='bbox 3226 1228 3472 1299; x_wconf 78' lang='grc' dir='ltr'><strong>κατῆρχε</strong></span> <span class='ocrx_word' id='word_1_98' title='bbox 3525 1227 3709 1300; x_wconf 61' lang='grc' dir='ltr'><strong>πλωρ·</strong></span> 
     </span>
    </p>
   </div>
   <div class='ocr_carea' id='block_1_18' title="bbox 479 1313 2058 1391">
    <p class='ocr_par' dir='ltr' id='par_1_18' title="bbox 479 1313 2051 1384">
     <span class='ocr_line' id='line_1_18' title="bbox 479 1313 2051 1384; baseline 0 -12"><span class='ocrx_word' id='word_1_99' title='bbox 479 1325 584 1379; x_wconf 89' lang='lat' dir='ltr'><strong>set,</strong></span> <span class='ocrx_word' id='word_1_100' title='bbox 614 1315 936 1384; x_wconf 90' lang='lat' dir='ltr'><strong>primusque</strong></span> <span class='ocrx_word' id='word_1_101' title='bbox 955 1313 1231 1384; x_wconf 75' lang='lat' dir='ltr'><strong>iustorum</strong></span> <span class='ocrx_word' id='word_1_102' title='bbox 1268 1330 1333 1372; x_wconf 91' lang='lat' dir='ltr'><strong>ac</strong></span> <span class='ocrx_word' id='word_1_103' title='bbox 1379 1316 1473 1371; x_wconf 88' lang='lat' dir='ltr'><strong>Dei</strong></span> <span class='ocrx_word' id='word_1_104' title='bbox 1513 1316 1783 1372; x_wconf 86' lang='lat' dir='ltr'><strong>cultorum</strong></span> <span class='ocrx_word' id='word_1_105' title='bbox 1812 1316 2051 1373; x_wconf 78' lang='lat' dir='ltr'><strong>caedibus</strong></span> 
     </span>
    </p>
   </div>
   <div class='ocr_carea' id='block_1_19' title="bbox 2168 1313 3711 1391">
    <p class='ocr_par' dir='ltr' id='par_1_19' title="bbox 2168 1314 3711 1391">
     <span class='ocr_line' id='line_1_19' title="bbox 2168 1314 3711 1391; baseline -0.001 -17"><span class='ocrx_word' id='word_1_106' title='bbox 2168 1320 2281 1385; x_wconf 73' lang='grc' dir='ltr'><strong>κίας</strong></span> <span class='ocrx_word' id='word_1_107' title='bbox 2303 1314 2477 1384; x_wconf 74' lang='grc' dir='ltr'><strong>οὗτος,</strong></span> <span class='ocrx_word' id='word_1_108' title='bbox 2505 1319 2721 1391; x_wconf 88' lang='grc' dir='ltr'><strong>πρῶτός</strong></span> <span class='ocrx_word' id='word_1_109' title='bbox 2743 1337 2805 1373; x_wconf 92' lang='grc' dir='ltr'><strong>τε</strong></span> <span class='ocrx_word' id='word_1_110' title='bbox 2831 1318 2930 1391; x_wconf 84' lang='grc' dir='ltr'><strong>τὴν</strong></span> <span class='ocrx_word' id='word_1_111' title='bbox 2962 1318 3154 1373; x_wconf 80' lang='grc' dir='ltr'><strong>ἑαυτοῦ</strong></span> <span class='ocrx_word' id='word_1_112' title='bbox 3181 1317 3361 1390; x_wconf 75' lang='grc' dir='ltr'><strong>ψυχὴν</strong></span> <span class='ocrx_word' id='word_1_113' title='bbox 3387 1318 3607 1373; x_wconf 84' lang='grc' dir='ltr'><strong>δικαίων</strong></span> <span class='ocrx_word' id='word_1_114' title='bbox 3632 1319 3711 1373; x_wconf 63' lang='grc' dir='ltr'><strong>καί</strong></span> 
     </span>
    </p>
   </div>
   <div class='ocr_carea' id='block_1_20' title="bbox 481 1407 2058 1484">
    <p class='ocr_par' dir='ltr' id='par_1_20' title="bbox 481 1407 2049 1474">
     <span class='ocr_line' id='line_1_20' title="bbox 481 1407 2049 1474; baseline 0.001 -13"><span class='ocrx_word' id='word_1_115' title='bbox 481 1408 721 1462; x_wconf 87' lang='lat' dir='ltr'><strong>animum</strong></span> <span class='ocrx_word' id='word_1_116' title='bbox 755 1421 914 1463; x_wconf 87' lang='lat' dir='ltr'><strong>suum</strong></span> <span class='ocrx_word' id='word_1_117' title='bbox 949 1407 1423 1474; x_wconf 89' lang='lat' dir='ltr'><strong>contaminasset;</strong></span> <span class='ocrx_word' id='word_1_118' title='bbox 1467 1409 1666 1465; x_wconf 90' lang='lat' dir='ltr'><strong>merito</strong></span> <span class='ocrx_word' id='word_1_119' title='bbox 1712 1424 1836 1465; x_wconf 89' lang='lat' dir='ltr'><strong>eum</strong></span> <span class='ocrx_word' id='word_1_120' title='bbox 1869 1410 2049 1464; x_wconf 86' lang='lat' dir='ltr'><strong>divina</strong></span> 
     </span>
    </p>
   </div>
   <div class='ocr_carea' id='block_1_21' title="bbox 2168 1407 3710 1484">
    <p class='ocr_par' dir='ltr' id='par_1_21' title="bbox 2168 1411 3710 1484">
     <span class='ocr_line' id='line_1_21' title="bbox 2168 1411 3710 1484; baseline -0.001 -18"><span class='ocrx_word' id='word_1_121' title='bbox 2168 1411 2422 1466; x_wconf 65' lang='grc' dir='ltr'><strong>Ξεοσεϐῶν</strong></span> <span class='ocrx_word' id='word_1_122' title='bbox 2450 1411 2710 1484; x_wconf 81' lang='grc' dir='ltr'><strong>ὲνέφυρεν</strong></span> <span class='ocrx_word' id='word_1_123' title='bbox 2743 1412 2962 1484; x_wconf 77' lang='grc' dir='ltr'><strong>αἵμασι,</strong></span> <span class='ocrx_word' id='word_1_124' title='bbox 2985 1411 3328 1483; x_wconf 74' lang='grc' dir='ltr'><strong>θεόπεμπτος</strong></span> <span class='ocrx_word' id='word_1_125' title='bbox 3358 1412 3523 1466; x_wconf 82' lang='grc' dir='ltr'><strong>αὑτὸν</strong></span> <span class='ocrx_word' id='word_1_126' title='bbox 3545 1413 3710 1484; x_wconf 71' lang='grc' dir='ltr'><strong>μετήρ-</strong></span> 
     </span>
    </p>
   </div>
   <div class='ocr_carea' id='block_1_22' title="bbox 479 1499 2058 1577">
    <p class='ocr_par' dir='ltr' id='par_1_22' title="bbox 479 1499 2051 1571">
     <span class='ocr_line' id='line_1_22' title="bbox 479 1499 2051 1571; baseline 0.003 -17"><span class='ocrx_word' id='word_1_127' title='bbox 479 1499 613 1556; x_wconf 88' lang='lat' dir='ltr'><strong>ultio</strong></span> <span class='ocrx_word' id='word_1_128' title='bbox 657 1500 955 1571; x_wconf 83' lang='lat' dir='ltr'><strong>corripuit.</strong></span> <span class='ocrx_word' id='word_1_129' title='bbox 999 1500 1067 1555; x_wconf 88' lang='lat' dir='ltr'><strong>ab</strong></span> <span class='ocrx_word' id='word_1_130' title='bbox 1114 1500 1251 1571; x_wconf 89' lang='lat' dir='ltr'><strong>ipsis</strong></span> <span class='ocrx_word' id='word_1_131' title='bbox 1293 1516 1491 1558; x_wconf 84' lang='lat' dir='ltr'><strong>exorsa</strong></span> <span class='ocrx_word' id='word_1_132' title='bbox 1552 1502 1841 1571; x_wconf 82' lang='lat' dir='ltr'><strong>carnibus,</strong></span> <span class='ocrx_word' id='word_1_133' title='bbox 1889 1515 1944 1559; x_wconf 89' lang='lat' dir='ltr'><strong>et</strong></span> <span class='ocrx_word' id='word_1_134' title='bbox 1984 1503 2051 1559; x_wconf 86' lang='lat' dir='ltr'><strong>ad</strong></span> 
     </span>
    </p>
   </div>
   <div class='ocr_carea' id='block_1_23' title="bbox 2168 1499 3706 1577">
    <p class='ocr_par' dir='ltr' id='par_1_23' title="bbox 2168 1501 3706 1577">
     <span class='ocr_line' id='line_1_23' title="bbox 2168 1501 3706 1577; baseline 0 -20"><span class='ocrx_word' id='word_1_135' title='bbox 2168 1520 2280 1574; x_wconf 67' lang='grc' dir='ltr'><strong>(ετο</strong></span> <span class='ocrx_word' id='word_1_136' title='bbox 2304 1502 2564 1575; x_wconf 80' lang='grc' dir='ltr'><strong>τιμωρία,</strong></span> <span class='ocrx_word' id='word_1_137' title='bbox 2614 1502 2673 1568; x_wconf 75' lang='grc' dir='ltr'>ἐξ</span> <span class='ocrx_word' id='word_1_138' title='bbox 2696 1503 2870 1574; x_wconf 81' lang='grc' dir='ltr'><strong>αὐτῆς</strong></span> <span class='ocrx_word' id='word_1_139' title='bbox 2901 1502 3065 1557; x_wconf 82' lang='grc' dir='ltr'><strong>αὐτοῦ</strong></span> <span class='ocrx_word' id='word_1_140' title='bbox 3092 1501 3483 1576; x_wconf 82' lang='grc' dir='ltr'><strong>καταρξαμένη</strong></span> <span class='ocrx_word' id='word_1_141' title='bbox 3518 1504 3706 1577; x_wconf 71' lang='grc' dir='ltr'><strong>σαρκὸς,</strong></span> 
     </span>
    </p>
   </div>
   <div class='ocr_carea' id='block_1_24' title="bbox 481 1592 2058 1667">
    <p class='ocr_par' dir='ltr' id='par_1_24' title="bbox 481 1593 2054 1664">
     <span class='ocr_line' id='line_1_24' title="bbox 481 1593 2054 1664; baseline 0.001 -16"><span class='ocrx_word' id='word_1_142' title='bbox 481 1593 718 1649; x_wconf 88' lang='lat' dir='ltr'><strong>animam</strong></span> <span class='ocrx_word' id='word_1_143' title='bbox 759 1606 933 1664; x_wconf 91' lang='lat' dir='ltr'><strong>usque</strong></span> <span class='ocrx_word' id='word_1_144' title='bbox 967 1607 1278 1664; x_wconf 88' lang='lat' dir='ltr'><strong>progressa.</strong></span> <span class='ocrx_word' id='word_1_145' title='bbox 1320 1593 1565 1664; x_wconf 79' lang='lat' dir='ltr'><strong>Repente</strong></span> <span class='ocrx_word' id='word_1_146' title='bbox 1595 1595 1742 1650; x_wconf 91' lang='lat' dir='ltr'><strong>enim</strong></span> <span class='ocrx_word' id='word_1_147' title='bbox 1778 1595 1831 1650; x_wconf 94' lang='lat' dir='ltr'><strong>in</strong></span> <span class='ocrx_word' id='word_1_148' title='bbox 1875 1596 2054 1650; x_wconf 89' lang='lat' dir='ltr'><strong>medio</strong></span> 
     </span>
    </p>
   </div>
   <div class='ocr_carea' id='block_1_25' title="bbox 2168 1592 3707 1667">
    <p class='ocr_par' dir='ltr' id='par_1_25' title="bbox 2168 1592 3707 1667">
     <span class='ocr_line' id='line_1_25' title="bbox 2168 1592 3707 1667; baseline -0.001 -18"><span class='ocrx_word' id='word_1_149' title='bbox 2168 1595 2251 1649; x_wconf 71' lang='lat' dir='ltr'><strong>mi.</strong></span> <span class='ocrx_word' id='word_1_150' title='bbox 2283 1596 2445 1667; x_wconf 83' lang='grc' dir='ltr'><strong>μέχρι</strong></span> <span class='ocrx_word' id='word_1_151' title='bbox 2481 1594 2582 1665; x_wconf 86' lang='grc' dir='ltr'><strong>τῆς</strong></span> <span class='ocrx_word' id='word_1_152' title='bbox 2626 1593 2810 1665; x_wconf 77' lang='grc' dir='ltr'><strong>ψυχῆς</strong></span> <span class='ocrx_word' id='word_1_153' title='bbox 2853 1592 3213 1664; x_wconf 76' lang='grc' dir='ltr'><strong>προελθοῦσα.</strong></span> <span class='ocrx_word' id='word_1_154' title='bbox 3262 1593 3462 1664; x_wconf 83' lang='grc' dir='ltr'>Ἀθρόα</span> <span class='ocrx_word' id='word_1_155' title='bbox 3503 1594 3598 1667; x_wconf 83' lang='grc' dir='ltr'><strong>μὲν</strong></span> <span class='ocrx_word' id='word_1_156' title='bbox 3621 1596 3707 1666; x_wconf 81' lang='grc' dir='ltr'><strong>γὰρ</strong></span> 
     </span>
    </p>
   </div>
   <div class='ocr_carea' id='block_1_26' title="bbox 487 1685 2058 1761">
    <p class='ocr_par' dir='ltr' id='par_1_26' title="bbox 487 1688 2058 1761">
     <span class='ocr_line' id='line_1_26' title="bbox 487 1688 2058 1761; baseline -0.001 -15"><span class='ocrx_word' id='word_1_157' title='bbox 487 1689 854 1761; x_wconf 65' lang='lat' dir='ltr'><strong>occyltiorum</strong></span> <span class='ocrx_word' id='word_1_158' title='bbox 887 1688 1142 1760; x_wconf 89' lang='lat' dir='ltr'><strong>corporis</strong></span> <span class='ocrx_word' id='word_1_159' title='bbox 1172 1689 1406 1759; x_wconf 91' lang='lat' dir='ltr'><strong>partium</strong></span> <span class='ocrx_word' id='word_1_160' title='bbox 1451 1690 1740 1745; x_wconf 86' lang='lat' dir='ltr'><strong>abscessus</strong></span> <span class='ocrx_word' id='word_1_161' title='bbox 1782 1690 1830 1745; x_wconf 92' lang='lat' dir='ltr'><strong>ei</strong></span> <span class='ocrx_word' id='word_1_162' title='bbox 1873 1691 2058 1745; x_wconf 81' lang='lat' dir='ltr'><strong>nasci-</strong></span> 
     </span>
    </p>
   </div>
   <div class='ocr_carea' id='block_1_27' title="bbox 2168 1685 3708 1761">
    <p class='ocr_par' dir='ltr' id='par_1_27' title="bbox 2168 1685 3708 1760">
     <span class='ocr_line' id='line_1_27' title="bbox 2168 1685 3708 1760; baseline -0.001 -19"><span class='ocrx_word' id='word_1_163' title='bbox 2168 1687 2308 1759; x_wconf 66' lang='grc' dir='ltr'><strong>αὐτῷ</strong></span> <span class='ocrx_word' id='word_1_164' title='bbox 2365 1688 2593 1760; x_wconf 77' lang='grc' dir='ltr'><strong>περὶτὰ</strong></span> <span class='ocrx_word' id='word_1_165' title='bbox 2644 1688 2786 1760; x_wconf 89' lang='grc' dir='ltr'><strong>μέσα</strong></span> <span class='ocrx_word' id='word_1_166' title='bbox 2826 1685 2935 1741; x_wconf 89' lang='grc' dir='ltr'><strong>τῶν</strong></span> <span class='ocrx_word' id='word_1_167' title='bbox 2973 1687 3303 1760; x_wconf 76' lang='grc' dir='ltr'><strong>ἀπορρήτων</strong></span> <span class='ocrx_word' id='word_1_168' title='bbox 3350 1686 3446 1741; x_wconf 91' lang='grc' dir='ltr'><strong>τοῦ</strong></span> <span class='ocrx_word' id='word_1_169' title='bbox 3493 1685 3708 1758; x_wconf 79' lang='grc' dir='ltr'><strong>σώματος</strong></span> 
     </span>
    </p>
   </div>
   <div class='ocr_carea' id='block_1_28' title="bbox 482 1775 2058 1852">
    <p class='ocr_par' dir='ltr' id='par_1_28' title="bbox 482 1780 2056 1852">
     <span class='ocr_line' id='line_1_28' title="bbox 482 1780 2056 1852; baseline 0.002 -17"><span class='ocrx_word' id='word_1_170' title='bbox 482 1790 590 1851; x_wconf 88' lang='lat' dir='ltr'><strong>tur;</strong></span> <span class='ocrx_word' id='word_1_171' title='bbox 607 1780 765 1836; x_wconf 79' lang='lat' dir='ltr'><strong>ulcus</strong></span> <span class='ocrx_word' id='word_1_172' title='bbox 794 1780 993 1837; x_wconf 78' lang='lat' dir='ltr'><strong>deinde</strong></span> <span class='ocrx_word' id='word_1_173' title='bbox 1021 1780 1078 1835; x_wconf 91' lang='lat' dir='ltr'><strong>in</strong></span> <span class='ocrx_word' id='word_1_174' title='bbox 1116 1780 1225 1836; x_wconf 90' lang='lat' dir='ltr'><strong>imo</strong></span> <span class='ocrx_word' id='word_1_175' title='bbox 1279 1781 1607 1839; x_wconf 80' lang='lat' dir='ltr'><strong>ﬁstulosum.</strong></span> <span class='ocrx_word' id='word_1_176' title='bbox 1642 1780 1935 1852; x_wconf 87' lang='lat' dir='ltr'><strong>Utriusque</strong></span> <span class='ocrx_word' id='word_1_177' title='bbox 1972 1782 2056 1837; x_wconf 83' lang='lat' dir='ltr'><strong>in-</strong></span> 
     </span>
    </p>
   </div>
   <div class='ocr_carea' id='block_1_29' title="bbox 2168 1775 3705 1852">
    <p class='ocr_par' dir='ltr' id='par_1_29' title="bbox 2168 1775 3705 1852">
     <span class='ocr_line' id='line_1_29' title="bbox 2168 1775 3705 1852; baseline 0 -20"><span class='ocrx_word' id='word_1_178' title='bbox 2168 1780 2459 1844; x_wconf 73' lang='grc' dir='ltr'><strong>ὶπόστασις</strong></span> <span class='ocrx_word' id='word_1_179' title='bbox 2486 1779 2725 1850; x_wconf 66' lang='grc' dir='ltr'><strong>γίνεται*</strong></span> <span class='ocrx_word' id='word_1_180' title='bbox 2770 1775 2871 1833; x_wconf 81' lang='grc' dir='ltr'><strong>εἷθ’</strong></span> <span class='ocrx_word' id='word_1_181' title='bbox 2900 1777 3056 1843; x_wconf 73' lang='grc' dir='ltr'><strong>ἕλκος</strong></span> <span class='ocrx_word' id='word_1_182' title='bbox 3100 1781 3179 1851; x_wconf 14' lang='grc' dir='ltr'><strong>ὲνί</strong></span> <span class='ocrx_word' id='word_1_183' title='bbox 3198 1779 3353 1851; x_wconf 86' lang='grc' dir='ltr'><strong>βάθει</strong></span> <span class='ocrx_word' id='word_1_184' title='bbox 3386 1779 3705 1852; x_wconf 82' lang='grc' dir='ltr'><strong>συριγγῶδες,</strong></span> 
     </span>
    </p>
   </div>
   <div class='ocr_carea' id='block_1_30' title="bbox 481 1868 2058 1944">
    <p class='ocr_par' dir='ltr' id='par_1_30' title="bbox 481 1871 2056 1944">
     <span class='ocr_line' id='line_1_30' title="bbox 481 1871 2056 1944; baseline 0.002 -17"><span class='ocrx_word' id='word_1_185' title='bbox 481 1871 744 1929; x_wconf 86' lang='lat' dir='ltr'><strong>sanabilis</strong></span> <span class='ocrx_word' id='word_1_186' title='bbox 788 1888 1005 1930; x_wconf 86' lang='lat' dir='ltr'><strong>morsus</strong></span> <span class='ocrx_word' id='word_1_187' title='bbox 1042 1872 1235 1928; x_wconf 88' lang='lat' dir='ltr'><strong>intima</strong></span> <span class='ocrx_word' id='word_1_188' title='bbox 1274 1873 1485 1929; x_wconf 84' lang='lat' dir='ltr'><strong>viscera</strong></span> <span class='ocrx_word' id='word_1_189' title='bbox 1529 1874 1943 1944; x_wconf 88' lang='lat' dir='ltr'><strong>depascebatur.</strong></span> <span class='ocrx_word' id='word_1_190' title='bbox 1978 1874 2056 1930; x_wconf 84' lang='lat' dir='ltr'><strong>Ex</strong></span> 
     </span>
    </p>
   </div>
   <div class='ocr_carea' id='block_1_31' title="bbox 2168 1868 3705 1944">
    <p class='ocr_par' dir='ltr' id='par_1_31' title="bbox 2168 1868 3705 1943">
     <span class='ocr_line' id='line_1_31' title="bbox 2168 1868 3705 1943; baseline -0.001 -18"><span class='ocrx_word' id='word_1_191' title='bbox 2168 1870 2252 1925; x_wconf 74' lang='grc' dir='ltr'><strong>καὶ</strong></span> <span class='ocrx_word' id='word_1_192' title='bbox 2281 1871 2485 1927; x_wconf 83' lang='grc' dir='ltr'><strong>τούτων</strong></span> <span class='ocrx_word' id='word_1_193' title='bbox 2506 1871 2723 1937; x_wconf 80' lang='grc' dir='ltr'><strong>ἀνίατος</strong></span> <span class='ocrx_word' id='word_1_194' title='bbox 2744 1869 2887 1943; x_wconf 83' lang='grc' dir='ltr'><strong>νομὴ</strong></span> <span class='ocrx_word' id='word_1_195' title='bbox 2917 1868 3060 1924; x_wconf 75' lang='grc' dir='ltr'><strong>κατὰ</strong></span> <span class='ocrx_word' id='word_1_196' title='bbox 3094 1870 3203 1924; x_wconf 87' lang='grc' dir='ltr'><strong>τῶν</strong></span> <span class='ocrx_word' id='word_1_197' title='bbox 3238 1870 3505 1925; x_wconf 78' lang='grc' dir='ltr'><strong>ἐνδοτάτω</strong></span> <span class='ocrx_word' id='word_1_198' title='bbox 3531 1870 3705 1939; x_wconf 79' lang='grc' dir='ltr'><strong>σπλάγο</strong></span> 
     </span>
    </p>
   </div>
   <div class='ocr_carea' id='block_1_32' title="bbox 481 1957 2058 2048">
    <p class='ocr_par' dir='ltr' id='par_1_32' title="bbox 481 1962 2057 2048">
     <span class='ocr_line' id='line_1_32' title="bbox 481 1962 2057 2048; baseline 0 -29"><span class='ocrx_word' id='word_1_199' title='bbox 481 1964 569 2048; x_wconf 78' lang='lat' dir='ltr'><strong>his</strong></span> <span class='ocrx_word' id='word_1_200' title='bbox 598 1962 935 2022; x_wconf 90' lang='lat' dir='ltr'><strong>incredibilis</strong></span> <span class='ocrx_word' id='word_1_201' title='bbox 963 1964 1233 2021; x_wconf 80' lang='lat' dir='ltr'><strong>vermium</strong></span> <span class='ocrx_word' id='word_1_202' title='bbox 1283 1965 1576 2023; x_wconf 89' lang='lat' dir='ltr'><strong>multitudo</strong></span> <span class='ocrx_word' id='word_1_203' title='bbox 1618 1966 1945 2033; x_wconf 87' lang='lat' dir='ltr'><strong>scaturiens,</strong></span> <span class='ocrx_word' id='word_1_204' title='bbox 1980 1966 2057 2020; x_wconf 88' lang='lat' dir='ltr'><strong>Ie-</strong></span> 
     </span>
    </p>
   </div>
   <div class='ocr_carea' id='block_1_33' title="bbox 2168 1957 3706 2048">
    <p class='ocr_par' dir='ltr' id='par_1_33' title="bbox 2168 1957 3706 2037">
     <span class='ocr_line' id='line_1_33' title="bbox 2168 1957 3706 2037; baseline -0.001 -20"><span class='ocrx_word' id='word_1_205' title='bbox 2168 1980 2330 2035; x_wconf 70' lang='grc' dir='ltr'><strong>κνων·</strong></span> <span class='ocrx_word' id='word_1_206' title='bbox 2363 1963 2458 2034; x_wconf 76' lang='grc' dir='ltr'><strong>ἀφ’</strong></span> <span class='ocrx_word' id='word_1_207' title='bbox 2484 1957 2560 2018; x_wconf 80' lang='grc' dir='ltr'><strong>ὧν</strong></span> <span class='ocrx_word' id='word_1_208' title='bbox 2586 1964 2814 2019; x_wconf 84' lang='grc' dir='ltr'><strong>άλεκτόν</strong></span> <span class='ocrx_word' id='word_1_209' title='bbox 2846 1982 2903 2018; x_wconf 90' lang='grc' dir='ltr'><strong>τι</strong></span> <span class='ocrx_word' id='word_1_210' title='bbox 2944 1964 3149 2037; x_wconf 83' lang='grc' dir='ltr'><strong>πλῆθος</strong></span> <span class='ocrx_word' id='word_1_211' title='bbox 3184 1961 3488 2035; x_wconf 79' lang='grc' dir='ltr'><strong>σκωλήκων</strong></span> <span class='ocrx_word' id='word_1_212' title='bbox 3533 1962 3706 2035; x_wconf 79' lang='grc' dir='ltr'><strong>βρύειν,</strong></span> 
     </span>
    </p>
   </div>
   <div class='ocr_carea' id='block_1_34' title="bbox 484 2054 2058 2129">
    <p class='ocr_par' dir='ltr' id='par_1_34' title="bbox 484 2054 2058 2129">
     <span class='ocr_line' id='line_1_34' title="bbox 484 2054 2058 2129; baseline 0.003 -20"><span class='ocrx_word' id='word_1_213' title='bbox 484 2054 651 2111; x_wconf 86' lang='lat' dir='ltr'><strong>talem</strong></span> <span class='ocrx_word' id='word_1_214' title='bbox 698 2055 995 2113; x_wconf 88' lang='lat' dir='ltr'><strong>exhalabat</strong></span> <span class='ocrx_word' id='word_1_215' title='bbox 1059 2056 1312 2113; x_wconf 83' lang='lat' dir='ltr'><strong>fetorem.</strong></span> <span class='ocrx_word' id='word_1_216' title='bbox 1357 2055 1570 2129; x_wconf 86' lang='lat' dir='ltr'><strong>Quippe</strong></span> <span class='ocrx_word' id='word_1_217' title='bbox 1598 2057 1676 2113; x_wconf 92' lang='lat' dir='ltr'><strong>illi</strong></span> <span class='ocrx_word' id='word_1_218' title='bbox 1711 2068 1818 2113; x_wconf 83' lang='lat' dir='ltr'><strong>tota</strong></span> <span class='ocrx_word' id='word_1_219' title='bbox 1865 2072 2058 2129; x_wconf 89' lang='lat' dir='ltr'><strong>corpo-</strong></span> 
     </span>
    </p>
   </div>
   <div class='ocr_carea' id='block_1_35' title="bbox 2168 2054 3708 2129">
    <p class='ocr_par' dir='ltr' id='par_1_35' title="bbox 2168 2054 3708 2129">
     <span class='ocr_line' id='line_1_35' title="bbox 2168 2054 3708 2129; baseline -0.001 -20"><span class='ocrx_word' id='word_1_220' title='bbox 2168 2054 2439 2128; x_wconf 79' lang='grc' dir='ltr'><strong>θανατὼδη</strong></span> <span class='ocrx_word' id='word_1_221' title='bbox 2473 2073 2534 2110; x_wconf 86' lang='grc' dir='ltr'><strong>τε</strong></span> <span class='ocrx_word' id='word_1_222' title='bbox 2556 2055 2727 2129; x_wconf 77' lang='grc' dir='ltr'><strong>ὀδμὴν</strong></span> <span class='ocrx_word' id='word_1_223' title='bbox 2773 2058 3060 2122; x_wconf 71' lang='grc' dir='ltr'><strong>ἀποπνεῖν,</strong></span> <span class='ocrx_word' id='word_1_224' title='bbox 3080 2055 3176 2111; x_wconf 90' lang='grc' dir='ltr'><strong>τοῦ</strong></span> <span class='ocrx_word' id='word_1_225' title='bbox 3207 2056 3414 2121; x_wconf 81' lang='grc' dir='ltr'><strong>παντὸς</strong></span> <span class='ocrx_word' id='word_1_226' title='bbox 3439 2056 3596 2126; x_wconf 83' lang='grc' dir='ltr'><strong>ὄγκου</strong></span> <span class='ocrx_word' id='word_1_227' title='bbox 3622 2056 3708 2109; x_wconf 76' lang='grc' dir='ltr'><strong>τῶν</strong></span> 
     </span>
    </p>
   </div>
   <div class='ocr_carea' id='block_1_36' title="bbox 483 2147 2059 2220">
    <p class='ocr_par' dir='ltr' id='par_1_36' title="bbox 483 2147 2059 2220">
     <span class='ocr_line' id='line_1_36' title="bbox 483 2147 2059 2220; baseline 0 -17"><span class='ocrx_word' id='word_1_228' title='bbox 483 2148 562 2204; x_wconf 90' lang='lat' dir='ltr'><strong>ris</strong></span> <span class='ocrx_word' id='word_1_229' title='bbox 593 2147 782 2214; x_wconf 89' lang='lat' dir='ltr'><strong>moles,</strong></span> <span class='ocrx_word' id='word_1_230' title='bbox 814 2147 886 2205; x_wconf 92' lang='lat' dir='ltr'><strong>ob</strong></span> <span class='ocrx_word' id='word_1_231' title='bbox 912 2147 1155 2205; x_wconf 70' lang='lat' dir='ltr'><strong>nimiam</strong></span> <span class='ocrx_word' id='word_1_232' title='bbox 1199 2147 1443 2206; x_wconf 86' lang='lat' dir='ltr'><strong>alimenti</strong></span> <span class='ocrx_word' id='word_1_233' title='bbox 1480 2149 1694 2220; x_wconf 87' lang='lat' dir='ltr'><strong>copiam</strong></span> <span class='ocrx_word' id='word_1_234' title='bbox 1736 2149 1792 2204; x_wconf 90' lang='lat' dir='ltr'><strong>in</strong></span> <span class='ocrx_word' id='word_1_235' title='bbox 1833 2152 2059 2207; x_wconf 85' lang='lat' dir='ltr'><strong>immen-</strong></span> 
     </span>
    </p>
   </div>
   <div class='ocr_carea' id='block_1_37' title="bbox 482 2242 2058 2315">
    <p class='ocr_par' dir='ltr' id='par_1_37' title="bbox 482 2242 2058 2315">
     <span class='ocr_line' id='line_1_37' title="bbox 482 2242 2058 2315; baseline 0.003 -20"><span class='ocrx_word' id='word_1_236' title='bbox 482 2254 614 2310; x_wconf 44' lang='lat' dir='ltr'><strong>sam,</strong></span> <span class='ocrx_word' id='word_1_237' title='bbox 655 2243 948 2311; x_wconf 87' lang='lat' dir='ltr'><strong>quamdam</strong></span> <span class='ocrx_word' id='word_1_238' title='bbox 994 2242 1382 2312; x_wconf 77' lang='lat' dir='ltr'><strong>pinguedinem</strong></span> <span class='ocrx_word' id='word_1_239' title='bbox 1422 2255 1685 2299; x_wconf 86' lang='lat' dir='ltr'><strong>conversa</strong></span> <span class='ocrx_word' id='word_1_240' title='bbox 1734 2253 1887 2300; x_wconf 89' lang='lat' dir='ltr'><strong>erat:</strong></span> <span class='ocrx_word' id='word_1_241' title='bbox 1935 2260 2058 2315; x_wconf 68' lang='lat' dir='ltr'><strong>quae</strong></span> 
     </span>
    </p>
   </div>
   <div class='ocr_carea' id='block_1_38' title="bbox 466 2331 2059 2403">
    <p class='ocr_par' dir='ltr' id='par_1_38' title="bbox 466 2331 2059 2403">
     <span class='ocr_line' id='line_1_38' title="bbox 466 2331 2059 2403; baseline 0.004 -17"><span class='ocrx_word' id='word_1_242' title='bbox 466 2342 616 2389; x_wconf 60' lang='lat' dir='ltr'><strong>nunc</strong></span> <span class='ocrx_word' id='word_1_243' title='bbox 651 2332 913 2403; x_wconf 86' lang='lat' dir='ltr'><strong>temporis</strong></span> <span class='ocrx_word' id='word_1_244' title='bbox 955 2332 1011 2390; x_wconf 90' lang='lat' dir='ltr'><strong>in</strong></span> <span class='ocrx_word' id='word_1_245' title='bbox 1056 2331 1235 2389; x_wconf 88' lang='lat' dir='ltr'><strong>tabem</strong></span> <span class='ocrx_word' id='word_1_246' title='bbox 1276 2331 1476 2398; x_wconf 89' lang='lat' dir='ltr'><strong>soluta,</strong></span> <span class='ocrx_word' id='word_1_247' title='bbox 1509 2331 1841 2390; x_wconf 89' lang='lat' dir='ltr'><strong>horrendum</strong></span> <span class='ocrx_word' id='word_1_248' title='bbox 1887 2344 1943 2392; x_wconf 89' lang='lat' dir='ltr'><strong>et</strong></span> <span class='ocrx_word' id='word_1_249' title='bbox 1975 2337 2059 2391; x_wconf 87' lang='lat' dir='ltr'><strong>iu-</strong></span> 
     </span>
    </p>
   </div>
   <div class='ocr_carea' id='block_1_39' title="bbox 481 2424 2058 2497">
    <p class='ocr_par' dir='ltr' id='par_1_39' title="bbox 481 2424 2058 2497">
     <span class='ocr_line' id='line_1_39' title="bbox 481 2424 2058 2497; baseline 0.002 -18"><span class='ocrx_word' id='word_1_250' title='bbox 481 2424 769 2480; x_wconf 89' lang='lat' dir='ltr'><strong>tolerabile</strong></span> <span class='ocrx_word' id='word_1_251' title='bbox 814 2424 1191 2495; x_wconf 87' lang='lat' dir='ltr'><strong>spectaculum</strong></span> <span class='ocrx_word' id='word_1_252' title='bbox 1243 2424 1553 2481; x_wconf 82' lang='lat' dir='ltr'><strong>astantibus</strong></span> <span class='ocrx_word' id='word_1_253' title='bbox 1599 2427 1901 2497; x_wconf 66' lang='lat' dir='ltr'><strong>praebuisse</strong></span> <span class='ocrx_word' id='word_1_254' title='bbox 1948 2425 2058 2482; x_wconf 57' lang='lat' dir='ltr'><strong>fer.</strong></span> 
     </span>
    </p>
   </div>
   <div class='ocr_carea' id='block_1_40' title="bbox 483 2516 2059 2588">
    <p class='ocr_par' dir='ltr' id='par_1_40' title="bbox 483 2516 2059 2588">
     <span class='ocr_line' id='line_1_40' title="bbox 483 2516 2059 2588; baseline 0.002 -17"><span class='ocrx_word' id='word_1_255' title='bbox 483 2527 593 2572; x_wconf 89' lang='lat' dir='ltr'><strong>tur.</strong></span> <span class='ocrx_word' id='word_1_256' title='bbox 640 2517 745 2574; x_wconf 88' lang='lat' dir='ltr'><strong>Tot</strong></span> <span class='ocrx_word' id='word_1_257' title='bbox 795 2516 965 2587; x_wconf 81' lang='lat' dir='ltr'><strong>igitur</strong></span> <span class='ocrx_word' id='word_1_258' title='bbox 1001 2524 1291 2588; x_wconf 88' lang='lat' dir='ltr'><strong>quassatus</strong></span> <span class='ocrx_word' id='word_1_259' title='bbox 1339 2516 1534 2582; x_wconf 87' lang='lat' dir='ltr'><strong>malis,</strong></span> <span class='ocrx_word' id='word_1_260' title='bbox 1589 2519 1809 2573; x_wconf 89' lang='lat' dir='ltr'><strong>tandem</strong></span> <span class='ocrx_word' id='word_1_261' title='bbox 1855 2519 2059 2575; x_wconf 91' lang='lat' dir='ltr'><strong>intelli-</strong></span> 
     </span>
    </p>
   </div>
   <div class='ocr_carea' id='block_1_41' title="bbox 457 2607 2058 2682">
    <p class='ocr_par' dir='ltr' id='par_1_41' title="bbox 457 2607 2058 2682">
     <span class='ocr_line' id='line_1_41' title="bbox 457 2607 2058 2682; baseline 0.001 -17"><span class='ocrx_word' id='word_1_262' title='bbox 457 2638 467 2654; x_wconf 57' lang='grc' dir='ltr'><strong>ιη</strong></span> <span class='ocrx_word' id='word_1_263' title='bbox 482 2624 612 2682; x_wconf 84' lang='lat' dir='ltr'><strong>gere</strong></span> <span class='ocrx_word' id='word_1_264' title='bbox 646 2608 818 2680; x_wconf 73' lang='lat' dir='ltr'><strong>coepit</strong></span> <span class='ocrx_word' id='word_1_265' title='bbox 846 2624 966 2679; x_wconf 70' lang='lat' dir='ltr'><strong>qua:</strong></span> <span class='ocrx_word' id='word_1_266' title='bbox 994 2619 1187 2664; x_wconf 90' lang='lat' dir='ltr'><strong>contra</strong></span> <span class='ocrx_word' id='word_1_267' title='bbox 1220 2607 1516 2665; x_wconf 83' lang='lat' dir='ltr'><strong>Ecclesiam</strong></span> <span class='ocrx_word' id='word_1_268' title='bbox 1561 2608 1769 2667; x_wconf 89' lang='lat' dir='ltr'><strong>scelera</strong></span> <span class='ocrx_word' id='word_1_269' title='bbox 1802 2610 2058 2667; x_wconf 87' lang='lat' dir='ltr'><strong>admisis-</strong></span> 
     </span>
    </p>
   </div>
   <div class='ocr_carea' id='block_1_42' title="bbox 480 2701 2058 2775">
    <p class='ocr_par' dir='ltr' id='par_1_42' title="bbox 480 2701 2058 2775">
     <span class='ocr_line' id='line_1_42' title="bbox 480 2701 2058 2775; baseline 0.002 -18"><span class='ocrx_word' id='word_1_270' title='bbox 480 2712 588 2758; x_wconf 85' lang='lat' dir='ltr'><strong>set.</strong></span> <span class='ocrx_word' id='word_1_271' title='bbox 634 2701 889 2759; x_wconf 76' lang='lat' dir='ltr'><strong>Postbaec</strong></span> <span class='ocrx_word' id='word_1_272' title='bbox 928 2714 1175 2759; x_wconf 88' lang='lat' dir='ltr'><strong>errorem</strong></span> <span class='ocrx_word' id='word_1_273' title='bbox 1224 2718 1381 2759; x_wconf 91' lang='lat' dir='ltr'><strong>suum</strong></span> <span class='ocrx_word' id='word_1_274' title='bbox 1426 2703 1539 2759; x_wconf 75' lang='lat' dir='ltr'><strong>Deo</strong></span> <span class='ocrx_word' id='word_1_275' title='bbox 1571 2702 1887 2771; x_wconf 83' lang='lat' dir='ltr'><strong>confessus,</strong></span> <span class='ocrx_word' id='word_1_276' title='bbox 1934 2718 2058 2775; x_wconf 82' lang='lat' dir='ltr'><strong>per-</strong></span> 
     </span>
    </p>
   </div>
   <div class='ocr_carea' id='block_1_43' title="bbox 482 2793 2059 2868">
    <p class='ocr_par' dir='ltr' id='par_1_43' title="bbox 482 2793 2059 2868">
     <span class='ocr_line' id='line_1_43' title="bbox 482 2793 2059 2868; baseline 0.003 -21"><span class='ocrx_word' id='word_1_277' title='bbox 482 2794 819 2850; x_wconf 84' lang='lat' dir='ltr'><strong>secutionem</strong></span> <span class='ocrx_word' id='word_1_278' title='bbox 895 2793 1331 2850; x_wconf 88' lang='lat' dir='ltr'><strong>Christianorum</strong></span> <span class='ocrx_word' id='word_1_279' title='bbox 1398 2793 1694 2861; x_wconf 88' lang='lat' dir='ltr'><strong>cohibere,</strong></span> <span class='ocrx_word' id='word_1_280' title='bbox 1752 2804 1810 2851; x_wconf 91' lang='lat' dir='ltr'><strong>et</strong></span> <span class='ocrx_word' id='word_1_281' title='bbox 1863 2796 2059 2868; x_wconf 85' lang='lat' dir='ltr'><strong>regali-</strong></span> 
     </span>
    </p>
   </div>
   <div class='ocr_carea' id='block_1_44' title="bbox 480 2887 2056 2958">
    <p class='ocr_par' dir='ltr' id='par_1_44' title="bbox 480 2887 2056 2958">
     <span class='ocr_line' id='line_1_44' title="bbox 480 2887 2056 2958; baseline 0.002 -15"><span class='ocrx_word' id='word_1_282' title='bbox 480 2889 584 2943; x_wconf 89' lang='lat' dir='ltr'><strong>bus</strong></span> <span class='ocrx_word' id='word_1_283' title='bbox 627 2887 823 2945; x_wconf 90' lang='lat' dir='ltr'><strong>edictis</strong></span> <span class='ocrx_word' id='word_1_284' title='bbox 864 2902 932 2945; x_wconf 90' lang='lat' dir='ltr'><strong>ac</strong></span> <span class='ocrx_word' id='word_1_285' title='bbox 987 2887 1200 2958; x_wconf 78' lang='lat' dir='ltr'><strong>legibus</strong></span> <span class='ocrx_word' id='word_1_286' title='bbox 1258 2887 1512 2956; x_wconf 89' lang='lat' dir='ltr'><strong>emissis,</strong></span> <span class='ocrx_word' id='word_1_287' title='bbox 1555 2887 1814 2945; x_wconf 87' lang='lat' dir='ltr'><strong>ecclesias</strong></span> <span class='ocrx_word' id='word_1_288' title='bbox 1867 2903 2056 2946; x_wconf 91' lang='lat' dir='ltr'><strong>eorum</strong></span> 
     </span>
    </p>
   </div>
   <div class='ocr_carea' id='block_1_45' title="bbox 481 2978 2058 3052">
    <p class='ocr_par' dir='ltr' id='par_1_45' title="bbox 481 2978 2058 3052">
     <span class='ocr_line' id='line_1_45' title="bbox 481 2978 2058 3052; baseline 0 -13"><span class='ocrx_word' id='word_1_289' title='bbox 481 2980 808 3051; x_wconf 86' lang='lat' dir='ltr'><strong>quantocius</strong></span> <span class='ocrx_word' id='word_1_290' title='bbox 858 2979 1152 3048; x_wconf 77' lang='lat' dir='ltr'><strong>aediﬁcari,</strong></span> <span class='ocrx_word' id='word_1_291' title='bbox 1206 2979 1462 3052; x_wconf 87' lang='lat' dir='ltr'><strong>ipsosque</strong></span> <span class='ocrx_word' id='word_1_292' title='bbox 1506 2978 1847 3039; x_wconf 87' lang='lat' dir='ltr'><strong>Christianos</strong></span> <span class='ocrx_word' id='word_1_293' title='bbox 1898 2997 2058 3039; x_wconf 86' lang='lat' dir='ltr'><strong>sacra</strong></span> 
     </span>
    </p>
   </div>
   <div class='ocr_carea' id='block_1_46' title="bbox 479 3072 2058 3146">
    <p class='ocr_par' dir='ltr' id='par_1_46' title="bbox 479 3072 2058 3146">
     <span class='ocr_line' id='line_1_46' title="bbox 479 3072 2058 3146; baseline 0.002 -18"><span class='ocrx_word' id='word_1_294' title='bbox 479 3088 578 3129; x_wconf 87' lang='lat' dir='ltr'><strong>sua</strong></span> <span class='ocrx_word' id='word_1_295' title='bbox 621 3072 785 3129; x_wconf 91' lang='lat' dir='ltr'><strong>solito</strong></span> <span class='ocrx_word' id='word_1_296' title='bbox 829 3087 980 3130; x_wconf 91' lang='lat' dir='ltr'><strong>more</strong></span> <span class='ocrx_word' id='word_1_297' title='bbox 1009 3085 1293 3145; x_wconf 78' lang='lat' dir='ltr'><strong>peragere,</strong></span> <span class='ocrx_word' id='word_1_298' title='bbox 1326 3081 1383 3129; x_wconf 91' lang='lat' dir='ltr'><strong>et</strong></span> <span class='ocrx_word' id='word_1_299' title='bbox 1418 3088 1515 3145; x_wconf 90' lang='lat' dir='ltr'><strong>pro</strong></span> <span class='ocrx_word' id='word_1_300' title='bbox 1557 3073 1894 3146; x_wconf 85' lang='lat' dir='ltr'><strong>imperatore</strong></span> <span class='ocrx_word' id='word_1_301' title='bbox 1934 3090 2058 3146; x_wconf 82' lang='lat' dir='ltr'><strong>pre-</strong></span> 
     </span>
    </p>
   </div>
   <div class='ocr_carea' id='block_1_47' title="bbox 481 3163 1357 3236">
    <p class='ocr_par' dir='ltr' id='par_1_47' title="bbox 481 3163 1357 3236">
     <span class='ocr_line' id='line_1_47' title="bbox 481 3163 1357 3236; baseline -0.002 -13"><span class='ocrx_word' id='word_1_302' title='bbox 481 3180 574 3223; x_wconf 90' lang='lat' dir='ltr'><strong>ces</strong></span> <span class='ocrx_word' id='word_1_303' title='bbox 607 3163 674 3222; x_wconf 88' lang='lat' dir='ltr'><strong>ad</strong></span> <span class='ocrx_word' id='word_1_304' title='bbox 705 3166 874 3223; x_wconf 86' lang='lat' dir='ltr'><strong>Deum</strong></span> <span class='ocrx_word' id='word_1_305' title='bbox 921 3165 1157 3223; x_wconf 85' lang='lat' dir='ltr'><strong>fundere</strong></span> <span class='ocrx_word' id='word_1_306' title='bbox 1183 3166 1357 3236; x_wconf 82' lang='lat' dir='ltr'><strong>jubet.</strong></span> 
     </span>
    </p>
   </div>
   <div class='ocr_carea' id='block_1_48' title="bbox 1039 3255 1494 3321">
    <p class='ocr_par' dir='ltr' id='par_1_48' title="bbox 1039 3255 1494 3321">
     <span class='ocr_line' id='line_1_48' title="bbox 1039 3255 1494 3321; baseline 0.002 -7"><span class='ocrx_word' id='word_1_307' title='bbox 1039 3255 1270 3321; x_wconf 70' lang='lat' dir='ltr'><strong>CAPUT</strong></span> <span class='ocrx_word' id='word_1_308' title='bbox 1311 3255 1494 3315; x_wconf 81' lang='lat' dir='ltr'><strong>LVIII.</strong></span> 
     </span>
    </p>
   </div>
   <div class='ocr_carea' id='block_1_49' title="bbox 547 3340 1991 3421">
    <p class='ocr_par' dir='ltr' id='par_1_49' title="bbox 547 3340 1991 3421">
     <span class='ocr_line' id='line_1_49' title="bbox 547 3340 1991 3421; baseline 0.001 -18"><span class='ocrx_word' id='word_1_309' title='bbox 547 3340 794 3421; x_wconf 52' lang='lat' dir='ltr'><strong>Quanta</strong></span> <span class='ocrx_word' id='word_1_310' title='bbox 823 3348 1178 3421; x_wconf 74' lang='lat' dir='ltr'><strong>Maximinus,</strong></span> <span class='ocrx_word' id='word_1_311' title='bbox 1215 3346 1991 3421; x_wconf 12' lang='lat' dir='ltr'><strong>Christianorumipersecutor,</strong></span> 
     </span>
    </p>
   </div>
   <div class='ocr_carea' id='block_1_50' title="bbox 676 3418 1869 3491">
    <p class='ocr_par' dir='ltr' id='par_1_50' title="bbox 676 3418 1869 3491">
     <span class='ocr_line' id='line_1_50' title="bbox 676 3418 1869 3491; baseline 0.003 -19"><span class='ocrx_word' id='word_1_312' title='bbox 676 3418 883 3491; x_wconf 78' lang='lat' dir='ltr'><strong>fugiens</strong></span> <span class='ocrx_word' id='word_1_313' title='bbox 921 3420 1103 3475; x_wconf 78' lang='lat' dir='ltr'><strong>servili</strong></span> <span class='ocrx_word' id='word_1_314' title='bbox 1149 3420 1337 3473; x_wconf 79' lang='lat' dir='ltr'><strong>habitu</strong></span> <span class='ocrx_word' id='word_1_315' title='bbox 1365 3435 1476 3474; x_wconf 77' lang='lat' dir='ltr'><strong>sese</strong></span> <span class='ocrx_word' id='word_1_316' title='bbox 1509 3418 1869 3476; x_wconf 78' lang='lat' dir='ltr'><strong>occuliaverit.</strong></span> 
     </span>
    </p>
   </div>
   <div class='ocr_carea' id='block_1_51' title="bbox 559 3509 2062 3580">
    <p class='ocr_par' dir='ltr' id='par_1_51' title="bbox 559 3509 2062 3580">
     <span class='ocr_line' id='line_1_51' title="bbox 559 3509 2062 3580; baseline 0.001 -14"><span class='ocrx_word' id='word_1_317' title='bbox 559 3509 757 3567; x_wconf 80' lang='lat' dir='ltr'><strong>Verum</strong></span> <span class='ocrx_word' id='word_1_318' title='bbox 789 3510 879 3566; x_wconf 89' lang='lat' dir='ltr'><strong>hic</strong></span> <span class='ocrx_word' id='word_1_319' title='bbox 907 3510 1130 3580; x_wconf 84' lang='lat' dir='ltr'><strong>quidem</strong></span> <span class='ocrx_word' id='word_1_320' title='bbox 1156 3510 1249 3579; x_wconf 93' lang='lat' dir='ltr'><strong>qui</strong></span> <span class='ocrx_word' id='word_1_321' title='bbox 1281 3510 1677 3579; x_wconf 86' lang='lat' dir='ltr'><strong>persecutionis</strong></span> <span class='ocrx_word' id='word_1_322' title='bbox 1714 3520 1905 3568; x_wconf 89' lang='lat' dir='ltr'><strong>auctor</strong></span> <span class='ocrx_word' id='word_1_323' title='bbox 1945 3511 2062 3568; x_wconf 80' lang='lat' dir='ltr'><strong>fue-</strong></span> 
     </span>
    </p>
   </div>
   <div class='ocr_carea' id='block_1_52' title="bbox 480 3597 2061 3672">
    <p class='ocr_par' dir='ltr' id='par_1_52' title="bbox 480 3597 2061 3672">
     <span class='ocr_line' id='line_1_52' title="bbox 480 3597 2061 3672; baseline 0.001 -16"><span class='ocrx_word' id='word_1_324' title='bbox 480 3609 590 3663; x_wconf 85' lang='lat' dir='ltr'><strong>rat,</strong></span> <span class='ocrx_word' id='word_1_325' title='bbox 641 3600 953 3672; x_wconf 78' lang='lat' dir='ltr'><strong>huiusmodi</strong></span> <span class='ocrx_word' id='word_1_326' title='bbox 982 3612 1180 3672; x_wconf 78' lang='lat' dir='ltr'><strong>ptenas</strong></span> <span class='ocrx_word' id='word_1_327' title='bbox 1222 3597 1346 3654; x_wconf 91' lang='lat' dir='ltr'><strong>luit.</strong></span> <span class='ocrx_word' id='word_1_328' title='bbox 1391 3598 1443 3656; x_wconf 88' lang='lat' dir='ltr'><strong>ls</strong></span> <span class='ocrx_word' id='word_1_329' title='bbox 1485 3615 1618 3656; x_wconf 85' lang='lat' dir='ltr'><strong>vero</strong></span> <span class='ocrx_word' id='word_1_330' title='bbox 1666 3601 1735 3656; x_wconf 92' lang='lat' dir='ltr'><strong>de</strong></span> <span class='ocrx_word' id='word_1_331' title='bbox 1767 3616 1875 3672; x_wconf 91' lang='lat' dir='ltr'><strong>quo</strong></span> <span class='ocrx_word' id='word_1_332' title='bbox 1915 3616 2061 3657; x_wconf 90' lang='lat' dir='ltr'><strong>nunc</strong></span> 
     </span>
    </p>
   </div>
   <div class='ocr_carea' id='block_1_53' title="bbox 483 3693 2062 3766">
    <p class='ocr_par' dir='ltr' id='par_1_53' title="bbox 483 3693 2062 3766">
     <span class='ocr_line' id='line_1_53' title="bbox 483 3693 2062 3766; baseline 0.001 -19"><span class='ocrx_word' id='word_1_333' title='bbox 483 3693 757 3759; x_wconf 84' lang='lat' dir='ltr'><strong>loquimur</strong></span> <span class='ocrx_word' id='word_1_334' title='bbox 801 3694 1066 3760; x_wconf 84' lang='lat' dir='ltr'><strong>Licinius,</strong></span> <span class='ocrx_word' id='word_1_335' title='bbox 1109 3694 1205 3765; x_wconf 86' lang='lat' dir='ltr'><strong>qui</strong></span> <span class='ocrx_word' id='word_1_336' title='bbox 1250 3693 1446 3751; x_wconf 88' lang='lat' dir='ltr'><strong>borum</strong></span> <span class='ocrx_word' id='word_1_337' title='bbox 1477 3693 1632 3751; x_wconf 89' lang='lat' dir='ltr'><strong>testis</strong></span> <span class='ocrx_word' id='word_1_338' title='bbox 1675 3709 1741 3750; x_wconf 91' lang='lat' dir='ltr'><strong>ac</strong></span> <span class='ocrx_word' id='word_1_339' title='bbox 1785 3703 2062 3766; x_wconf 89' lang='lat' dir='ltr'><strong>spectator</strong></span> 
     </span>
    </p>
   </div>
   <div class='ocr_carea' id='block_1_54' title="bbox 483 3785 2060 3860">
    <p class='ocr_par' dir='ltr' id='par_1_54' title="bbox 483 3785 2060 3860">
     <span class='ocr_line' id='line_1_54' title="bbox 483 3785 2060 3860; baseline 0.001 -19"><span class='ocrx_word' id='word_1_340' title='bbox 483 3785 795 3853; x_wconf 80' lang='lat' dir='ltr'><strong>exstiterat,</strong></span> <span class='ocrx_word' id='word_1_341' title='bbox 833 3794 887 3843; x_wconf 89' lang='lat' dir='ltr'><strong>et</strong></span> <span class='ocrx_word' id='word_1_342' title='bbox 916 3786 1010 3857; x_wconf 91' lang='lat' dir='ltr'><strong>qui</strong></span> <span class='ocrx_word' id='word_1_343' title='bbox 1049 3794 1245 3843; x_wconf 88' lang='lat' dir='ltr'><strong>cuncta</strong></span> <span class='ocrx_word' id='word_1_344' title='bbox 1286 3798 1541 3845; x_wconf 89' lang='lat' dir='ltr'><strong>accurate</strong></span> <span class='ocrx_word' id='word_1_345' title='bbox 1575 3788 1914 3860; x_wconf 89' lang='lat' dir='ltr'><strong>experientia</strong></span> <span class='ocrx_word' id='word_1_346' title='bbox 1944 3788 2060 3858; x_wconf 86' lang='lat' dir='ltr'><strong>ipsa</strong></span> 
     </span>
    </p>
   </div>
   <div class='ocr_carea' id='block_1_55' title="bbox 489 3877 2062 3951">
    <p class='ocr_par' dir='ltr' id='par_1_55' title="bbox 489 3877 2062 3951">
     <span class='ocr_line' id='line_1_55' title="bbox 489 3877 2062 3951; baseline 0.003 -21"><span class='ocrx_word' id='word_1_347' title='bbox 489 3877 723 3932; x_wconf 90' lang='lat' dir='ltr'><strong>docente</strong></span> <span class='ocrx_word' id='word_1_348' title='bbox 749 3886 1125 3948; x_wconf 85' lang='lat' dir='ltr'><strong>cognoverat;</strong></span> <span class='ocrx_word' id='word_1_349' title='bbox 1155 3888 1381 3951; x_wconf 88' lang='lat' dir='ltr'><strong>repente</strong></span> <span class='ocrx_word' id='word_1_350' title='bbox 1411 3880 1654 3936; x_wconf 91' lang='lat' dir='ltr'><strong>omnium</strong></span> <span class='ocrx_word' id='word_1_351' title='bbox 1698 3881 1924 3948; x_wconf 90' lang='lat' dir='ltr'><strong>oblitus,</strong></span> <span class='ocrx_word' id='word_1_352' title='bbox 1960 3894 2062 3935; x_wconf 88' lang='lat' dir='ltr'><strong>nec</strong></span> 
     </span>
    </p>
   </div>
   <div class='ocr_carea' id='block_1_56' title="bbox 483 3968 2063 4047">
    <p class='ocr_par' dir='ltr' id='par_1_56' title="bbox 483 3968 2063 4047">
     <span class='ocr_line' id='line_1_56' title="bbox 483 3968 2063 4047; baseline 0.003 -22"><span class='ocrx_word' id='word_1_353' title='bbox 483 3968 804 4040; x_wconf 89' lang='lat' dir='ltr'><strong>supplicium</strong></span> <span class='ocrx_word' id='word_1_354' title='bbox 858 3971 1032 4043; x_wconf 85' lang='lat' dir='ltr'><strong>priori</strong></span> <span class='ocrx_word' id='word_1_355' title='bbox 1086 3973 1215 4030; x_wconf 92' lang='lat' dir='ltr'><strong>huic</strong></span> <span class='ocrx_word' id='word_1_356' title='bbox 1259 3976 1560 4047; x_wconf 88' lang='lat' dir='ltr'><strong>irrogatum</strong></span> <span class='ocrx_word' id='word_1_357' title='bbox 1603 3975 1787 4030; x_wconf 90' lang='lat' dir='ltr'><strong>animo</strong></span> <span class='ocrx_word' id='word_1_358' title='bbox 1841 3986 2063 4043; x_wconf 90' lang='lat' dir='ltr'><strong>reputa-</strong></span> 
     </span>
    </p>
   </div>
   <div class='ocr_carea' id='block_1_57' title="bbox 482 4062 2060 4149">
    <p class='ocr_par' dir='ltr' id='par_1_57' title="bbox 482 4062 2060 4149">
     <span class='ocr_line' id='line_1_57' title="bbox 482 4062 2060 4149; baseline 0.001 -35"><span class='ocrx_word' id='word_1_359' title='bbox 482 4062 583 4130; x_wconf 82' lang='lat' dir='ltr'><strong>vit,</strong></span> <span class='ocrx_word' id='word_1_360' title='bbox 631 4077 733 4119; x_wconf 89' lang='lat' dir='ltr'><strong>nec</strong></span> <span class='ocrx_word' id='word_1_361' title='bbox 771 4078 906 4134; x_wconf 88' lang='lat' dir='ltr'><strong>quas</strong></span> <span class='ocrx_word' id='word_1_362' title='bbox 941 4065 1124 4122; x_wconf 87' lang='lat' dir='ltr'><strong>divina</strong></span> <span class='ocrx_word' id='word_1_363' title='bbox 1162 4066 1380 4149; x_wconf 75' lang='lat' dir='ltr'><strong>iustitia</strong></span> <span class='ocrx_word' id='word_1_364' title='bbox 1433 4067 1502 4125; x_wconf 91' lang='lat' dir='ltr'><strong>de</strong></span> <span class='ocrx_word' id='word_1_365' title='bbox 1537 4067 1841 4139; x_wconf 90' lang='lat' dir='ltr'><strong>posteriore</strong></span> <span class='ocrx_word' id='word_1_366' title='bbox 1887 4065 2060 4120; x_wconf 86' lang='lat' dir='ltr'><strong>altero</strong></span> 
     </span>
    </p>
   </div>
   <div class='ocr_carea' id='block_1_58' title="bbox 482 4158 2061 4234">
    <p class='ocr_par' dir='ltr' id='par_1_58' title="bbox 482 4158 2061 4234">
     <span class='ocr_line' id='line_1_58' title="bbox 482 4158 2061 4234; baseline 0.003 -23"><span class='ocrx_word' id='word_1_367' title='bbox 482 4166 786 4227; x_wconf 88' lang='lat' dir='ltr'><strong>sumpserat</strong></span> <span class='ocrx_word' id='word_1_368' title='bbox 816 4170 1028 4230; x_wconf 66' lang='lat' dir='ltr'><strong>poenas.</strong></span> <span class='ocrx_word' id='word_1_369' title='bbox 1072 4158 1177 4227; x_wconf 84' lang='lat' dir='ltr'><strong>Qui</strong></span> <span class='ocrx_word' id='word_1_370' title='bbox 1218 4161 1436 4232; x_wconf 89' lang='lat' dir='ltr'><strong>quidem</strong></span> <span class='ocrx_word' id='word_1_371' title='bbox 1483 4176 1608 4217; x_wconf 90' lang='lat' dir='ltr'><strong>cum</strong></span> <span class='ocrx_word' id='word_1_372' title='bbox 1638 4175 1878 4234; x_wconf 83' lang='lat' dir='ltr'><strong>priorem</strong></span> <span class='ocrx_word' id='word_1_373' title='bbox 1910 4160 2061 4216; x_wconf 91' lang='lat' dir='ltr'><strong>illum</strong></span> 
     </span>
    </p>
   </div>
   <div class='ocr_carea' id='block_1_59' title="bbox 485 4246 2064 4323">
    <p class='ocr_par' dir='ltr' id='par_1_59' title="bbox 485 4246 2064 4323">
     <span class='ocr_line' id='line_1_59' title="bbox 485 4246 2064 4323; baseline 0.003 -21"><span class='ocrx_word' id='word_1_374' title='bbox 485 4255 744 4318; x_wconf 84' lang='lat' dir='ltr'><strong>tanquam</strong></span> <span class='ocrx_word' id='word_1_375' title='bbox 818 4250 873 4306; x_wconf 93' lang='lat' dir='ltr'><strong>in</strong></span> <span class='ocrx_word' id='word_1_376' title='bbox 940 4253 1175 4322; x_wconf 91' lang='lat' dir='ltr'><strong>quodam</strong></span> <span class='ocrx_word' id='word_1_377' title='bbox 1236 4252 1501 4308; x_wconf 81' lang='lat' dir='ltr'><strong>scelerum</strong></span> <span class='ocrx_word' id='word_1_378' title='bbox 1555 4246 1853 4309; x_wconf 79' lang='lat' dir='ltr'><strong>certamiiie</strong></span> <span class='ocrx_word' id='word_1_379' title='bbox 1902 4267 2064 4323; x_wconf 87' lang='lat' dir='ltr'><strong>supe-</strong></span> 
     </span>
    </p>
   </div>
   <div class='ocr_carea' id='block_1_60' title="bbox 483 4343 2064 4405">
    <p class='ocr_par' dir='ltr' id='par_1_60' title="bbox 483 4343 2064 4405">
     <span class='ocr_line' id='line_1_60' title="bbox 483 4343 2064 4405; baseline 0 -9"><span class='ocrx_word' id='word_1_380' title='bbox 483 4356 608 4398; x_wconf 82' lang='lat' dir='ltr'><strong>rare</strong></span> <span class='ocrx_word' id='word_1_381' title='bbox 656 4344 938 4401; x_wconf 86' lang='lat' dir='ltr'><strong>ambitiose</strong></span> <span class='ocrx_word' id='word_1_382' title='bbox 995 4343 1399 4405; x_wconf 86' lang='lat' dir='ltr'><strong>contenderet.</strong></span> <span class='ocrx_word' id='word_1_383' title='bbox 1466 4359 1736 4399; x_wconf 88' lang='lat' dir='ltr'><strong>novorum</strong></span> <span class='ocrx_word' id='word_1_384' title='bbox 1801 4343 2064 4398; x_wconf 89' lang='lat' dir='ltr'><strong>adversus</strong></span> 
     </span>
    </p>
   </div>
   <div class='ocr_carea' id='block_1_61' title="bbox 484 4435 2060 4525">
    <p class='ocr_par' dir='ltr' id='par_1_61' title="bbox 484 4435 2060 4525">
     <span class='ocr_line' id='line_1_61' title="bbox 484 4435 2060 4525; baseline 0.001 -36"><span class='ocrx_word' id='word_1_385' title='bbox 484 4445 698 4494; x_wconf 90' lang='lat' dir='ltr'><strong>nostros</strong></span> <span class='ocrx_word' id='word_1_386' title='bbox 738 4438 1133 4525; x_wconf 83' lang='lat' dir='ltr'><strong>suppliciorum</strong></span> <span class='ocrx_word' id='word_1_387' title='bbox 1177 4438 1495 4493; x_wconf 87' lang='lat' dir='ltr'><strong>inventione</strong></span> <span class='ocrx_word' id='word_1_388' title='bbox 1539 4435 1902 4510; x_wconf 74' lang='lat' dir='ltr'><strong>gloriabatur.</strong></span> <span class='ocrx_word' id='word_1_389' title='bbox 1953 4436 2060 4491; x_wconf 83' lang='lat' dir='ltr'><strong>Ne-</strong></span> 
     </span>
    </p>
   </div>
   <div class='ocr_carea' id='block_1_62' title="bbox 2160 2147 3706 2224">
    <p class='ocr_par' dir='ltr' id='par_1_62' title="bbox 2160 2147 3706 2224">
     <span class='ocr_line' id='line_1_62' title="bbox 2160 2147 3706 2224; baseline -0.001 -21"><span class='ocrx_word' id='word_1_390' title='bbox 2160 2150 2426 2222; x_wconf 87' lang='grc' dir='ltr'><strong>σωμάτων</strong></span> <span class='ocrx_word' id='word_1_391' title='bbox 2476 2152 2541 2204; x_wconf 85' lang='grc' dir='ltr'><strong>ὲκ</strong></span> <span class='ocrx_word' id='word_1_392' title='bbox 2583 2150 2952 2224; x_wconf 81' lang='grc' dir='ltr'><strong>πολυτροφίας</strong></span> <span class='ocrx_word' id='word_1_393' title='bbox 3000 2152 3082 2216; x_wconf 83' lang='grc' dir='ltr'><strong>είς</strong></span> <span class='ocrx_word' id='word_1_394' title='bbox 3135 2148 3445 2221; x_wconf 78' lang='grc' dir='ltr'><strong>ὑπερϐολὴν</strong></span> <span class='ocrx_word' id='word_1_395' title='bbox 3500 2147 3706 2220; x_wconf 74' lang='grc' dir='ltr'><strong>πλήθους</strong></span> 
     </span>
    </p>
   </div>
   <div class='ocr_carea' id='block_1_63' title="bbox 2159 2241 3705 2316">
    <p class='ocr_par' dir='ltr' id='par_1_63' title="bbox 2159 2241 3705 2316">
     <span class='ocr_line' id='line_1_63' title="bbox 2159 2241 3705 2316; baseline -0.001 -22"><span class='ocrx_word' id='word_1_396' title='bbox 2159 2241 2393 2313; x_wconf 86' lang='grc' dir='ltr'><strong>πιμελῆς</strong></span> <span class='ocrx_word' id='word_1_397' title='bbox 2458 2242 2925 2316; x_wconf 61' lang='grc' dir='ltr'><strong>μεταϐεϐληκότκ</strong></span> <span class='ocrx_word' id='word_1_398' title='bbox 2943 2261 2958 2275; x_wconf 74' lang='grc'><strong><em>⁸</em></strong></span> <span class='ocrx_word' id='word_1_399' title='bbox 3019 2244 3088 2315; x_wconf 73' lang='grc' dir='ltr'><strong>ἢν</strong></span> <span class='ocrx_word' id='word_1_400' title='bbox 3133 2244 3256 2298; x_wconf 82' lang='grc' dir='ltr'><strong>τότε</strong></span> <span class='ocrx_word' id='word_1_401' title='bbox 3305 2244 3705 2303; x_wconf 80' lang='grc' dir='ltr'><strong>κατασαπεῖσαν,</strong></span> 
     </span>
    </p>
   </div>
   <div class='ocr_carea' id='block_1_64' title="bbox 2158 2334 3707 2409">
    <p class='ocr_par' dir='ltr' id='par_1_64' title="bbox 2158 2334 3707 2409">
     <span class='ocr_line' id='line_1_64' title="bbox 2158 2334 3707 2409; baseline -0.003 -20"><span class='ocrx_word' id='word_1_402' title='bbox 2158 2335 2430 2407; x_wconf 67' lang='grc' dir='ltr'><strong>ἀφόρητον</strong></span> <span class='ocrx_word' id='word_1_403' title='bbox 2457 2336 2551 2389; x_wconf 78' lang='grc' dir='ltr'><strong>καὶ</strong></span> <span class='ocrx_word' id='word_1_404' title='bbox 2579 2334 2945 2409; x_wconf 82' lang='grc' dir='ltr'><strong>φρικτοτάτην</strong></span> <span class='ocrx_word' id='word_1_405' title='bbox 2961 2339 3073 2401; x_wconf 84' lang='grc' dir='ltr'><strong>τοῖς</strong></span> <span class='ocrx_word' id='word_1_406' title='bbox 3101 2335 3461 2408; x_wconf 77' lang='grc' dir='ltr'><strong>πλησιάζουσι</strong></span> <span class='ocrx_word' id='word_1_407' title='bbox 3482 2334 3707 2407; x_wconf 82' lang='grc' dir='ltr'><strong>παρέχειν</strong></span> 
     </span>
    </p>
   </div>
   <div class='ocr_carea' id='block_1_65' title="bbox 2156 2427 3706 2502">
    <p class='ocr_par' dir='ltr' id='par_1_65' title="bbox 2156 2427 3706 2502">
     <span class='ocr_line' id='line_1_65' title="bbox 2156 2427 3706 2502; baseline -0.001 -19"><span class='ocrx_word' id='word_1_408' title='bbox 2156 2428 2256 2502; x_wconf 83' lang='grc' dir='ltr'><strong>τὴν</strong></span> <span class='ocrx_word' id='word_1_409' title='bbox 2280 2429 2406 2484; x_wconf 79' lang='grc' dir='ltr'><strong>θέαν</strong></span> <span class='ocrx_word' id='word_1_410' title='bbox 2436 2430 2588 2500; x_wconf 84' lang='grc' dir='ltr'><strong>φασί.</strong></span> <span class='ocrx_word' id='word_1_411' title='bbox 2619 2430 2732 2485; x_wconf 75' lang='grc' dir='ltr'><strong>Καὶ</strong></span> <span class='ocrx_word' id='word_1_412' title='bbox 2751 2430 2819 2502; x_wconf 82' lang='grc' dir='ltr'><strong>δὴ</strong></span> <span class='ocrx_word' id='word_1_413' title='bbox 2846 2430 3122 2494; x_wconf 83' lang='grc' dir='ltr'><strong>τοσούτοις</strong></span> <span class='ocrx_word' id='word_1_414' title='bbox 3145 2429 3392 2483; x_wconf 83' lang='grc' dir='ltr'><strong>παλαίων</strong></span> <span class='ocrx_word' id='word_1_415' title='bbox 3421 2431 3616 2493; x_wconf 76' lang='grc' dir='ltr'><strong>κακοῖς,</strong></span> <span class='ocrx_word' id='word_1_416' title='bbox 3629 2427 3706 2498; x_wconf 56' lang='grc' dir='ltr'><strong>ὺᾷέ</strong></span> 
     </span>
    </p>
   </div>
   <div class='ocr_carea' id='block_1_66' title="bbox 2159 2520 3708 2594">
    <p class='ocr_par' dir='ltr' id='par_1_66' title="bbox 2159 2520 3708 2594">
     <span class='ocr_line' id='line_1_66' title="bbox 2159 2520 3708 2594; baseline -0.002 -18"><span class='ocrx_word' id='word_1_417' title='bbox 2159 2538 2289 2576; x_wconf 90' lang='grc' dir='ltr'><strong>ποτε</strong></span> <span class='ocrx_word' id='word_1_418' title='bbox 2315 2521 2667 2594; x_wconf 80' lang='grc' dir='ltr'><strong>συναίσθησιν</strong></span> <span class='ocrx_word' id='word_1_419' title='bbox 2694 2521 2803 2576; x_wconf 87' lang='grc' dir='ltr'><strong>τῶν</strong></span> <span class='ocrx_word' id='word_1_420' title='bbox 2817 2523 2959 2576; x_wconf 79' lang='grc' dir='ltr'><strong>κατὰ</strong></span> <span class='ocrx_word' id='word_1_421' title='bbox 2985 2523 3086 2594; x_wconf 82' lang='grc' dir='ltr'><strong>τῆς</strong></span> <span class='ocrx_word' id='word_1_422' title='bbox 3116 2521 3447 2594; x_wconf 85' lang='grc' dir='ltr'><strong>Ἐκκλησίας</strong></span> <span class='ocrx_word' id='word_1_423' title='bbox 3480 2520 3708 2592; x_wconf 77' lang='grc' dir='ltr'><strong>τετολμη-</strong></span> 
     </span>
    </p>
   </div>
   <div class='ocr_carea' id='block_1_67' title="bbox 2160 2612 3709 2686">
    <p class='ocr_par' dir='ltr' id='par_1_67' title="bbox 2160 2612 3709 2686">
     <span class='ocr_line' id='line_1_67' title="bbox 2160 2612 3709 2686; baseline -0.003 -18"><span class='ocrx_word' id='word_1_424' title='bbox 2160 2614 2336 2685; x_wconf 81' lang='grc' dir='ltr'><strong>μένων</strong></span> <span class='ocrx_word' id='word_1_425' title='bbox 2368 2613 2514 2686; x_wconf 80' lang='grc' dir='ltr'><strong>αὑτῷ</strong></span> <span class='ocrx_word' id='word_1_426' title='bbox 2537 2613 2834 2685; x_wconf 89' lang='grc' dir='ltr'><strong>λαμϐάνει·</strong></span> <span class='ocrx_word' id='word_1_427' title='bbox 2869 2616 3106 2671; x_wconf 75' lang='grc' dir='ltr'><strong>κᾶπειτα</strong></span> <span class='ocrx_word' id='word_1_428' title='bbox 3132 2613 3212 2685; x_wconf 85' lang='grc' dir='ltr'><strong>τῷ</strong></span> <span class='ocrx_word' id='word_1_429' title='bbox 3249 2614 3373 2686; x_wconf 84' lang='grc' dir='ltr'><strong>Θεῷ</strong></span> <span class='ocrx_word' id='word_1_430' title='bbox 3421 2612 3709 2685; x_wconf 68' lang='grc' dir='ltr'><strong>ἐξομολογηι</strong></span> 
     </span>
    </p>
   </div>
   <div class='ocr_carea' id='block_1_68' title="bbox 2159 2705 3707 2780">
    <p class='ocr_par' dir='ltr' id='par_1_68' title="bbox 2159 2705 3707 2780">
     <span class='ocr_line' id='line_1_68' title="bbox 2159 2705 3707 2780; baseline -0.004 -18"><span class='ocrx_word' id='word_1_431' title='bbox 2159 2706 2414 2780; x_wconf 84' lang='grc' dir='ltr'><strong>σάμενος,</strong></span> <span class='ocrx_word' id='word_1_432' title='bbox 2446 2706 2538 2762; x_wconf 78' lang='grc' dir='ltr'><strong>τὸν</strong></span> <span class='ocrx_word' id='word_1_433' title='bbox 2576 2706 2719 2762; x_wconf 83' lang='grc' dir='ltr'><strong>κατὰ</strong></span> <span class='ocrx_word' id='word_1_434' title='bbox 2749 2706 2862 2763; x_wconf 88' lang='grc' dir='ltr'><strong>τῶν</strong></span> <span class='ocrx_word' id='word_1_435' title='bbox 2902 2708 3249 2779; x_wconf 76' lang='grc' dir='ltr'><strong>Χριστιανῶν</strong></span> <span class='ocrx_word' id='word_1_436' title='bbox 3294 2706 3565 2762; x_wconf 74' lang='grc' dir='ltr'><strong>ἀποπαύει</strong></span> <span class='ocrx_word' id='word_1_437' title='bbox 3604 2705 3707 2758; x_wconf 75' lang='grc' dir='ltr'><strong>διωι</strong></span> 
     </span>
    </p>
   </div>
   <div class='ocr_carea' id='block_1_69' title="bbox 2156 2791 3708 2870">
    <p class='ocr_par' dir='ltr' id='par_1_69' title="bbox 2156 2791 3708 2870">
     <span class='ocr_line' id='line_1_69' title="bbox 2156 2791 3708 2870; baseline 0.001 -19"><span class='ocrx_word' id='word_1_438' title='bbox 2156 2797 2319 2869; x_wconf 80' lang='grc' dir='ltr'><strong>γμὸν,</strong></span> <span class='ocrx_word' id='word_1_439' title='bbox 2372 2796 2558 2868; x_wconf 84' lang='grc' dir='ltr'><strong>νόμοις</strong></span> <span class='ocrx_word' id='word_1_440' title='bbox 2617 2812 2677 2850; x_wconf 89' lang='grc' dir='ltr'><strong>τε</strong></span> <span class='ocrx_word' id='word_1_441' title='bbox 2725 2797 2819 2850; x_wconf 73' lang='grc' dir='ltr'><strong>καὶ</strong></span> <span class='ocrx_word' id='word_1_442' title='bbox 2882 2797 3219 2870; x_wconf 82' lang='grc' dir='ltr'><strong>διατάγμασι</strong></span> <span class='ocrx_word' id='word_1_443' title='bbox 3270 2796 3582 2868; x_wconf 74' lang='grc' dir='ltr'><strong>βασιλικοῖς,</strong></span> <span class='ocrx_word' id='word_1_444' title='bbox 3628 2791 3708 2853; x_wconf 62' lang='grc' dir='ltr'><strong>τὶς</strong></span> 
     </span>
    </p>
   </div>
   <div class='ocr_carea' id='block_1_70' title="bbox 2157 2884 3705 2962">
    <p class='ocr_par' dir='ltr' id='par_1_70' title="bbox 2157 2884 3705 2962">
     <span class='ocr_line' id='line_1_70' title="bbox 2157 2884 3705 2962; baseline -0.006 -17"><span class='ocrx_word' id='word_1_445' title='bbox 2157 2888 2454 2962; x_wconf 76' lang='grc' dir='ltr'><strong>ἐκκλησίας</strong></span> <span class='ocrx_word' id='word_1_446' title='bbox 2475 2888 2655 2944; x_wconf 81' lang='grc' dir='ltr'><strong>αὐτῶν</strong></span> <span class='ocrx_word' id='word_1_447' title='bbox 2682 2888 2983 2961; x_wconf 80' lang='grc' dir='ltr'><strong>οἰκοδομεῖν</strong></span> <span class='ocrx_word' id='word_1_448' title='bbox 3011 2889 3357 2961; x_wconf 76' lang='grc' dir='ltr'><strong>ἐπισπέρχει,</strong></span> <span class='ocrx_word' id='word_1_449' title='bbox 3376 2888 3444 2942; x_wconf 88' lang='grc' dir='ltr'><strong>τά</strong></span> <span class='ocrx_word' id='word_1_450' title='bbox 3456 2905 3513 2942; x_wconf 89' lang='grc' dir='ltr'><strong>τε</strong></span> <span class='ocrx_word' id='word_1_451' title='bbox 3535 2884 3705 2956; x_wconf 76' lang='grc' dir='ltr'><strong>συνήθη</strong></span> 
     </span>
    </p>
   </div>
   <div class='ocr_carea' id='block_1_71' title="bbox 2158 2979 3707 3055">
    <p class='ocr_par' dir='ltr' id='par_1_71' title="bbox 2158 2979 3707 3055">
     <span class='ocr_line' id='line_1_71' title="bbox 2158 2979 3707 3055; baseline 0.001 -18"><span class='ocrx_word' id='word_1_452' title='bbox 2158 2981 2418 3055; x_wconf 85' lang='grc' dir='ltr'><strong>πράττειν</strong></span> <span class='ocrx_word' id='word_1_453' title='bbox 2467 2981 2683 3046; x_wconf 75' lang='grc' dir='ltr'><strong>αὐτοὺς,</strong></span> <span class='ocrx_word' id='word_1_454' title='bbox 2734 2982 2903 3053; x_wconf 73' lang='grc' dir='ltr'><strong>εὐχάς</strong></span> <span class='ocrx_word' id='word_1_455' title='bbox 2936 2982 3079 3054; x_wconf 71' lang='grc' dir='ltr'><strong>ὑπὲρ</strong></span> <span class='ocrx_word' id='word_1_456' title='bbox 3147 2981 3316 3036; x_wconf 73' lang='grc' dir='ltr'><strong>αὑτοῦ</strong></span> <span class='ocrx_word' id='word_1_457' title='bbox 3387 2979 3707 3049; x_wconf 75' lang='grc' dir='ltr'><strong>ποιουμένους</strong></span> 
     </span>
    </p>
   </div>
   <div class='ocr_carea' id='block_1_72' title="bbox 2156 3074 2525 3132">
    <p class='ocr_par' dir='ltr' id='par_1_72' title="bbox 2156 3074 2525 3132">
     <span class='ocr_line' id='line_1_72' title="bbox 2156 3074 2525 3132; baseline -0.011 0"><span class='ocrx_word' id='word_1_458' title='bbox 2156 3074 2525 3132; x_wconf 70' lang='grc' dir='ltr'><strong>διακελεύεται</strong></span> 
     </span>
    </p>
   </div>
   <div class='ocr_carea' id='block_1_73' title="bbox 2664 3258 3239 3314">
    <p class='ocr_par' dir='ltr' id='par_1_73' title="bbox 2664 3258 3239 3314">
     <span class='ocr_line' id='line_1_73' title="bbox 2664 3258 3239 3314; baseline 0.003 -3"><span class='ocrx_word' id='word_1_459' title='bbox 2664 3258 3061 3313; x_wconf 78' lang='grc' dir='ltr'><strong>ΚΕΦΑΛΑΙΟΝ</strong></span> <span class='ocrx_word' id='word_1_460' title='bbox 3101 3259 3150 3313; x_wconf 85' lang='grc' dir='ltr'><strong>Ν</strong></span> <span class='ocrx_word' id='word_1_461' title='bbox 3154 3259 3239 3314; x_wconf 88' lang='grc' dir='ltr'><strong>Η’.</strong></span> 
     </span>
    </p>
   </div>
   <div class='ocr_carea' id='block_1_74' title="bbox 2163 3344 3713 3421">
    <p class='ocr_par' dir='ltr' id='par_1_74' title="bbox 2163 3344 3713 3421">
     <span class='ocr_line' id='line_1_74' title="bbox 2163 3344 3713 3421; baseline -0.001 -14"><span class='ocrx_word' id='word_1_462' title='bbox 2163 3353 2283 3407; x_wconf 83' lang='grc' dir='ltr'><strong>Ὅτι</strong></span> <span class='ocrx_word' id='word_1_463' title='bbox 2310 3350 2639 3421; x_wconf 78' lang='grc' dir='ltr'><strong>Μαξιμῖνος</strong></span> <span class='ocrx_word' id='word_1_464' title='bbox 2665 3350 2885 3418; x_wconf 77' lang='grc' dir='ltr'><strong>διώξας</strong></span> <span class='ocrx_word' id='word_1_465' title='bbox 2924 3350 3347 3419; x_wconf 81' lang='grc' dir='ltr'><strong>Χριστιανοὺς,</strong></span> <span class='ocrx_word' id='word_1_466' title='bbox 3388 3350 3489 3406; x_wconf 74' lang='grc' dir='ltr'><strong>καὶ</strong></span> <span class='ocrx_word' id='word_1_467' title='bbox 3535 3344 3713 3420; x_wconf 62' lang='grc' dir='ltr'><strong>φυγὰν</strong></span> 
     </span>
    </p>
   </div>
   <div class='ocr_carea' id='block_1_75' title="bbox 2586 3423 3328 3491">
    <p class='ocr_par' dir='ltr' id='par_1_75' title="bbox 2586 3423 3328 3491">
     <span class='ocr_line' id='line_1_75' title="bbox 2586 3423 3328 3491; baseline -0.001 -15"><span class='ocrx_word' id='word_1_468' title='bbox 2586 3423 2668 3488; x_wconf 89' lang='grc' dir='ltr'><strong>ὡς</strong></span> <span class='ocrx_word' id='word_1_469' title='bbox 2693 3424 2931 3490; x_wconf 74' lang='grc' dir='ltr'><strong>οἰκέτης</strong></span> <span class='ocrx_word' id='word_1_470' title='bbox 2973 3423 3328 3491; x_wconf 79' lang='grc' dir='ltr'><strong>ἐκρύπτετο.</strong></span> 
     </span>
    </p>
   </div>
   <div class='ocr_carea' id='block_1_76' title="bbox 2242 3510 3710 3588">
    <p class='ocr_par' dir='ltr' id='par_1_76' title="bbox 2242 3510 3710 3588">
     <span class='ocr_line' id='line_1_76' title="bbox 2242 3510 3710 3588; baseline -0.006 -18"><span class='ocrx_word' id='word_1_471' title='bbox 2242 3514 2387 3569; x_wconf 76' lang='grc' dir='ltr'><strong>Ἀλλ’</strong></span> <span class='ocrx_word' id='word_1_472' title='bbox 2408 3516 2438 3570; x_wconf 83' lang='grc' dir='ltr'>ὁ</span> <span class='ocrx_word' id='word_1_473' title='bbox 2455 3515 2552 3588; x_wconf 80' lang='grc' dir='ltr'><strong>μὲν</strong></span> <span class='ocrx_word' id='word_1_474' title='bbox 2577 3514 2674 3569; x_wconf 90' lang='grc' dir='ltr'><strong>τοῦ</strong></span> <span class='ocrx_word' id='word_1_475' title='bbox 2687 3513 2931 3586; x_wconf 88' lang='grc' dir='ltr'><strong>διωγμοῦ</strong></span> <span class='ocrx_word' id='word_1_476' title='bbox 2960 3514 3261 3587; x_wconf 81' lang='grc' dir='ltr'><strong>κατάρξας,</strong></span> <span class='ocrx_word' id='word_1_477' title='bbox 3285 3514 3537 3586; x_wconf 80' lang='grc' dir='ltr'><strong>τοιαύτην</strong></span> <span class='ocrx_word' id='word_1_478' title='bbox 3552 3510 3710 3576; x_wconf 78' lang='grc' dir='ltr'><strong>ὑπεῖχε</strong></span> 
     </span>
    </p>
   </div>
   <div class='ocr_carea' id='block_1_77' title="bbox 2158 3601 3710 3678">
    <p class='ocr_par' dir='ltr' id='par_1_77' title="bbox 2158 3601 3710 3678">
     <span class='ocr_line' id='line_1_77' title="bbox 2158 3601 3710 3678; baseline -0.005 -17"><span class='ocrx_word' id='word_1_479' title='bbox 2158 3606 2334 3678; x_wconf 87' lang='grc' dir='ltr'><strong>δίκην.</strong></span> <span class='ocrx_word' id='word_1_480' title='bbox 2363 3606 2579 3661; x_wconf 79' lang='grc' dir='ltr'><strong>Τούτων</strong></span> <span class='ocrx_word' id='word_1_481' title='bbox 2596 3607 2643 3661; x_wconf 79' lang='grc' dir='ltr'><strong>δ’</strong></span> <span class='ocrx_word' id='word_1_482' title='bbox 2669 3604 2946 3678; x_wconf 83' lang='grc' dir='ltr'><strong>αὐτόπτης</strong></span> <span class='ocrx_word' id='word_1_483' title='bbox 2978 3605 3007 3657; x_wconf 85' lang='grc' dir='ltr'><strong>ὁ</strong></span> <span class='ocrx_word' id='word_1_484' title='bbox 3040 3606 3176 3676; x_wconf 80' lang='grc' dir='ltr'><strong>πρὸς</strong></span> <span class='ocrx_word' id='word_1_485' title='bbox 3217 3606 3314 3660; x_wconf 89' lang='grc' dir='ltr'><strong>τοῦ</strong></span> <span class='ocrx_word' id='word_1_486' title='bbox 3351 3606 3509 3673; x_wconf 81' lang='grc' dir='ltr'><strong>λόγου</strong></span> <span class='ocrx_word' id='word_1_487' title='bbox 3550 3601 3710 3674; x_wconf 74' lang='grc' dir='ltr'><strong>δηλού-</strong></span> 
     </span>
    </p>
   </div>
   <div class='ocr_carea' id='block_1_78' title="bbox 2166 3695 3707 3775">
    <p class='ocr_par' dir='ltr' id='par_1_78' title="bbox 2166 3695 3707 3775">
     <span class='ocr_line' id='line_1_78' title="bbox 2166 3695 3707 3775; baseline -0.003 -18"><span class='ocrx_word' id='word_1_488' title='bbox 2166 3719 2327 3775; x_wconf 87' lang='grc' dir='ltr'><strong>μενος</strong></span> <span class='ocrx_word' id='word_1_489' title='bbox 2370 3700 2632 3771; x_wconf 85' lang='grc' dir='ltr'><strong>γεγονὼς,</strong></span> <span class='ocrx_word' id='word_1_490' title='bbox 2679 3700 2776 3755; x_wconf 77' lang='grc' dir='ltr'><strong>καὶ</strong></span> <span class='ocrx_word' id='word_1_491' title='bbox 2829 3699 2983 3754; x_wconf 86' lang='grc' dir='ltr'><strong>ταῦτ’</strong></span> <span class='ocrx_word' id='word_1_492' title='bbox 3022 3700 3270 3772; x_wconf 66' lang='grc' dir='ltr'><strong>ἀκριϐῶς</strong></span> <span class='ocrx_word' id='word_1_493' title='bbox 3297 3698 3609 3770; x_wconf 82' lang='grc' dir='ltr'><strong>διεγνωκὼς</strong></span> <span class='ocrx_word' id='word_1_494' title='bbox 3654 3695 3707 3760; x_wconf 71' lang='grc' dir='ltr'><strong>τῇ</strong></span> 
     </span>
    </p>
   </div>
   <div class='ocr_carea' id='block_1_79' title="bbox 2164 3781 3709 3867">
    <p class='ocr_par' dir='ltr' id='par_1_79' title="bbox 2164 3781 3709 3867">
     <span class='ocr_line' id='line_1_79' title="bbox 2164 3781 3709 3867; baseline -0.007 -17"><span class='ocrx_word' id='word_1_495' title='bbox 2164 3796 2351 3867; x_wconf 77' lang='grc' dir='ltr'><strong>πείρα,</strong></span> <span class='ocrx_word' id='word_1_496' title='bbox 2368 3795 2540 3867; x_wconf 85' lang='grc' dir='ltr'><strong>λήθην</strong></span> <span class='ocrx_word' id='word_1_497' title='bbox 2557 3795 2624 3849; x_wconf 84' lang='grc' dir='ltr'><strong>άθ</strong></span> <span class='ocrx_word' id='word_1_498' title='bbox 2633 3795 2770 3867; x_wconf 86' lang='grc' dir='ltr'><strong>ρόως</strong></span> <span class='ocrx_word' id='word_1_499' title='bbox 2784 3794 3041 3849; x_wconf 86' lang='grc' dir='ltr'><strong>ἁπάντων</strong></span> <span class='ocrx_word' id='word_1_500' title='bbox 3065 3795 3326 3859; x_wconf 76' lang='grc' dir='ltr'><strong>ἐποιεῖτο,</strong></span> <span class='ocrx_word' id='word_1_501' title='bbox 3353 3793 3476 3847; x_wconf 74' lang='grc' dir='ltr'><strong>οὔτε</strong></span> <span class='ocrx_word' id='word_1_502' title='bbox 3494 3793 3583 3859; x_wconf 79' lang='grc' dir='ltr'><strong>τὴν</strong></span> <span class='ocrx_word' id='word_1_503' title='bbox 3595 3781 3709 3838; x_wconf 69' lang='grc' dir='ltr'><strong>κατὰ</strong></span> 
     </span>
    </p>
   </div>
   <div class='ocr_carea' id='block_1_80' title="bbox 2161 3875 3710 3962">
    <p class='ocr_par' dir='ltr' id='par_1_80' title="bbox 2161 3875 3710 3962">
     <span class='ocr_line' id='line_1_80' title="bbox 2161 3875 3710 3962; baseline -0.006 -20"><span class='ocrx_word' id='word_1_504' title='bbox 2161 3888 2254 3942; x_wconf 89' lang='grc' dir='ltr'><strong>τοῦ</strong></span> <span class='ocrx_word' id='word_1_505' title='bbox 2288 3888 2551 3962; x_wconf 82' lang='grc' dir='ltr'><strong>προτέρου</strong></span> <span class='ocrx_word' id='word_1_506' title='bbox 2588 3886 2776 3958; x_wconf 83' lang='grc' dir='ltr'><strong>ποινὴν</strong></span> <span class='ocrx_word' id='word_1_507' title='bbox 2810 3887 3113 3956; x_wconf 82' lang='grc' dir='ltr'><strong>ἀνενέγκας</strong></span> <span class='ocrx_word' id='word_1_508' title='bbox 3139 3889 3205 3958; x_wconf 82' lang='grc' dir='ltr'><strong>τῇ</strong></span> <span class='ocrx_word' id='word_1_509' title='bbox 3239 3888 3449 3958; x_wconf 80' lang='grc' dir='ltr'><strong>μνήμῃ,</strong></span> <span class='ocrx_word' id='word_1_510' title='bbox 3486 3878 3601 3934; x_wconf 76' lang='grc' dir='ltr'><strong>οὔτε</strong></span> <span class='ocrx_word' id='word_1_511' title='bbox 3627 3875 3710 3944; x_wconf 77' lang='grc' dir='ltr'><strong>τὴν</strong></span> 
     </span>
    </p>
   </div>
   <div class='ocr_carea' id='block_1_81' title="bbox 2166 3966 3711 4053">
    <p class='ocr_par' dir='ltr' id='par_1_81' title="bbox 2166 3966 3711 4053">
     <span class='ocr_line' id='line_1_81' title="bbox 2166 3966 3711 4053; baseline -0.009 -21"><span class='ocrx_word' id='word_1_512' title='bbox 2166 3978 2276 4051; x_wconf 85' lang='grc' dir='ltr'><strong>[ὲκ]</strong></span> <span class='ocrx_word' id='word_1_513' title='bbox 2312 3979 2405 4034; x_wconf 89' lang='grc' dir='ltr'><strong>τοῦ</strong></span> <span class='ocrx_word' id='word_1_514' title='bbox 2455 3981 2707 4052; x_wconf 84' lang='grc' dir='ltr'><strong>δευτέρου</strong></span> <span class='ocrx_word' id='word_1_515' title='bbox 2761 3980 3001 4053; x_wconf 81' lang='grc' dir='ltr'><strong>τιμωρὸν</strong></span> <span class='ocrx_word' id='word_1_516' title='bbox 3032 3979 3191 4051; x_wconf 80' lang='grc' dir='ltr'><strong>δίκην</strong></span> <span class='ocrx_word' id='word_1_517' title='bbox 3232 3980 3373 4052; x_wconf 72' lang='grc'><strong>(21),</strong></span> <span class='ocrx_word' id='word_1_518' title='bbox 3405 3979 3498 4039; x_wconf 81' lang='grc' dir='ltr'><strong>⁸ος</strong></span> <span class='ocrx_word' id='word_1_519' title='bbox 3535 3973 3595 4042; x_wconf 72' lang='grc' dir='ltr'><strong>δὴ</strong></span> <span class='ocrx_word' id='word_1_520' title='bbox 3635 3966 3711 4021; x_wconf 77' lang='grc' dir='ltr'><strong>καὶ</strong></span> 
     </span>
    </p>
   </div>
   <div class='ocr_carea' id='block_1_82' title="bbox 2164 4064 3713 4146">
    <p class='ocr_par' dir='ltr' id='par_1_82' title="bbox 2164 4064 3713 4146">
     <span class='ocr_line' id='line_1_82' title="bbox 2164 4064 3713 4146; baseline -0.006 -21"><span class='ocrx_word' id='word_1_521' title='bbox 2164 4072 2327 4136; x_wconf 81' lang='grc' dir='ltr'><strong>αὐτὸς</strong></span> <span class='ocrx_word' id='word_1_522' title='bbox 2356 4072 2759 4145; x_wconf 74' lang='grc' dir='ltr'><strong>ὑπερϐαλέσθαι</strong></span> <span class='ocrx_word' id='word_1_523' title='bbox 2789 4074 2881 4127; x_wconf 86' lang='grc' dir='ltr'><strong>τὸν</strong></span> <span class='ocrx_word' id='word_1_524' title='bbox 2913 4073 3131 4146; x_wconf 87' lang='grc' dir='ltr'><strong>πρῶτον</strong></span> <span class='ocrx_word' id='word_1_525' title='bbox 3173 4073 3251 4135; x_wconf 85' lang='grc' dir='ltr'><strong>ῶς</strong></span> <span class='ocrx_word' id='word_1_526' title='bbox 3286 4073 3345 4125; x_wconf 81' lang='grc' dir='ltr'><strong>ὲν</strong></span> <span class='ocrx_word' id='word_1_527' title='bbox 3376 4064 3552 4120; x_wconf 83' lang='grc' dir='ltr'><strong>κακῶν</strong></span> <span class='ocrx_word' id='word_1_528' title='bbox 3572 4077 3713 4129; x_wconf 81' lang='grc' dir='ltr'><strong>πεφι-</strong></span> 
     </span>
    </p>
   </div>
   <div class='ocr_carea' id='block_1_83' title="bbox 2162 4148 3711 4235">
    <p class='ocr_par' dir='ltr' id='par_1_83' title="bbox 2162 4148 3711 4235">
     <span class='ocr_line' id='line_1_83' title="bbox 2162 4148 3711 4235; baseline -0.011 -18"><span class='ocrx_word' id='word_1_529' title='bbox 2162 4162 2526 4235; x_wconf 82' lang='grc' dir='ltr'><strong>λοτιμημένος</strong></span> <span class='ocrx_word' id='word_1_530' title='bbox 2573 4161 2770 4232; x_wconf 84' lang='grc' dir='ltr'><strong>ἀγῶνι,</strong></span> <span class='ocrx_word' id='word_1_531' title='bbox 2816 4162 3171 4232; x_wconf 69' lang='grc' dir='ltr'><strong>καινοτέρων,</strong></span> <span class='ocrx_word' id='word_1_532' title='bbox 3203 4153 3485 4228; x_wconf 84' lang='grc' dir='ltr'><strong>τιμωριῶν</strong></span> <span class='ocrx_word' id='word_1_533' title='bbox 3530 4148 3711 4235; x_wconf 80' lang='grc' dir='ltr'><strong>εὑρέσει</strong></span> 
     </span>
    </p>
   </div>
   <div class='ocr_carea' id='block_1_84' title="bbox 2166 4234 3715 4324">
    <p class='ocr_par' dir='ltr' id='par_1_84' title="bbox 2166 4234 3715 4324">
     <span class='ocr_line' id='line_1_84' title="bbox 2166 4234 3715 4324; baseline -0.008 -19"><span class='ocrx_word' id='word_1_534' title='bbox 2166 4251 2287 4305; x_wconf 83' lang='grc' dir='ltr'><strong>καθ’</strong></span> <span class='ocrx_word' id='word_1_535' title='bbox 2322 4234 2480 4324; x_wconf 78' lang='grc' dir='ltr'><strong>ἡμῶν</strong></span> <span class='ocrx_word' id='word_1_536' title='bbox 2520 4250 2947 4315; x_wconf 73' lang='grc' dir='ltr'><strong>ἐκαλλωπίζετο.</strong></span> <span class='ocrx_word' id='word_1_537' title='bbox 2985 4250 3100 4305; x_wconf 86' lang='grc' dir='ltr'><strong>Οὐκ</strong></span> <span class='ocrx_word' id='word_1_538' title='bbox 3146 4247 3390 4321; x_wconf 82' lang='grc' dir='ltr'><strong>ἀπήρκει</strong></span> <span class='ocrx_word' id='word_1_539' title='bbox 3426 4242 3550 4313; x_wconf 88' lang='grc' dir='ltr'><strong>γοῦν</strong></span> <span class='ocrx_word' id='word_1_540' title='bbox 3587 4234 3715 4306; x_wconf 81' lang='grc' dir='ltr'><strong>αὑτῴ</strong></span> 
     </span>
    </p>
   </div>
   <div class='ocr_carea' id='block_1_85' title="bbox 2168 4332 3713 4417">
    <p class='ocr_par' dir='ltr' id='par_1_85' title="bbox 2168 4332 3713 4417">
     <span class='ocr_line' id='line_1_85' title="bbox 2168 4332 3713 4417; baseline -0.005 -19"><span class='ocrx_word' id='word_1_541' title='bbox 2168 4344 2278 4417; x_wconf 87' lang='grc' dir='ltr'><strong>πῦρ</strong></span> <span class='ocrx_word' id='word_1_542' title='bbox 2294 4347 2389 4398; x_wconf 81' lang='grc' dir='ltr'><strong>καὶ</strong></span> <span class='ocrx_word' id='word_1_543' title='bbox 2415 4344 2630 4416; x_wconf 86' lang='grc' dir='ltr'><strong>σίδηρος</strong></span> <span class='ocrx_word' id='word_1_544' title='bbox 2646 4344 2741 4397; x_wconf 82' lang='grc' dir='ltr'><strong>καὶ</strong></span> <span class='ocrx_word' id='word_1_545' title='bbox 2768 4342 3135 4416; x_wconf 80' lang='grc' dir='ltr'><strong>προσήλωσις,</strong></span> <span class='ocrx_word' id='word_1_546' title='bbox 3150 4339 3272 4394; x_wconf 82' lang='grc' dir='ltr'><strong>οὐδέ</strong></span> <span class='ocrx_word' id='word_1_547' title='bbox 3294 4355 3359 4408; x_wconf 86' lang='grc' dir='ltr'><strong>γε</strong></span> <span class='ocrx_word' id='word_1_548' title='bbox 3382 4337 3540 4409; x_wconf 79' lang='grc' dir='ltr'><strong>θῆρες</strong></span> <span class='ocrx_word' id='word_1_549' title='bbox 3559 4332 3713 4402; x_wconf 76' lang='grc' dir='ltr'><strong>ἄγριοι</strong></span> 
     </span>
    </p>
   </div>
   <div class='ocr_carea' id='block_1_86' title="bbox 2168 4426 3711 4510">
    <p class='ocr_par' dir='ltr' id='par_1_86' title="bbox 2168 4426 3711 4510">
     <span class='ocr_line' id='line_1_86' title="bbox 2168 4426 3711 4510; baseline -0.007 -18"><span class='ocrx_word' id='word_1_550' title='bbox 2168 4438 2262 4492; x_wconf 76' lang='grc' dir='ltr'><strong>καὶ</strong></span> <span class='ocrx_word' id='word_1_551' title='bbox 2313 4437 2582 4510; x_wconf 83' lang='grc' dir='ltr'><strong>θαλάττης</strong></span> <span class='ocrx_word' id='word_1_552' title='bbox 2622 4436 2794 4508; x_wconf 85' lang='grc' dir='ltr'><strong>βυθοί.</strong></span> <span class='ocrx_word' id='word_1_553' title='bbox 2833 4437 2981 4509; x_wconf 84' lang='grc' dir='ltr'><strong>Ἤδη</strong></span> <span class='ocrx_word' id='word_1_554' title='bbox 3021 4436 3080 4489; x_wconf 85' lang='grc' dir='ltr'><strong>δὲ</strong></span> <span class='ocrx_word' id='word_1_555' title='bbox 3126 4435 3265 4506; x_wconf 83' lang='grc' dir='ltr'><strong>πρὸς</strong></span> <span class='ocrx_word' id='word_1_556' title='bbox 3303 4432 3471 4487; x_wconf 69' lang='grc' dir='ltr'><strong>ἅπασι</strong></span> <span class='ocrx_word' id='word_1_557' title='bbox 3515 4426 3711 4488; x_wconf 76' lang='grc' dir='ltr'><strong>τούτοις.</strong></span> 
     </span>
    </p>
   </div>
   <div class='ocr_carea' id='block_1_87' title="bbox 483 4497 2058 4601">
    <p class='ocr_par' dir='ltr' id='par_1_87' title="bbox 483 4497 2058 4601">
     <span class='ocr_line' id='line_1_87' title="bbox 483 4497 2058 4601; baseline -0.001 -18"><span class='ocrx_word' id='word_1_558' title='bbox 483 4542 589 4597; x_wconf 91' lang='lat' dir='ltr'><strong>que</strong></span> <span class='ocrx_word' id='word_1_559' title='bbox 629 4530 773 4586; x_wconf 91' lang='lat' dir='ltr'><strong>enim</strong></span> <span class='ocrx_word' id='word_1_560' title='bbox 804 4497 965 4601; x_wconf 40' lang='lat' dir='ltr'><strong>’ignis</strong></span> <span class='ocrx_word' id='word_1_561' title='bbox 1003 4541 1099 4585; x_wconf 86' lang='lat' dir='ltr'><strong>aut</strong></span> <span class='ocrx_word' id='word_1_562' title='bbox 1141 4529 1376 4596; x_wconf 85' lang='lat' dir='ltr'><strong>ferrum,</strong></span> <span class='ocrx_word' id='word_1_563' title='bbox 1434 4545 1541 4584; x_wconf 91' lang='lat' dir='ltr'><strong>non</strong></span> <span class='ocrx_word' id='word_1_564' title='bbox 1589 4529 1865 4585; x_wconf 84' lang='lat' dir='ltr'><strong>clavorum</strong></span> <span class='ocrx_word' id='word_1_565' title='bbox 1912 4528 2058 4582; x_wconf 82' lang='lat' dir='ltr'><strong>suﬂi-</strong></span> 
     </span>
    </p>
   </div>
   <div class='ocr_carea' id='block_1_88' title="bbox 2168 4497 3714 4601">
    <p class='ocr_par' dir='ltr' id='par_1_88' title="bbox 2170 4497 3714 4599">
     <span class='ocr_line' id='line_1_88' title="bbox 2170 4497 3714 4599; baseline -0.006 -17"><span class='ocrx_word' id='word_1_566' title='bbox 2170 4527 2325 4599; x_wconf 79' lang='grc' dir='ltr'><strong>ξένην</strong></span> <span class='ocrx_word' id='word_1_567' title='bbox 2378 4528 2498 4582; x_wconf 79' lang='grc' dir='ltr'><strong>τινὰ</strong></span> <span class='ocrx_word' id='word_1_568' title='bbox 2538 4497 2768 4581; x_wconf 55' lang='grc' dir='ltr'><strong>’κόλασιν</strong></span> <span class='ocrx_word' id='word_1_569' title='bbox 2813 4497 2977 4590; x_wconf 62' lang='grc' dir='ltr'><strong>αὐτὸς</strong></span> <span class='ocrx_word' id='word_1_570' title='bbox 3032 4497 3300 4597; x_wconf 77' lang='grc' dir='ltr'><strong>ἐφευρὼν,</strong></span> <span class='ocrx_word' id='word_1_571' title='bbox 3341 4521 3412 4576; x_wconf 82' lang='grc' dir='ltr'><strong>τά</strong></span> <span class='ocrx_word' id='word_1_572' title='bbox 3451 4518 3538 4574; x_wconf 90' lang='grc' dir='ltr'><strong>τοῦ</strong></span> <span class='ocrx_word' id='word_1_573' title='bbox 3566 4513 3714 4587; x_wconf 73' lang='grc' dir='ltr'><strong>φωτὸς</strong></span> 
     </span>
    </p>
   </div>
   <div class='ocr_carea' id='block_1_89' title="bbox 482 4620 2060 4688">
    <p class='ocr_par' dir='ltr' id='par_1_89' title="bbox 482 4620 2060 4688">
     <span class='ocr_line' id='line_1_89' title="bbox 482 4620 2060 4688; baseline -0.001 -13"><span class='ocrx_word' id='word_1_574' title='bbox 482 4622 696 4688; x_wconf 61' lang='lat' dir='ltr'><strong>siones,</strong></span> <span class='ocrx_word' id='word_1_575' title='bbox 728 4638 835 4679; x_wconf 91' lang='lat' dir='ltr'><strong>non</strong></span> <span class='ocrx_word' id='word_1_576' title='bbox 879 4625 1182 4679; x_wconf 89' lang='lat' dir='ltr'><strong>bestiarum</strong></span> <span class='ocrx_word' id='word_1_577' title='bbox 1219 4621 1501 4688; x_wconf 81' lang='lat' dir='ltr'><strong>.laniutus,</strong></span> <span class='ocrx_word' id='word_1_578' title='bbox 1543 4636 1644 4676; x_wconf 90' lang='lat' dir='ltr'><strong>nec</strong></span> <span class='ocrx_word' id='word_1_579' title='bbox 1688 4620 1858 4675; x_wconf 88' lang='lat' dir='ltr'><strong>maris</strong></span> <span class='ocrx_word' id='word_1_580' title='bbox 1906 4621 2060 4675; x_wconf 85' lang='lat' dir='ltr'><strong>altis-</strong></span> 
     </span>
    </p>
   </div>
   <div class='ocr_carea' id='block_1_90' title="bbox 483 4711 2061 4786">
    <p class='ocr_par' dir='ltr' id='par_1_90' title="bbox 483 4711 2061 4786">
     <span class='ocr_line' id='line_1_90' title="bbox 483 4711 2061 4786; baseline -0.004 -17"><span class='ocrx_word' id='word_1_581' title='bbox 483 4714 604 4769; x_wconf 87' lang='lat' dir='ltr'><strong>simi</strong></span> <span class='ocrx_word' id='word_1_582' title='bbox 634 4717 870 4786; x_wconf 81' lang='lat' dir='ltr'><strong>gurgites</strong></span> <span class='ocrx_word' id='word_1_583' title='bbox 903 4714 957 4771; x_wconf 89' lang='lat' dir='ltr'><strong>ei</strong></span> <span class='ocrx_word' id='word_1_584' title='bbox 981 4713 1331 4771; x_wconf 79' lang='lat' dir='ltr'><strong>suﬂ‘ecerunt.</strong></span> <span class='ocrx_word' id='word_1_585' title='bbox 1365 4713 1472 4769; x_wconf 89' lang='lat' dir='ltr'><strong>Sed</strong></span> <span class='ocrx_word' id='word_1_586' title='bbox 1512 4711 1681 4784; x_wconf 62' lang='lat'><strong>438</strong></span> <span class='ocrx_word' id='word_1_587' title='bbox 1716 4718 1915 4782; x_wconf 63' lang='lat' dir='ltr'><strong>praeter</strong></span> <span class='ocrx_word' id='word_1_588' title='bbox 1946 4712 2061 4765; x_wconf 67' lang='lat' dir='ltr'><strong>haec</strong></span> 
     </span>
    </p>
   </div>
   <div class='ocr_carea' id='block_1_91' title="bbox 482 4805 2062 4878">
    <p class='ocr_par' dir='ltr' id='par_1_91' title="bbox 482 4805 2062 4878">
     <span class='ocr_line' id='line_1_91' title="bbox 482 4805 2062 4878; baseline -0.003 -18"><span class='ocrx_word' id='word_1_589' title='bbox 482 4806 665 4861; x_wconf 84' lang='lat' dir='ltr'><strong>omnia</strong></span> <span class='ocrx_word' id='word_1_590' title='bbox 714 4822 914 4862; x_wconf 89' lang='lat' dir='ltr'><strong>novum</strong></span> <span class='ocrx_word' id='word_1_591' title='bbox 945 4807 1220 4878; x_wconf 89' lang='lat' dir='ltr'><strong>quoddam</strong></span> <span class='ocrx_word' id='word_1_592' title='bbox 1265 4806 1513 4877; x_wconf 86' lang='lat' dir='ltr'><strong>supplicii</strong></span> <span class='ocrx_word' id='word_1_593' title='bbox 1550 4821 1724 4876; x_wconf 86' lang='lat' dir='ltr'><strong>genus</strong></span> <span class='ocrx_word' id='word_1_594' title='bbox 1761 4805 1876 4873; x_wconf 85' lang='lat' dir='ltr'><strong>ipse</strong></span> <span class='ocrx_word' id='word_1_595' title='bbox 1907 4820 2062 4859; x_wconf 91' lang='lat' dir='ltr'><strong>com—</strong></span> 
     </span>
    </p>
   </div>
   <div class='ocr_carea' id='block_1_92' title="bbox 481 4896 2061 4971">
    <p class='ocr_par' dir='ltr' id='par_1_92' title="bbox 481 4896 2061 4971">
     <span class='ocr_line' id='line_1_92' title="bbox 481 4896 2061 4971; baseline -0.003 -18"><span class='ocrx_word' id='word_1_596' title='bbox 481 4906 717 4964; x_wconf 87' lang='lat' dir='ltr'><strong>mentus,</strong></span> <span class='ocrx_word' id='word_1_597' title='bbox 748 4898 995 4955; x_wconf 89' lang='lat' dir='ltr'><strong>membra</strong></span> <span class='ocrx_word' id='word_1_598' title='bbox 1041 4899 1239 4971; x_wconf 88' lang='lat' dir='ltr'><strong>quibus</strong></span> <span class='ocrx_word' id='word_1_599' title='bbox 1267 4898 1409 4957; x_wconf 88' lang='lat' dir='ltr'><strong>lucis</strong></span> <span class='ocrx_word' id='word_1_600' title='bbox 1449 4914 1673 4953; x_wconf 83' lang='lat' dir='ltr'><strong>usuram</strong></span> <span class='ocrx_word' id='word_1_601' title='bbox 1709 4896 2061 4968; x_wconf 85' lang='lat' dir='ltr'><strong>percipimus,</strong></span> 
     </span>
    </p>
   </div>
   <div class='ocr_carea' id='block_1_93' title="bbox 483 4990 2060 5064">
    <p class='ocr_par' dir='ltr' id='par_1_93' title="bbox 483 4990 2060 5064">
     <span class='ocr_line' id='line_1_93' title="bbox 483 4990 2060 5064; baseline -0.003 -16"><span class='ocrx_word' id='word_1_602' title='bbox 483 4991 726 5048; x_wconf 85' lang='lat' dir='ltr'><strong>mutiiari</strong></span> <span class='ocrx_word' id='word_1_603' title='bbox 768 4992 885 5064; x_wconf 88' lang='lat' dir='ltr'><strong>lege</strong></span> <span class='ocrx_word' id='word_1_604' title='bbox 934 4992 1044 5047; x_wconf 85' lang='lat' dir='ltr'><strong>lata</strong></span> <span class='ocrx_word' id='word_1_605' title='bbox 1097 4992 1374 5062; x_wconf 76' lang='lat' dir='ltr'><strong>przecepit.</strong></span> <span class='ocrx_word' id='word_1_606' title='bbox 1443 4990 1649 5046; x_wconf 82' lang='lat' dir='ltr'><strong>Statim</strong></span> <span class='ocrx_word' id='word_1_607' title='bbox 1712 4990 1880 5061; x_wconf 88' lang='lat' dir='ltr'><strong>igitur</strong></span> <span class='ocrx_word' id='word_1_608' title='bbox 1929 5005 2060 5045; x_wconf 90' lang='lat' dir='ltr'><strong>cou-</strong></span> 
     </span>
    </p>
   </div>
   <div class='ocr_carea' id='block_1_94' title="bbox 483 5080 2051 5155">
    <p class='ocr_par' dir='ltr' id='par_1_94' title="bbox 483 5080 2051 5155">
     <span class='ocr_line' id='line_1_94' title="bbox 483 5080 2051 5155; baseline -0.001 -21"><span class='ocrx_word' id='word_1_609' title='bbox 483 5080 623 5138; x_wconf 82' lang='lat' dir='ltr'><strong>l‘erta</strong></span> <span class='ocrx_word' id='word_1_610' title='bbox 668 5085 882 5155; x_wconf 87' lang='lat' dir='ltr'><strong>agmina</strong></span> <span class='ocrx_word' id='word_1_611' title='bbox 943 5100 1051 5140; x_wconf 91' lang='lat' dir='ltr'><strong>non</strong></span> <span class='ocrx_word' id='word_1_612' title='bbox 1104 5085 1343 5142; x_wconf 82' lang='lat' dir='ltr'><strong>virorum</strong></span> <span class='ocrx_word' id='word_1_613' title='bbox 1397 5085 1593 5149; x_wconf 88' lang='lat' dir='ltr'><strong>modo,</strong></span> <span class='ocrx_word' id='word_1_614' title='bbox 1643 5098 1833 5140; x_wconf 87' lang='lat' dir='ltr'><strong>verum</strong></span> <span class='ocrx_word' id='word_1_615' title='bbox 1885 5081 2051 5138; x_wconf 88' lang='lat' dir='ltr'><strong>etiam</strong></span> 
     </span>
    </p>
   </div>
   <div class='ocr_carea' id='block_1_95' title="bbox 557 5287 2056 5375">
    <p class='ocr_par' dir='ltr' id='par_1_95' title="bbox 557 5287 2056 5375">
     <span class='ocr_line' id='line_1_95' title="bbox 557 5287 2056 5375; baseline -0.003 -29"><span class='ocrx_word' id='word_1_616' title='bbox 557 5291 670 5375; x_wconf 60' lang='lat'><strong>(20)</strong></span> <span class='ocrx_word' id='word_1_617' title='bbox 708 5289 1455 5375; x_wconf 58' lang='grc' dir='ltr'><strong>Πρωτῳτάτηκβοιςτξιιω</strong></span> <span class='ocrx_word' id='word_1_618' title='bbox 1487 5288 1878 5375; x_wconf 62' lang='lat' dir='ltr'><strong>Maximinum</strong></span> <span class='ocrx_word' id='word_1_619' title='bbox 1907 5287 2056 5343; x_wconf 87' lang='lat' dir='ltr'><strong>intel-</strong></span> 
     </span>
    </p>
   </div>
   <div class='ocr_carea' id='block_1_96' title="bbox 488 5360 2059 5431">
    <p class='ocr_par' dir='ltr' id='par_1_96' title="bbox 488 5360 2059 5431">
     <span class='ocr_line' id='line_1_96' title="bbox 488 5360 2059 5431; baseline -0.003 -13"><span class='ocrx_word' id='word_1_620' title='bbox 488 5360 772 5431; x_wconf 64' lang='lat' dir='ltr'><strong>iigit,&#39;qui</strong></span> <span class='ocrx_word' id='word_1_621' title='bbox 805 5365 1013 5430; x_wconf 88' lang='lat' dir='ltr'><strong>primus</strong></span> <span class='ocrx_word' id='word_1_622' title='bbox 1052 5372 1241 5417; x_wconf 87' lang='lat' dir='ltr'><strong>auctor</strong></span> <span class='ocrx_word' id='word_1_623' title='bbox 1282 5361 1382 5414; x_wconf 81' lang='lat' dir='ltr'><strong>fuit</strong></span> <span class='ocrx_word' id='word_1_624' title='bbox 1421 5376 1485 5415; x_wconf 85' lang='lat' dir='ltr'><strong>ac</strong></span> <span class='ocrx_word' id='word_1_625' title='bbox 1522 5360 1749 5430; x_wconf 76' lang='lat' dir='ltr'><strong>signifer</strong></span> <span class='ocrx_word' id='word_1_626' title='bbox 1800 5375 2059 5428; x_wconf 78' lang='lat' dir='ltr'><strong>persecu-</strong></span> 
     </span>
    </p>
   </div>
   <div class='ocr_carea' id='block_1_97' title="bbox 491 5431 2051 5495">
    <p class='ocr_par' dir='ltr' id='par_1_97' title="bbox 491 5431 2051 5495">
     <span class='ocr_line' id='line_1_97' title="bbox 491 5431 2051 5495; baseline -0.003 -7"><span class='ocrx_word' id='word_1_627' title='bbox 491 5433 653 5488; x_wconf 86' lang='lat' dir='ltr'><strong>tionis</strong></span> <span class='ocrx_word' id='word_1_628' title='bbox 696 5432 1160 5495; x_wconf 83' lang='lat' dir='ltr'><strong>Christianorum,</strong></span> <span class='ocrx_word' id='word_1_629' title='bbox 1205 5443 1264 5485; x_wconf 87' lang='lat' dir='ltr'><strong>ut</strong></span> <span class='ocrx_word' id='word_1_630' title='bbox 1309 5431 1500 5485; x_wconf 84' lang='lat' dir='ltr'><strong>scribit</strong></span> <span class='ocrx_word' id='word_1_631' title='bbox 1550 5431 1817 5485; x_wconf 75' lang='lat' dir='ltr'><strong>Eusebius</strong></span> <span class='ocrx_word' id='word_1_632' title='bbox 1850 5432 1904 5484; x_wconf 91' lang='lat' dir='ltr'><strong>in</strong></span> <span class='ocrx_word' id='word_1_633' title='bbox 1956 5431 2051 5485; x_wconf 85' lang='lat' dir='ltr'><strong>lib.</strong></span> 
     </span>
    </p>
   </div>
   <div class='ocr_carea' id='block_1_98' title="bbox 491 5500 2055 5560">
    <p class='ocr_par' dir='ltr' id='par_1_98' title="bbox 491 5500 2055 5560">
     <span class='ocr_line' id='line_1_98' title="bbox 491 5500 2055 5560; baseline -0.003 -3"><span class='ocrx_word' id='word_1_634' title='bbox 491 5518 613 5560; x_wconf 85' lang='lat' dir='ltr'><strong>vttl.</strong></span> <span class='ocrx_word' id='word_1_635' title='bbox 644 5501 923 5557; x_wconf 87' lang='lat' dir='ltr'><strong>Cedrenus</strong></span> <span class='ocrx_word' id='word_1_636' title='bbox 971 5502 1161 5557; x_wconf 83' lang='lat' dir='ltr'><strong>scribit</strong></span> <span class='ocrx_word' id='word_1_637' title='bbox 1192 5502 1578 5555; x_wconf 78' lang='lat' dir='ltr'><strong>Maximianum</strong></span> <span class='ocrx_word' id='word_1_638' title='bbox 1630 5516 1775 5554; x_wconf 88' lang='lat' dir='ltr'><strong>anno</strong></span> <span class='ocrx_word' id='word_1_639' title='bbox 1815 5500 1883 5554; x_wconf 82' lang='grc'><strong>18</strong></span> <span class='ocrx_word' id='word_1_640' title='bbox 1926 5502 2055 5555; x_wconf 89' lang='lat' dir='ltr'><strong>Dio-</strong></span> 
     </span>
    </p>
   </div>
   <div class='ocr_carea' id='block_1_99' title="bbox 491 5567 2053 5642">
    <p class='ocr_par' dir='ltr' id='par_1_99' title="bbox 491 5567 2053 5642">
     <span class='ocr_line' id='line_1_99' title="bbox 491 5567 2053 5642; baseline -0.004 -13"><span class='ocrx_word' id='word_1_641' title='bbox 491 5571 710 5629; x_wconf 78' lang='lat' dir='ltr'><strong>cletiani</strong></span> <span class='ocrx_word' id='word_1_642' title='bbox 745 5575 1174 5642; x_wconf 82' lang='lat' dir='ltr'><strong>persecutionem</strong></span> <span class='ocrx_word' id='word_1_643' title='bbox 1219 5574 1478 5642; x_wconf 83' lang='lat' dir='ltr'><strong>adversus</strong></span> <span class='ocrx_word' id='word_1_644' title='bbox 1509 5567 1854 5642; x_wconf 81' lang='lat' dir='ltr'><strong>Christianos</strong></span> <span class='ocrx_word' id='word_1_645' title='bbox 1900 5571 2053 5625; x_wconf 78' lang='lat' dir='ltr'><strong>exci-</strong></span> 
     </span>
    </p>
   </div>
   <div class='ocr_carea' id='block_1_100' title="bbox 496 5639 2051 5710">
    <p class='ocr_par' dir='ltr' id='par_1_100' title="bbox 496 5639 2051 5710">
     <span class='ocr_line' id='line_1_100' title="bbox 496 5639 2051 5710; baseline -0.005 -11"><span class='ocrx_word' id='word_1_646' title='bbox 496 5652 676 5703; x_wconf 84' lang='lat' dir='ltr'><strong>tasse.</strong></span> <span class='ocrx_word' id='word_1_647' title='bbox 726 5639 884 5696; x_wconf 74' lang='lat' dir='ltr'><strong>suasu</strong></span> <span class='ocrx_word' id='word_1_648' title='bbox 938 5641 1229 5710; x_wconf 84' lang='lat' dir='ltr'><strong>Theotecni</strong></span> <span class='ocrx_word' id='word_1_649' title='bbox 1286 5641 1564 5710; x_wconf 83' lang='lat' dir='ltr'><strong>cujusdam</strong></span> <span class='ocrx_word' id='word_1_650' title='bbox 1623 5639 2051 5709; x_wconf 66' lang='lat' dir='ltr'><strong>prtestigiatoris.</strong></span> 
     </span>
    </p>
   </div>
   <div class='ocr_carea' id='block_1_101' title="bbox 498 5709 2057 5779">
    <p class='ocr_par' dir='ltr' id='par_1_101' title="bbox 498 5709 2057 5779">
     <span class='ocr_line' id='line_1_101' title="bbox 498 5709 2057 5779; baseline 0.001 -17"><span class='ocrx_word' id='word_1_651' title='bbox 498 5714 597 5779; x_wconf 83' lang='lat' dir='ltr'><strong>Qui</strong></span> <span class='ocrx_word' id='word_1_652' title='bbox 647 5727 769 5766; x_wconf 90' lang='lat' dir='ltr'><strong>cum</strong></span> <span class='ocrx_word' id='word_1_653' title='bbox 820 5713 954 5765; x_wconf 82' lang='lat' dir='ltr'><strong>Acta</strong></span> <span class='ocrx_word' id='word_1_654' title='bbox 1006 5709 1165 5764; x_wconf 78' lang='lat' dir='ltr'><strong>Piluti</strong></span> <span class='ocrx_word' id='word_1_655' title='bbox 1220 5709 1379 5779; x_wconf 82' lang='lat' dir='ltr'><strong>plena</strong></span> <span class='ocrx_word' id='word_1_656' title='bbox 1438 5710 1736 5779; x_wconf 83' lang='lat' dir='ltr'><strong>impietatis</strong></span> <span class='ocrx_word' id='word_1_657' title='bbox 1794 5711 2057 5763; x_wconf 84' lang='lat' dir='ltr'><strong>adversus</strong></span> 
     </span>
    </p>
   </div>
   <div class='ocr_carea' id='block_1_102' title="bbox 498 5778 2058 5851">
    <p class='ocr_par' dir='ltr' id='par_1_102' title="bbox 498 5778 2058 5851">
     <span class='ocr_line' id='line_1_102' title="bbox 498 5778 2058 5851; baseline -0.003 -14"><span class='ocrx_word' id='word_1_658' title='bbox 498 5778 770 5837; x_wconf 78' lang='lat' dir='ltr'><strong>Christqu</strong></span> <span class='ocrx_word' id='word_1_659' title='bbox 813 5778 1508 5851; x_wconf 27' lang='lat' dir='ltr'><strong>composuisset;‘Galerius</strong></span> <span class='ocrx_word' id='word_1_660' title='bbox 1545 5782 1723 5851; x_wconf 82' lang='lat' dir='ltr'><strong>edicto</strong></span> <span class='ocrx_word' id='word_1_661' title='bbox 1767 5780 1967 5851; x_wconf 65' lang='lat' dir='ltr'><strong>sanxit,</strong></span> <span class='ocrx_word' id='word_1_662' title='bbox 2000 5789 2058 5832; x_wconf 90' lang='lat' dir='ltr'><strong>ut</strong></span> 
     </span>
    </p>
   </div>
   <div class='ocr_carea' id='block_1_103' title="bbox 498 5848 2053 5920">
    <p class='ocr_par' dir='ltr' id='par_1_103' title="bbox 498 5848 2053 5920">
     <span class='ocr_line' id='line_1_103' title="bbox 498 5848 2053 5920; baseline -0.001 -14"><span class='ocrx_word' id='word_1_663' title='bbox 498 5852 743 5914; x_wconf 73' lang='lat' dir='ltr'><strong>magistri</strong></span> <span class='ocrx_word' id='word_1_664' title='bbox 770 5868 834 5906; x_wconf 86' lang='lat' dir='ltr'><strong>ea</strong></span> <span class='ocrx_word' id='word_1_665' title='bbox 882 5848 1196 5905; x_wconf 79' lang='lat' dir='ltr'><strong>memoriter</strong></span> <span class='ocrx_word' id='word_1_666' title='bbox 1233 5848 1488 5905; x_wconf 82' lang='lat' dir='ltr'><strong>discenda</strong></span> <span class='ocrx_word' id='word_1_667' title='bbox 1534 5849 1720 5920; x_wconf 88' lang='lat' dir='ltr'><strong>pueris</strong></span> <span class='ocrx_word' id='word_1_668' title='bbox 1759 5849 2053 5905; x_wconf 85' lang='lat' dir='ltr'><strong>traderent.</strong></span> 
     </span>
    </p>
   </div>
   <div class='ocr_carea' id='block_1_104' title="bbox 2168 4607 3716 4694">
    <p class='ocr_par' dir='ltr' id='par_1_104' title="bbox 2168 4607 3716 4694">
     <span class='ocr_line' id='line_1_104' title="bbox 2168 4607 3716 4694; baseline -0.008 -19"><span class='ocrx_word' id='word_1_669' title='bbox 2168 4620 2500 4694; x_wconf 83' lang='grc' dir='ltr'><strong>αἰσθητήρια</strong></span> <span class='ocrx_word' id='word_1_670' title='bbox 2526 4618 2882 4692; x_wconf 81' lang='grc' dir='ltr'><strong>λυμαίνεσθαι</strong></span> <span class='ocrx_word' id='word_1_671' title='bbox 2908 4618 3017 4672; x_wconf 84' lang='grc' dir='ltr'><strong>δεῖν</strong></span> <span class='ocrx_word' id='word_1_672' title='bbox 3043 4616 3373 4688; x_wconf 77' lang='grc' dir='ltr'><strong>ἐνομοθέτει.</strong></span> <span class='ocrx_word' id='word_1_673' title='bbox 3402 4611 3585 4684; x_wconf 81' lang='grc' dir='ltr'><strong>’Δθρόα</strong></span> <span class='ocrx_word' id='word_1_674' title='bbox 3604 4607 3716 4678; x_wconf 75' lang='grc' dir='ltr'><strong>δῆτα</strong></span> 
     </span>
    </p>
   </div>
   <div class='ocr_carea' id='block_1_105' title="bbox 2171 4700 3713 4784">
    <p class='ocr_par' dir='ltr' id='par_1_105' title="bbox 2171 4700 3713 4784">
     <span class='ocr_line' id='line_1_105' title="bbox 2171 4700 3713 4784; baseline -0.011 -17"><span class='ocrx_word' id='word_1_675' title='bbox 2171 4712 2351 4784; x_wconf 88' lang='grc' dir='ltr'><strong>πλήθη</strong></span> <span class='ocrx_word' id='word_1_676' title='bbox 2383 4713 2483 4766; x_wconf 80' lang='grc' dir='ltr'><strong>οὐκ</strong></span> <span class='ocrx_word' id='word_1_677' title='bbox 2514 4710 2729 4784; x_wconf 84' lang='grc' dir='ltr'><strong>ἀνδρῶν</strong></span> <span class='ocrx_word' id='word_1_678' title='bbox 2767 4711 2949 4783; x_wconf 84' lang='grc' dir='ltr'><strong>μόνον,</strong></span> <span class='ocrx_word' id='word_1_679' title='bbox 2984 4708 3119 4762; x_wconf 82' lang='grc' dir='ltr'><strong>ἀλλὰ</strong></span> <span class='ocrx_word' id='word_1_680' title='bbox 3144 4707 3240 4762; x_wconf 70' lang='lat' dir='ltr'><strong>xui.</strong></span> <span class='ocrx_word' id='word_1_681' title='bbox 3276 4705 3478 4761; x_wconf 86' lang='grc' dir='ltr'><strong>παίδων</strong></span> <span class='ocrx_word' id='word_1_682' title='bbox 3513 4700 3599 4756; x_wconf 78' lang='grc' dir='ltr'><strong>καὶ</strong></span> <span class='ocrx_word' id='word_1_683' title='bbox 3632 4713 3713 4765; x_wconf 60' lang='lat' dir='ltr'><strong>yea-</strong></span> 
     </span>
    </p>
   </div>
   <div class='ocr_carea' id='block_1_106' title="bbox 2169 4790 3719 4877">
    <p class='ocr_par' dir='ltr' id='par_1_106' title="bbox 2169 4790 3719 4877">
     <span class='ocr_line' id='line_1_106' title="bbox 2169 4790 3719 4877; baseline -0.01 -19"><span class='ocrx_word' id='word_1_684' title='bbox 2169 4804 2391 4870; x_wconf 87' lang='grc' dir='ltr'><strong>ναικῶν,</strong></span> <span class='ocrx_word' id='word_1_685' title='bbox 2422 4803 2642 4877; x_wconf 86' lang='grc' dir='ltr'><strong>ὁράσεις</strong></span> <span class='ocrx_word' id='word_1_686' title='bbox 2669 4803 2860 4868; x_wconf 81' lang='grc' dir='ltr'><strong>δεξιῶν</strong></span> <span class='ocrx_word' id='word_1_687' title='bbox 2886 4800 3203 4874; x_wconf 72' lang='grc' dir='ltr'><strong>ὀφθαλμῶν,</strong></span> <span class='ocrx_word' id='word_1_688' title='bbox 3237 4799 3414 4853; x_wconf 83' lang='grc' dir='ltr'><strong>ποδῶν</strong></span> <span class='ocrx_word' id='word_1_689' title='bbox 3440 4797 3486 4850; x_wconf 79' lang='grc' dir='ltr'><strong>τ’</strong></span> <span class='ocrx_word' id='word_1_690' title='bbox 3509 4790 3719 4877; x_wconf 65' lang='grc' dir='ltr'><strong>ἀγκύλας</strong></span> 
     </span>
    </p>
   </div>
   <div class='ocr_carea' id='block_1_107' title="bbox 2173 4874 3713 4967">
    <p class='ocr_par' dir='ltr' id='par_1_107' title="bbox 2173 4874 3713 4967">
     <span class='ocr_line' id='line_1_107' title="bbox 2173 4874 3713 4967; baseline -0.019 -12"><span class='ocrx_word' id='word_1_691' title='bbox 2173 4894 2377 4967; x_wconf 81' lang='grc' dir='ltr'><strong>σιδήρῳ</strong></span> <span class='ocrx_word' id='word_1_692' title='bbox 2405 4874 2500 4949; x_wconf 74' lang='grc' dir='ltr'><strong>καὶ</strong></span> <span class='ocrx_word' id='word_1_693' title='bbox 2542 4893 2845 4966; x_wconf 84' lang='grc' dir='ltr'><strong>καυτῆρσιν</strong></span> <span class='ocrx_word' id='word_1_694' title='bbox 2880 4892 3268 4965; x_wconf 83' lang='grc' dir='ltr'><strong>ἀχρειοὺμενα,</strong></span> <span class='ocrx_word' id='word_1_695' title='bbox 3295 4874 3713 4954; x_wconf 77' lang='grc' dir='ltr'><strong>ταλαιπωρεῖσθαι</strong></span> 
     </span>
    </p>
   </div>
   <div class='ocr_carea' id='block_1_108' title="bbox 2178 4967 3716 5060">
    <p class='ocr_par' dir='ltr' id='par_1_108' title="bbox 2178 4967 3716 5060">
     <span class='ocr_line' id='line_1_108' title="bbox 2178 4967 3716 5060; baseline -0.01 -18"><span class='ocrx_word' id='word_1_696' title='bbox 2178 4987 2462 5059; x_wconf 83' lang='grc' dir='ltr'><strong>μετάλλοις</strong></span> <span class='ocrx_word' id='word_1_697' title='bbox 2490 4985 2828 5060; x_wconf 85' lang='grc' dir='ltr'><strong>παρεδίδοτο.</strong></span> <span class='ocrx_word' id='word_1_698' title='bbox 2853 4980 2953 5039; x_wconf 81' lang='grc' dir='ltr'><strong>Ὧν</strong></span> <span class='ocrx_word' id='word_1_699' title='bbox 2989 4985 3173 5050; x_wconf 73' lang='grc' dir='ltr'><strong>ἕνεκα,</strong></span> <span class='ocrx_word' id='word_1_700' title='bbox 3216 4983 3311 5038; x_wconf 68' lang='grc' dir='ltr'><strong>καὶ</strong></span> <span class='ocrx_word' id='word_1_701' title='bbox 3340 4982 3518 5032; x_wconf 77' lang='grc' dir='ltr'><strong>τοῦτον</strong></span> <span class='ocrx_word' id='word_1_702' title='bbox 3542 4973 3630 5026; x_wconf 73' lang='grc' dir='ltr'><strong>οὐκ</strong></span> <span class='ocrx_word' id='word_1_703' title='bbox 3651 4967 3716 5060; x_wconf 52' lang='grc' dir='ltr'><strong>είς</strong></span> 
     </span>
    </p>
   </div>
   <div class='ocr_carea' id='block_1_109' title="bbox 2181 5059 3716 5153">
    <p class='ocr_par' dir='ltr' id='par_1_109' title="bbox 2181 5059 3716 5153">
     <span class='ocr_line' id='line_1_109' title="bbox 2181 5059 3716 5153; baseline -0.012 -20"><span class='ocrx_word' id='word_1_704' title='bbox 2181 5079 2395 5153; x_wconf 74' lang='grc' dir='ltr'><strong>μακράν</strong></span> <span class='ocrx_word' id='word_1_705' title='bbox 2423 5081 2458 5151; x_wconf 85' lang='grc' dir='ltr'>ἡ</span> <span class='ocrx_word' id='word_1_706' title='bbox 2487 5059 2582 5134; x_wconf 91' lang='grc' dir='ltr'><strong>τοῦ</strong></span> <span class='ocrx_word' id='word_1_707' title='bbox 2617 5077 2753 5133; x_wconf 82' lang='grc' dir='ltr'><strong>Θεοῦ</strong></span> <span class='ocrx_word' id='word_1_708' title='bbox 2787 5078 3154 5149; x_wconf 84' lang='grc' dir='ltr'><strong>δικαιοκρισία</strong></span> <span class='ocrx_word' id='word_1_709' title='bbox 3186 5061 3377 5145; x_wconf 74' lang='grc' dir='ltr'><strong>μετῄει</strong></span> <span class='ocrx_word' id='word_1_710' title='bbox 3396 5088 3410 5100; x_wconf 88' lang='grc'><strong>·</strong></span> <span class='ocrx_word' id='word_1_711' title='bbox 3453 5069 3536 5122; x_wconf 79' lang='grc' dir='ltr'><strong>ὅτε</strong></span> <span class='ocrx_word' id='word_1_712' title='bbox 3556 5059 3716 5131; x_wconf 79' lang='grc' dir='ltr'><strong>δαιμό-</strong></span> 
     </span>
    </p>
   </div>
   <div class='ocr_carea' id='block_1_110' title="bbox 2165 5273 3712 5351">
    <p class='ocr_par' dir='ltr' id='par_1_110' title="bbox 2165 5273 3712 5351">
     <span class='ocr_line' id='line_1_110' title="bbox 2165 5273 3712 5351; baseline -0.013 -9"><span class='ocrx_word' id='word_1_713' title='bbox 2165 5286 2275 5344; x_wconf 88' lang='lat' dir='ltr'><strong>Sed</strong></span> <span class='ocrx_word' id='word_1_714' title='bbox 2325 5301 2488 5342; x_wconf 88' lang='lat' dir='ltr'><strong>nemo</strong></span> <span class='ocrx_word' id='word_1_715' title='bbox 2537 5300 2644 5341; x_wconf 91' lang='lat' dir='ltr'><strong>non</strong></span> <span class='ocrx_word' id='word_1_716' title='bbox 2682 5286 2831 5341; x_wconf 86' lang='lat' dir='ltr'><strong>videt</strong></span> <span class='ocrx_word' id='word_1_717' title='bbox 2872 5277 3316 5351; x_wconf 74' lang='lat' dir='ltr'><strong>Cedrenumhic</strong></span> <span class='ocrx_word' id='word_1_718' title='bbox 3362 5273 3541 5351; x_wconf 72' lang='lat' dir='ltr'><strong>falsum</strong></span> <span class='ocrx_word' id='word_1_719' title='bbox 3582 5276 3712 5351; x_wconf 48' lang='grc' dir='ltr'><strong>οξξςέ</strong></span> 
     </span>
    </p>
   </div>
   <div class='ocr_carea' id='block_1_111' title="bbox 2165 5343 3711 5427">
    <p class='ocr_par' dir='ltr' id='par_1_111' title="bbox 2165 5343 3711 5427">
     <span class='ocr_line' id='line_1_111' title="bbox 2165 5343 3711 5427; baseline -0.005 -17"><span class='ocrx_word' id='word_1_720' title='bbox 2165 5357 2255 5427; x_wconf 91' lang='lat' dir='ltr'><strong>qui</strong></span> <span class='ocrx_word' id='word_1_721' title='bbox 2289 5356 2510 5413; x_wconf 82' lang='lat' dir='ltr'><strong>Galerio</strong></span> <span class='ocrx_word' id='word_1_722' title='bbox 2544 5355 2881 5427; x_wconf 68' lang='lat' dir='ltr'><strong>maximiano</strong></span> <span class='ocrx_word' id='word_1_723' title='bbox 2909 5351 3169 5427; x_wconf 63' lang='lat' dir='ltr'><strong>tribuerit</strong></span> <span class='ocrx_word' id='word_1_724' title='bbox 3198 5349 3252 5403; x_wconf 86' lang='lat' dir='ltr'><strong>id</strong></span> <span class='ocrx_word' id='word_1_725' title='bbox 3281 5343 3531 5427; x_wconf 60' lang='lat' dir='ltr'><strong>quodflilt</strong></span> <span class='ocrx_word' id='word_1_726' title='bbox 3550 5344 3711 5427; x_wconf 39' lang='lat'><strong>903193</strong></span> 
     </span>
    </p>
   </div>
   <div class='ocr_carea' id='block_1_112' title="bbox 2166 5415 3715 5498">
    <p class='ocr_par' dir='ltr' id='par_1_112' title="bbox 2166 5415 3715 5498">
     <span class='ocr_line' id='line_1_112' title="bbox 2166 5415 3715 5498; baseline 0.002 -19"><span class='ocrx_word' id='word_1_727' title='bbox 2166 5415 2377 5497; x_wconf 68' lang='lat' dir='ltr'><strong>gestum</strong></span> <span class='ocrx_word' id='word_1_728' title='bbox 2417 5438 2499 5483; x_wconf 91' lang='lat' dir='ltr'><strong>est</strong></span> <span class='ocrx_word' id='word_1_729' title='bbox 2533 5443 2562 5481; x_wconf 93' lang='lat' dir='ltr'><strong>a</strong></span> <span class='ocrx_word' id='word_1_730' title='bbox 2597 5426 2915 5498; x_wconf 59' lang='lat' dir='ltr'><strong>Maximino.</strong></span> <span class='ocrx_word' id='word_1_731' title='bbox 2947 5423 3048 5477; x_wconf 81' lang='lat' dir='ltr'><strong>Est</strong></span> <span class='ocrx_word' id='word_1_732' title='bbox 3083 5415 3571 5498; x_wconf 59' lang='lat' dir='ltr'><strong>liic_§0|t§mili‘__“_‘3</strong></span> <span class='ocrx_word' id='word_1_733' title='bbox 3609 5415 3715 5498; x_wconf 58' lang='lat' dir='ltr'><strong>9f:</strong></span> 
     </span>
    </p>
   </div>
   <div class='ocr_carea' id='block_1_113' title="bbox 2165 5484 3712 5567">
    <p class='ocr_par' dir='ltr' id='par_1_113' title="bbox 2165 5484 3712 5567">
     <span class='ocr_line' id='line_1_113' title="bbox 2165 5484 3712 5567; baseline -0.02 -17"><span class='ocrx_word' id='word_1_734' title='bbox 2165 5484 2414 5567; x_wconf 50' lang='lat' dir='ltr'><strong>vulgatus</strong></span> <span class='ocrx_word' id='word_1_735' title='bbox 2467 5511 2625 5551; x_wconf 91' lang='lat' dir='ltr'><strong>error</strong></span> <span class='ocrx_word' id='word_1_736' title='bbox 2681 5493 3035 5556; x_wconf 69' lang='lat' dir='ltr'><strong>Graecorum,</strong></span> <span class='ocrx_word' id='word_1_737' title='bbox 3083 5499 3140 5545; x_wconf 90' lang='lat' dir='ltr'><strong>nt</strong></span> <span class='ocrx_word' id='word_1_738' title='bbox 3186 5486 3561 5542; x_wconf 77' lang='lat' dir='ltr'><strong>Maximianum</strong></span> <span class='ocrx_word' id='word_1_739' title='bbox 3605 5484 3712 5527; x_wconf 85' lang='lat' dir='ltr'><strong>cum</strong></span> 
     </span>
    </p>
   </div>
   <div class='ocr_carea' id='block_1_114' title="bbox 2166 5567 3689 5638">
    <p class='ocr_par' dir='ltr' id='par_1_114' title="bbox 2166 5567 3689 5638">
     <span class='ocr_line' id='line_1_114' title="bbox 2166 5567 3689 5638; baseline 0.005 -17"><span class='ocrx_word' id='word_1_740' title='bbox 2166 5568 2463 5638; x_wconf 68' lang='lat' dir='ltr'><strong>Maximino</strong></span> <span class='ocrx_word' id='word_1_741' title='bbox 2498 5567 2881 5638; x_wconf 70' lang='lat' dir='ltr'><strong>perutisceant.</strong></span> <span class='ocrx_word' id='word_1_742' title='bbox 2946 5630 2973 5638; x_wconf 88' lang='lat'><strong><em>_</em></strong></span> <span class='ocrx_word' id='word_1_743' title='bbox 3033 5629 3058 5638; x_wconf 36' lang='grc' dir='ltr'><strong>Α</strong></span> <span class='ocrx_word' id='word_1_744' title='bbox 3104 5582 3108 5586; x_wconf 68' lang='lat'>‘</span> <span class='ocrx_word' id='word_1_745' title='bbox 3181 5628 3195 5638; x_wconf 53' lang='grc'><em>,</em></span> <span class='ocrx_word' id='word_1_746' title='bbox 3508 5615 3592 5638; x_wconf 40' lang='grc' dir='ltr'><strong>Λῌ</strong></span> <span class='ocrx_word' id='word_1_747' title='bbox 3639 5608 3689 5638; x_wconf 52' lang='grc' dir='ltr'><strong>»ι</strong></span> 
     </span>
    </p>
   </div>
   <div class='ocr_carea' id='block_1_115' title="bbox 2234 5608 3713 5710">
    <p class='ocr_par' dir='ltr' id='par_1_115' title="bbox 2234 5608 3713 5710">
     <span class='ocr_line' id='line_1_115' title="bbox 2234 5608 3713 5710; baseline 0.01 -15"><span class='ocrx_word' id='word_1_748' title='bbox 2234 5608 2976 5710; x_wconf 59' lang='grc' dir='ltr'><strong>ὶέϊῖ’ὸ“τότ¹ὲ”’ἕὲἰῖῖὲἳ”ἒοῆ</strong></span> <span class='ocrx_word' id='word_1_749' title='bbox 3008 5628 3306 5710; x_wconf 48' lang='grc' dir='ltr'><strong>εδευξέρου</strong></span> <span class='ocrx_word' id='word_1_750' title='bbox 3341 5608 3713 5710; x_wconf 46' lang='grc' dir='ltr'><strong>ἐξειμιξίῖτηξῖἔξ</strong></span> 
     </span>
    </p>
   </div>
   <div class='ocr_carea' id='block_1_116' title="bbox 2163 5692 3711 5776">
    <p class='ocr_par' dir='ltr' id='par_1_116' title="bbox 2163 5692 3711 5776">
     <span class='ocr_line' id='line_1_116' title="bbox 2163 5692 3711 5776; baseline -0.012 -15"><span class='ocrx_word' id='word_1_751' title='bbox 2163 5692 2572 5776; x_wconf 61' lang='grc' dir='ltr'><strong>κηὶαἸΜΙεηιΙο</strong></span> <span class='ocrx_word' id='word_1_752' title='bbox 2625 5692 2724 5776; x_wconf 58' lang='grc' dir='ltr'><strong>εξςιιΔ</strong></span> <span class='ocrx_word' id='word_1_753' title='bbox 2748 5696 3080 5776; x_wconf 66' lang='lat' dir='ltr'><strong>praepositio.</strong></span> <span class='ocrx_word' id='word_1_754' title='bbox 3127 5692 3302 5754; x_wconf 72' lang='lat' dir='ltr'><strong>Porro</strong></span> <span class='ocrx_word' id='word_1_755' title='bbox 3340 5692 3441 5753; x_wconf 66' lang='lat' dir='ltr'><strong>hic</strong></span> <span class='ocrx_word' id='word_1_756' title='bbox 3472 5692 3711 5763; x_wconf 72' lang='lat' dir='ltr'><strong>posteer</strong></span> 
     </span>
    </p>
   </div>
   <div class='ocr_carea' id='block_1_117' title="bbox 2164 5771 3195 5844">
    <p class='ocr_par' dir='ltr' id='par_1_117' title="bbox 2164 5771 3195 5844">
     <span class='ocr_line' id='line_1_117' title="bbox 2164 5771 3195 5844; baseline -0.007 -12"><span class='ocrx_word' id='word_1_757' title='bbox 2164 5771 2249 5833; x_wconf 79' lang='lat' dir='ltr'><strong>est</strong></span> <span class='ocrx_word' id='word_1_758' title='bbox 2277 5777 2606 5833; x_wconf 77' lang='lat' dir='ltr'><strong>Maximinus</strong></span> <span class='ocrx_word' id='word_1_759' title='bbox 2634 5771 2875 5832; x_wconf 83' lang='lat' dir='ltr'><strong>Orientis</strong></span> <span class='ocrx_word' id='word_1_760' title='bbox 2904 5780 3195 5844; x_wconf 79' lang='lat' dir='ltr'><strong>tyrannus.</strong></span> 
     </span>
    </p>
   </div>
  </div>
