3860 6486
427 382 536 441 979

1134 382 1408 441 EUSEBII
1444 383 1925 443 CESARIENSIS
1959 384 2109 444 OPP.
2149 388 2328 444 PARS
2364 386 2405 443 l.
2445 418 2513 431 ο-
2551 384 2938 443 HISTORICA.

3555 389 3652 445 980

430 518 616 579 gestas
668 503 893 569 exitium
936 501 1050 564 suis
1108 504 1222 573 ipse
1262 507 1438 563 acutis
1472 518 1778 576 aspexerat,
1807 522 1993 562 eorum

2120 511 2189 563 πὶ
2210 510 2309 581 τῆς
2334 508 2650 574 δυσσεϐείας
2672 509 2948 580 ὀλέθρους,
2998 506 3201 563 τούτων
3236 508 3330 564 τὸν
3358 507 3516 579 ζῆλον
3569 512 3650 566 ἐπὶ

430 595 737 673 exemplum
765 595 818 649 in
856 609 1007 651 suam
1030 594 1197 665 ipsius
1215 598 1506 667 perniciem
1531 600 1836 665 aemulatus,
1869 616 1990 671 per-

430 689 766 744 secutionem
794 685 1251 763 Christianorum,
1304 691 1459 761 quasi
1501 690 1770 747 ﬂammam
1799 708 1990 763 quam-

431 781 561 839 dam
576 781 687 851 iam
709 782 942 852 sopitam
965 782 1144 839 denuo
1173 784 1432 840 excitavit
1450 826 1466 850 ,
1490 794 1545 841 et
1581 786 1750 861 multo
1778 788 1996 857 gravius

434 888 601 943 quam
644 872 855 945 priores
904 874 1199 949 impietatis
1249 875 1503 931 conﬂavit
1550 876 1879 933 incendium.
1921 880 1997 932 Ac

432 967 668 1043 primum
693 966 910 1040 quidem
951 977 1205 1038 tanquam
1233 968 1374 1025 mala
1397 969 1592 1035 bestia,
1637 977 1693 1026 et
1726 978 1997 1027 tortuosus

432 1061 653 1131 quidam
684 1076 909 1139 serpens
946 1061 1001 1116 in
1032 1060 1268 1130 seipsum
1298 1061 1641 1130 convolutus,
1673 1070 1729 1118 et
1759 1060 1996 1116 furorem

377 1152 384 1163 ‘
433 1152 596 1223 atque
621 1151 847 1208 hostiles
869 1152 1132 1207 adversus
1158 1153 1324 1208 Deum
1348 1153 1522 1208 minas
1549 1153 1790 1223 spirans,
1814 1152 2000 1208 Eccle-

434 1244 534 1310 siis
564 1243 659 1303 Dei
686 1244 787 1300 sub
818 1245 1044 1315 imperio
1090 1260 1190 1305 suo
1238 1240 1546 1302 constitutis
1576 1245 1770 1301 bellum
1819 1245 1998 1316 palam

436 1336 661 1403 inferre,
690 1336 759 1391 ob
786 1334 1129 1391 Constantini
1160 1345 1363 1392 metum
1409 1336 1634 1392 minime
1686 1352 1851 1394 ausus
1895 1346 2000 1405 est,

435 1429 531 1484 sed
561 1428 917 1498 improbitatis
940 1429 1090 1484 virus
1110 1428 1471 1495 abscondens,
1504 1430 1747 1485 occultas
1782 1430 2004 1486 insidias

437 1520 604 1576 certis
635 1521 901 1577 duntaxat
931 1520 985 1574 in
1018 1519 1151 1576 locis
1176 1520 1439 1577 adversus
1466 1522 1751 1593 episcopos
1782 1532 2003 1595 compa-

438 1612 623 1679 ravit;
661 1622 719 1668 et
747 1626 816 1670 ex
853 1612 939 1667 bis
970 1611 1411 1681 probatissimum
1465 1627 1756 1682 quemque,
1789 1628 2008 1684 compo-

438 1706 559 1762 sitis
582 1719 680 1776 per
704 1706 1105 1777 provinciarum
1128 1713 1369 1760 rectores
1391 1702 1679 1759 calumniis
1708 1704 2002 1761 interfecit.

437 1795 610 1871 Porro
643 1797 803 1852 caadis
833 1795 1047 1851 illorum
1072 1794 1280 1859 modus,
1308 1809 1483 1850 novus
1517 1807 1618 1849 nec
1635 1810 1874 1866 unquam
1906 1811 2006 1850 au-

2094 600 2249 674 κακῷ
2266 601 2343 674 τῷ
2357 601 2518 656 αὑτοῦ
2543 600 2761 673 μετιὼν,
2779 600 2869 655 τὸν
2891 601 3029 655 κατά
3052 601 3390 673 Χριστιανῶν
3404 601 3648 674 διωγμὸν,

2097 694 2284 767 ὥσπερ
2306 693 2429 748 τινά
2454 694 2619 748 πάλαι
2642 694 3080 767 κατεσϐεσμένην
3110 694 3280 766 πυρὸς
3297 694 3484 767 ἀκμὴν
3509 697 3653 769 ἀνερ-

2102 785 2280 857 ρίπιζε
2299 824 2316 850 ,
2353 786 2658 858 δεινοτέραν
2690 784 2793 855 ἢοί
2817 785 3051 857 πρόσθεν
3086 784 3180 856 τὴν
3218 785 3322 857 τῆς
3351 785 3655 852 δυσσεϐείας

2096 877 2342 943 ἐξάπτων
2370 876 2559 949 φλόγα.
2583 879 2694 932 Καὶ
2725 877 2787 949 δὴ
2811 872 2902 931 οἷά
2927 895 3009 941 τις
3045 876 3148 949 θὴρ
3180 877 3373 942 δεινὸς,
3398 876 3432 949 ἢ
3459 875 3655 943 σκολιὸς

2102 971 2224 1041 ὄφις
2252 971 2381 1043 περὶ
2410 970 2600 1025 ἑαυτὸν
2624 971 3013 1043 ἰλυσπώμενος,
3036 969 3211 1043 θυμοῦ
3238 988 3296 1025 τε
3324 972 3421 1026 καὶ
3443 971 3657 1044 ἀπειλῆς

2101 1060 2366 1132 θεομάχου
2397 1060 2594 1124 πνέων,
2622 1060 2772 1115 οὔπω
2797 1062 2896 1133 μὲν
2915 1064 2981 1115 ὲκ
3001 1061 3096 1115 τοῦ
3124 1060 3437 1131 προφανοῦς
3469 1061 3557 1116 διά
3579 1061 3657 1115 τὸν

2101 1149 2506 1203 Κωνσταντίνου
2530 1149 2712 1220 φόϐον,
2744 1154 2866 1215 ταῖς
2898 1152 2988 1205 ὑπ’
3028 1150 3557 1224 αὐτὸνἘκκλησίαις
3577 1151 3657 1206 τοῦ

2103 1240 2237 1295 Θεοῦ
2280 1241 2533 1313 πολεμεῖν
2574 1243 2795 1316 ἐτόλμα.
2842 1243 3099 1316 κρύπτων
3125 1244 3181 1299 δὲ
3220 1246 3320 1317 τῆς
3361 1245 3559 1311 κακίας
3580 1244 3658 1300 τὸν

2107 1333 2203 1399 ἰὸν,
2246 1334 2510 1407 λαθραίας
2549 1335 2642 1390 καὶ
2689 1335 2921 1408 μερικάς
2970 1338 3205 1391 ἐποιεῖτο
3236 1336 3337 1402 τὰς
3376 1337 3524 1391 κατά
3563 1336 3660 1393 τῶν

2103 1426 2416 1480 ἐπισκόπων
2450 1428 2743 1492 ωσκευάς’
2792 1429 3043 1500 ἀνῃρεῖτό
3071 1446 3129 1483 τε
3156 1428 3224 1481 δι’
3254 1428 3547 1501 ἐπιϐουλῆς
3566 1429 3660 1482 τῶν

2107 1519 2227 1572 κατ’
2249 1517 2400 1584 ἔθνος
2423 1520 2696 1591 ἀρχόντων
2726 1521 2852 1585 τοὺς
2888 1521 3090 1575 τούτων
3117 1521 3523 1593 δοκιμωτάτους
3541 1538 3555 1551 ’
3580 1523 3663 1577 καὶ

2104 1611 2133 1663 ὁ
2178 1610 2377 1683 τρόπος
2414 1612 2470 1666 δὲ.
2499 1612 2592 1666 τοῦ
2631 1615 2752 1669 κατ’
2776 1612 2956 1677 αὐτῶν
2989 1613 3149 1683 φόνου
3196 1612 3421 1680 ξενίζων
3461 1631 3544 1677 τις
3582 1609 3658 1685 ἦν,

2106 1698 2216 1767 οἶος
2260 1704 2600 1759 οὐδεπώποτε
2623 1705 2952 1777 γνωσθῆναι.
2982 1706 3147 1761 Ταῦτ’
3168 1703 3261 1761 οὖν
3291 1706 3405 1779 (22)
3424 1707 3564 1778 ἀμφὶ
3576 1707 3662 1777 τὴν

2122 1798 2415 1869 ’Δμάσειαν
2446 1799 2542 1854 τοῦ
2576 1801 2774 1854 Πόντου
2810 1801 3268 1873 κατεργασθέντα,
3300 1803 3483 1855 πᾶσαν
3509 1801 3662 1874 ὑπερ-

443 1862 526 1945 lea
561 1887 811 1958 cognitus
837 1887 956 1941 fuit.
985 1887 1149 1943 Certe
1185 1902 1304 1956 qua:
1337 1887 1483 1958 apud
1537 1862 1806 1953 Amasiam
1854 1898 2008 1961 gesta

2120 1862 2276 1964 ϐολὴν
2303 1894 2581 1965 ὠμότητος
2605 1862 3044 1967 ὑπερηκόντιξεν.

457 1989 605 2049 sunt,
634 1994 851 2036 omnem
881 1978 1219 2034 crudelitatis
1244 1978 1462 2033 modum
1497 1985 1908 2037 transcendunt.

1069 2073 1296 2139 CAPUT
1335 2071 1401 2128 ll.

638 2169 890 2227 Ecclesiae
926 2170 1143 2235 dirum,
1181 2181 1229 2224 et
1255 2172 1479 2241 episcopi
1521 2171 1790 2226 trucidati.

520 2327 637 2396 Qua
660 2327 713 2382 in
742 2329 879 2382 urbe
899 2327 1143 2383 ecclesiae
1180 2328 1297 2390 Dei,
1335 2327 1453 2381 alite
1497 2330 1690 2384 iterum
1721 2340 1843 2400 post
1870 2334 2016 2403 prio-

445 2436 560 2476 rem
590 2422 736 2476 illam
760 2420 1211 2492 expugnationem
1258 2430 1482 2488 aequata:
1536 2432 1663 2475 sunt
1701 2421 1815 2477 solo
1848 2440 1862 2476 :
1897 2424 2016 2478 aliae

443 2513 643 2569 clausa:
689 2528 722 2577 a
753 2509 1075 2583 prtesidibus
1128 2508 1573 2579 provinciarum;
1608 2527 1676 2567 ne
1729 2512 2011 2583 quisquam

445 2622 635 2663 eorum
663 2608 751 2678 qui
784 2622 879 2662 eas
901 2606 1051 2660 adire
1080 2618 1505 2673 consueverant,
1544 2622 1609 2661 eo
1652 2609 2011 2675 conveniret,

447 2715 584 2756 neve
615 2701 911 2771 solemnem
947 2701 1145 2765 cultum
1182 2699 1292 2756 Deo
1330 2700 1632 2756 exhiberet.
1668 2698 1852 2771 Neque
1869 2702 2011 2755 enim

446 2794 539 2863 qui
575 2792 688 2848 haec
706 2791 951 2861 iubebat,
984 2793 1331 2864 precationes
1362 2792 1473 2846 illic
1503 2807 1600 2861 pro
1648 2808 1711 2847 se
1754 2793 1869 2848 ﬁeri
1897 2794 2013 2862 epi-

447 2888 713 2951 nabatur;
740 2886 1009 2942 scelerum
1029 2886 1237 2941 scilicet
1265 2885 1600 2941 conscientia
1632 2884 1683 2939 in
1700 2883 1865 2957 m
1892 2899 2011 2939 eam

443 2980 753 3049 opinionem
788 2978 1073 3034 adductus.
1112 2977 1216 3033 Sed
1249 2993 1348 3033 nos
1374 2992 1474 3047 pro
1495 2975 1857 3032 Constantino
1881 2993 2012 3033 cun-

447 3082 535 3137 cta
567 3088 751 3145 agere,
791 3088 859 3128 ac
884 3073 1066 3143 divino
1089 3069 1305 3129 Numini
1333 3071 1639 3142 supplicare
1666 3072 1769 3127 sibi
1788 3088 2012 3143 persua-

446 3178 613 3226 serat.
645 3170 715 3221 At
744 3167 1003 3235 praesides
1050 3175 1233 3238 utpote
1289 3176 1659 3222 assentatores
1681 3168 1849 3237 atque
1876 3166 2011 3219 adu-

2640 2078 3035 2134 ΚΕΦΑΛΑῘΟΝ
3061 2077 3136 2133 B'.

2113 2168 2490 2238 Καθαιρέσεις
2519 2168 2893 2294 ἐκκλησιῶνῖ
2928 2171 3025 2225 καί
3060 2168 3411 2225 ἐπισκόπων
3446 2181 3666 2238 mappa

2813 2259 2853 2294 vr
2875 2257 2956 2294 at.

2813 2257 2956 2310 τιαι.

2189 2332 2355 2385 Ἔνθα
2382 2331 2491 2386 τῶν
2521 2332 2822 2403 ἐκκλησιῶν
2867 2336 2924 2387 αἰ
2974 2333 3072 2405 μὲν
3099 2330 3159 2397 ἐξ
3191 2330 3361 2403 ὕψους
3386 2334 3467 2397 είς
3493 2330 3668 2400 ἔδαφος

2112 2422 2273 2477 τοῦτο
2295 2422 2544 2496 δεύτερον
2575 2423 2714 2497 μετά
2730 2424 2828 2488 τάς
2851 2423 3073 2498 πρώτας
3095 2423 3437 2497 καθῃροὼτο
3470 2421 3666 2493 πολιορ-

2115 2516 2258 2580 κίας,
2284 2515 2381 2581 τὰς
2408 2516 2452 2569 δ’
2482 2515 2767 2571 ἀπέκλειον
2791 2516 2843 2570 οἱ
2881 2515 3022 2572 κατά
3066 2514 3266 2579 τόπους
3291 2514 3575 2586 ἡγεμόνες,
3601 2512 3665 2576 ὡς

2116 2608 2185 2662 ἂν
2208 2610 2281 2682 μὴ
2308 2607 2592 2677 συνάγοιτό
2612 2625 2697 2672 τις
2720 2608 2828 2663 τῶν
2855 2607 3141 2673 εἰωθότων,
3167 2608 3303 2678 μηδὲ
3328 2608 3410 2679 τῷ
3441 2605 3557 2678 Θεῷ
3578 2606 3665 2670 τὰς

2114 2701 2409 2773 ἑνθέσμους
2440 2701 2657 2772 ἀποδῴη
2706 2700 2960 2773 λατρείας
2992 2700 3126 2773 (25).
3156 2700 3535 2761 Συντελεῖσθαι
3572 2699 3667 2770 γὰρ

2113 2793 2212 2863 οὐχ
2231 2795 2413 2864 ἠγεῖτο
2432 2794 2570 2866 ὑπὲρ
2601 2792 2764 2848 αὐτοῦ
2795 2792 2999 2857 ταύτας
3028 2795 3056 2848 ὁ
3084 2793 3154 2847 τὰ
3190 2793 3373 2849 τοιάδε
3410 2793 3665 2866 προστάτ-

2111 2902 2241 2951 των,
2290 2885 2546 2939 συνειδότι
2574 2885 2760 2956 φαύλῳ
2805 2885 2963 2939 τοῦτο
3007 2883 3387 2955 λογιζόμενος·
3439 2884 3573 2957 ὑπὲρ
3617 2883 3668 2938 δὲ

2114 2977 2523 3032 Κωνσταντίνου
2564 2977 2821 3050 πράττειν
2854 2977 3030 3032 πάντα
3062 2978 3241 3048 ἡμᾶς,
3278 2976 3375 3031 καὶ
3416 2976 3507 3030 τὸν
3550 2975 3667 3030 θεὸν

2115 3065 2385 3121 ἰλεοῦσθαι
2428 3067 2707 3121 πέπειστο.
2758 3068 2819 3121 Οἱ
2865 3067 2908 3120 δ’
2944 3067 3109 3123 αὐτοῦ
3149 3066 3330 3132 θῶπες
3390 3066 3539 3131 ὀντες
3584 3068 3666 3120 καὶ

2116 3159 2364 3224 κόλακες,
2405 3159 2474 3214 τὰ
2511 3160 2638 3229 φίλα
2667 3161 2935 3232 πράττειν,
2953 3160 3032 3233 τῷ
3057 3160 3281 3230 δυσαγεί
3312 3159 3663 3232 πεπεισμένοι,

446 3258 667 3328 latores,
699 3277 823 3316 cum
872 3276 987 3316 rem
1032 3270 1245 3332 gratam
1277 3259 1590 3329 imperatori
1624 3257 1804 3314 facere
1828 3274 1887 3315 se
1917 3272 2013 3329 pro

2120 3250 2240 3315 τοὺς
2273 3225 2671 3322 δοκιμωτάτους
2690 3225 2797 3307 τῶν
2822 3225 3445 3325 ἐκκλησιῶνπροέδρους
3475 3225 3667 3321 κεφαλι-

449 3360 604 3405 certo
628 3350 915 3417 haberent,
943 3350 1178 3422 optimos
1212 3366 1455 3423 quosque
1487 3348 1842 3405 ecclesiarum
1870 3347 2014 3401 anti-

447 3442 608 3495 stites
634 3441 851 3511 capitali
906 3442 1169 3512 supplicio
1196 3442 1540 3497 addixerunt.
1573 3438 1760 3509 Itaque
1792 3440 1892 3492 viri
1924 3438 2016 3507 qui

453 3533 585 3587 nihil
619 3533 742 3586 mali
774 3535 1185 3600 commiserant,
1215 3533 1421 3603 absque
1451 3532 1557 3586 ulla
1591 3548 1750 3585 causa
1782 3529 2018 3584 abduce-

449 3622 671 3689 bautur,
696 3634 749 3677 et
773 3623 1137 3692 puniebantur
1178 3624 1403 3691 perinde
1425 3638 1489 3678 ac
1518 3623 1724 3677 sicarii.
1756 3620 2015 3677 Nonnulli

454 3728 651 3768 novum
681 3716 950 3785 quoddam
980 3717 1170 3769 mortis
1204 3731 1372 3785 genus
1394 3717 1753 3787 pertulerunt,
1784 3729 2017 3782 corpore

453 3804 509 3857 in
540 3804 740 3859 multas
773 3814 953 3872 partes
989 3805 1259 3860 frustatim
1326 3807 1571 3866 conciso.
1619 3816 1675 3860 et
1708 3818 1824 3876 post
1862 3815 2019 3875 atrox

450 3893 584 3948 illud
613 3895 870 3964 omnique
925 3882 1129 3977 tragico
1177 3897 1432 3969 ﬁgmento
1466 3898 1785 3952 horribilius
1811 3908 2022 3975 specta-

454 3990 658 4055 culum,
694 4003 750 4045 ut
772 3992 1009 4060 piscibus
1032 3993 1212 4047 cibum
1256 3995 1583 4060 praeberent,
1612 3994 1663 4046 in
1696 3991 2020 4047 altissimum

457 4096 609 4136 mare
640 4084 886 4155 proiecti.
929 4084 1176 4143 Posthmc
1201 4086 1299 4163 Dei!
1336 4086 1576 4142 cultores
1636 4085 1813 4156 fugam
1844 4088 2021 4142 denuo

456 4176 597 4229 inire
626 4187 933 4244 ett-perunt.
972 4176 1171 4231 lterum
1196 4178 1336 4246 agri,
1365 4178 1562 4233 iterum
1598 4177 1919 4234 solitudines
1944 4178 2025 4233 la-

457 4267 632 4323 mulos
660 4268 754 4325 Dei
785 4285 1097 4339 suscepere.
1124 4270 1253 4335 Quze
1276 4272 1401 4324 dum
1436 4271 1500 4324 ad
1529 4270 1671 4325 hunc
1696 4272 1914 4325 modum
1938 4281 2023 4342 ty—

458 4379 633 4419 ranno
659 4366 1035 4430 succederent,
1066 4365 1322 4432 deinceps
1354 4364 1791 4425 persecutionem
1831 4365 2026 4418 adver-

454 4468 546 4509 sus
572 4467 760 4510 omnes
775 4454 1126 4509 Christianos
1151 4455 1396 4507 excitare
1431 4454 1484 4507 in
1516 4454 1754 4507 animum
1787 4454 2023 4510 induxit.

2117 3346 2239 3409 καῖς
2272 3344 2568 3399 ὑπέϐαλλον
2609 3345 2919 3418 τιμωρίαις,
2952 3346 3229 3417 ἀπήγοντο
3259 3345 3319 3400 δὲ
3359 3343 3457 3400 καί
3499 3342 3668 3398 ἐκολά-

2117 3438 2272 3504 ζοντο
2294 3439 2716 3511 ἀπροφασίστως
2741 3442 2852 3504 τοῖς
2883 3440 3183 3511 μιαιφόνοις
3209 3439 3435 3511 ὁμοίως,
3473 3438 3522 3492 οἰ
3543 3437 3667 3492 κατά

2120 3531 2285 3602 μηδὲν
2311 3532 2648 3604 ἠδικηκότες.
2690 3533 2829 3603 Ἤδη
2858 3534 2916 3588 δέ
2956 3553 3100 3600 τινες
3130 3536 3447 3607 καινοτέραν
3480 3534 3665 3603 ὑπέμε-

2118 3639 2209 3677 νον
2230 3623 2324 3678 τοῦ
2354 3623 2469 3695 βίου
2502 3624 2779 3701 τελευτὴν,
2803 3626 2943 3703 ξίφει
2964 3627 3031 3703 τὸ.
3054 3627 3221 3703 σῶμα.
3237 3630 3321 3701 εἰς
3343 3625 3508 3703 πολλὰ
3527 3628 3669 3680 κατα-

2119 3717 2575 3790 κρεουργούμενοι
2607 3719 2891 3791 τμήματα,
2927 3720 3022 3774 καὶ
3063 3719 3201 3793 μετά
3223 3720 3323 3792 τὴν
3350 3719 3525 3791 ἀπηνῆ
3557 3715 3666 3770 ταύ-

2118 3825 2217 3879 την
2243 3807 2337 3883 καὶ
2358 3808 2538 3879 πάσης
2568 3809 2839 3883 τραγικῆς
2857 3810 3026 3880 ἀκοῆς
3050 3810 3416 3881 φρικτοτάτην
3446 3807 3662 3867 κόλασιν,

2122 3897 2425 3962 θαλαττίοις
2477 3899 2676 3969 βυθοῖς,
2714 3899 3047 3972 ἰχθύσινζείς
3096 3899 3262 3972 βοράν
3289 3898 3664 3970 ίριπτούμενοι.

2120 3991 2295 4059 Φυγαὶ
2336 3986 2592 4063 δὴαῦθις
2625 3992 2718 4045 ἐπὶ
2765 3991 3005 4057 τούτοις,
3047 3991 3237 4063 ὥσπερ
3279 3991 3344 4064 δὴ
3377 3992 3470 4045 καὶ
3509 3985 3665 4062 μικρῷ

2123 4082 2408 4154 πρότερον,
2442 4082 2550 4138 τῶν
2581 4082 2847 4138 θεοσεϐὦν
2879 4084 3119 4152 ἐγίνοντο
3146 4083 3355 4156 ἀνδρῶν
3375 4102 3389 4114 ·
3416 4084 3505 4137 καὶ
3525 4079 3665 4134 πάλιν

2123 4175 2303 4247 ἀγροὶ,
2335 4175 2429 4229 καὶ
2458 4176 2619 4229 πάλιν
2646 4176 2872 4248 ἐρημίαι
2902 4178 3027 4242 τοὺς
3062 4177 3156 4231 τοῦ
3187 4175 3325 4232 Θεοῦ
3356 4170 3666 4248 θεραπευτάς

2126 4266 2467 4338 ὑπεδέχοντο.
2507 4268 2659 4322 Ἐπεὶ
2700 4267 2756 4320 δὲ
2797 4269 2893 4321 καὶ
2937 4268 3112 4322 ταῦτα
3156 4267 3347 4323 τοῦτον
3388 4262 3667 4339 προύχώρει

2124 4359 2216 4411 τὸν
2246 4359 2447 4431 τρόπον
2476 4358 2552 4429 τῷ
2581 4360 2847 4431 τυράννῳ,
2866 4360 3049 4414 λοιπὸν
3064 4361 3153 4415 τὸν
3186 4360 3403 4416 πάντων
3422 4358 3668 4414 ἀνακινεῖν

2128 4450 2369 4521 διωγμὸν
2386 4451 2478 4505 ἐπὶ
2490 4450 2726 4505 διάνοιαν
2743 4452 3016 4531 ἐϐάλλετο·
3039 4453 3262 4525 ἐκράτει
3276 4470 3338 4507 τε
3354 4450 3565 4522 γνώμης
3585 4444 3666 4500 καὶ

452 4545 531 4602 Ac
566 4547 754 4617 procul
783 4548 949 4602 dubio
972 4547 1081 4601 voti
1106 4546 1188 4602 sui
1217 4559 1438 4612 compos
1480 4547 1801 4611 exstitisset,
1850 4562 1949 4602 nec
1970 4548 2013 4602 ei

2129 4543 2278 4599 οὐδὲν
2310 4545 2558 4615 ἐμποδὼν
2576 4541 2645 4617 ἦν
2659 4544 2805 4615 αὑτῷ
2820 4546 2894 4617 μὴ
2924 4545 3044 4616 οὐχὶ
3061 4544 3129 4598 δι’
3153 4544 3330 4616 ἔργων
3346 4544 3444 4616 ἤδη
3472 4540 3666 4613 χωρεῖν»

450 4636 745 4707 quidquam
771 4637 1076 4694 obstitisset
1103 4636 1397 4706 quominus
1427 4652 1542 4711 rem
1581 4638 1648 4691 ad
1674 4637 1874 4693 exitum
1908 4651 2026 4708 per-

455 4730 696 4793 duceret,
724 4729 827 4785 nisi
852 4730 1181 4785 l'amulorutn
1212 4745 1435 4787 suorum
1462 4741 1834 4800 propugnator
1864 4731 2024 4798 Deus,

526 4978 658 5050 (22)
702 4981 867 5051 Ταῦτ’
918 4979 1049 5038 οὖν.
1100 4982 1456 5038 Scribendum
1506 4994 1590 5037 est
1635 4983 1703 5037 τά
1753 4984 1907 5051 γοῦν,
1963 5000 2027 5040 ex

455 5048 594 5103 libro
624 5048 657 5102 κ
710 5048 963 5107 Historia:
1010 5054 1397 5119 ecclesiastictc,
1451 5054 1542 5108 ubi
1587 5053 1703 5108 haec
1734 5048 1914 5109 omnia
1960 5055 2027 5107 ad

455 5119 679 5191 verbum
710 5121 977 5191 leguntur.
1011 5124 1205 5177 Mirum
1240 5138 1403 5191 porro
1438 5134 1549 5183 est,
1591 5124 1884 5179 Eusebium
1934 5139 2029 5177 ne-

455 5203 564 5262 que
612 5189 943 5262 itthﬂistoria
972 5189 1373 5262 Ecclesiastica,
1426 5207 1601 5261 neque
1650 5194 1703 5246 in
1752 5194 1835 5248 his
1878 5194 2030 5247 libris

456 5258 621 5331 ullam
670 5260 851 5315 facere
887 5264 1217 5317 mentionem
1237 5258 1446 5317 'llasilei
1476 5258 1867 5317 A'masenorum
1914 5264 2029 5331 epi-

457 5329 602 5398 scopi
622 5348 643 5401 ι
672 5346 833 5399 quem
867 5341 1044 5388 tamen
1068 5333 1219 5401 jussu
1249 5333 1439 5388 Licinii
1469 5350 1664 5387 caesum
1693 5348 1815 5388 esse
1839 5329 2027 5388 omnes

454 5400 631 5471 Graeci
679 5403 977 5471 scriptores
1003 5400 1373 5458 censentium.
1403 5403 1601 5457 Verum
1634 5402 2028 5471 Philostorgius

457 5472 510 5522 in
559 5469 698 5523 libro
738 5486 755 5523 ι
796 5469 1065 5527 θΙΙίειοτὶω
1095 5472 1479 5527 Ecclesiaslica:
1536 5476 1737 5527 diserte
1802 5469 2027 5537 scribit,

456 5539 726 5613 Bzysileum
763 5543 1006 5613 Atnasezc
1034 5545 1085 5597 in
1116 5543 1286 5597 Ponto
1312 5545 1619 5613 episcopum
1654 5542 1872 5597 Nicmno
1900 5559 2031 5595 ωηι-

460 5609 586 5661 tztlio
658 5609 991 5665 interfuisse.
1053 5613 1223 5668 Porro
1270 5609 1558 5668 t'uttcilitt'tt't
1622 5613 2031 5675 Nicmtuttu,.ut

463 5680 609 5733 inter
653 5692 841 5752 omnes
880 5692 1126 5752 constat,
1154 5695 1537 5752 congregatum
1586 5694 1671 5738 est
1719 5698 1862 5735 anno
1911 5693 2033 5750 post

462 5750 962 5821 exauctoratiouem
990 5751 1205 5806 Licinii.
1251 5750 1389 5819 Quid
1425 5755 1563 5821 quod
1607 5753 1935 5807 Athanasius
1977 5755 2027 5806 in

464 5818 763 5871 erati-mel
809 5818 1004 5873 Contra
1048 5818 1309 5888 Arianet,
1360 5818 1457 5878 ubi
1509 5824 1836 5878 mentionem
1901 5823 2031 5879 iacit

2135 4640 2182 4691 εἰ
2215 4637 2291 4709 μὴ
2319 4636 2533 4707 φθάσας
2561 4638 2623 4692 τὸ
2658 4638 2851 4710 μέλλον
2895 4639 2922 4690 ὁ
2955 4637 3066 4691 τῶν
3096 4637 3311 4692 οἰκείων
3344 4636 3665 4707 ὺπέρμαβο

2130 4729 2205 4794 ὡς
2236 4730 2293 4783 ὲν
2322 4730 2496 4802 σκότῳ
2530 4729 2625 4784 καὶ
2651 4729 2804 4784 νυκτὶ
2829 4727 3209 4804 ζοφωδεστάτῃ
3231 4728 3487 4801 φωπῆρα
3517 4724 3666 4798 μέγαν

2136 4983 2424 5039 illustrium
2458 4985 2830 5053 episcoporum
2860 4983 2951 5051 qui
2984 4982 3215 5035 Nicaente
3242 4981 3447 5052 synodo
3468 4987 3553 5053 aut
3579 4978 3665 5045 ipsi

2132 5052 2528 5125 interfuerunt,
2574 5065 2669 5108 aut
2708 5053 2825 5119 eius
2872 5054 3197 5108 sententiam
3241 5052 3663 5125 comprobarunt,

2134 5122 2399 5179 Basileum
2444 5124 2599 5178 Ponti
2632 5125 2945 5193 episcopum
2974 5139 3079 5176 uua
3114 5137 3235 5176 cum
3266 5120 3392 5193 aliis
3409 5120 3629 5193 nominat
3652 5151 3666 5175 ,

2133 5207 2233 5266 nec
2273 5204 2564 5266 martyrem
2602 5189 2726 5248 eum
2772 5189 3024 5266 appellat,
3060 5192 3309 5266 quamvis
3333 5189 3526 5266 Qsium‘
3550 5200 3664 5266 con:

2136 5264 2391 5318 [esserem
2415 5254 2642 5336 Tibidem
2664 5335 2671 5336 ί
2693 5254 3061 5333 cognominet.
3079 5254 3191 5317 Sed
3230 5271 3290 5336 _et
3317 5261 3443 5313 Acta
3492 5254 3661 5336 Dasilei

2132 5351 2254 5403 (Ιυίε
2291 5335 2432 5404 apud
2459 5328 2906 5407 _bletapbra_stetu_
2935 5341 3183 5396 exstant,
3225 5332 3407 5407 inepta
3447 5328 3662 5407 mihisi—

2135 5402 2339 5457 oentur’
2358 5420 2421 5458 ac
2451 5405 2716 5458 fabulosa.
2742 5403 2821 5475 Ac
2860 5403 3117 5475 pleraque
3147 5402 3363 5475 quidem
3393 5414 3504 5475 qua:
3528 5402 3663 5475 initio

2136 5490 2325 5527 eorum
2379 5475 2627 5542 leguntur
2652 5491 2719 5528 ex
2771 5470 3001 5528 Eusebio
3030 5470 3107 5525 ad
3155 5472 3376 5542 verbum
3421 5470 3662 5542 descripta

2136 5554 2281 5597 Mtttl.
2315 5540 2531 5598 Fabélla
2574 5555 2754 5598 autem
2794 5543 2881 5597 illa
2912 5544 2977 5598 de
3003 5543 3275 5612 Glapltyra
3304 5540 3521 5610 virgine,
3546 5551 3662 5589 con-

2137 5616 2259 5667 Iicta
2290 5614 2418 5667 mihi
2452 5615 2659 5668 videtur
2690 5614 2758 5669 ab
2781 5613 3085 5669 hominibus
3109 5612 3314 5666 ottosis.

2206 5685 2319 5754 (25)
2372 5682 2624 5753 Ἀποδῴη
2656 5684 2951 5754 λατρείας.
2992 5683 3048 5737 ltt
3097 5684 3255 5737 codd.
3300 5677 3657 5754 Fuketianongi

2135 5741 2262 5808 Sav.
2298 5741 2566 5820 scriptum
2594 5741 2678 5807 est
2703 5741 2980 5819 ἀέθδιδόίῆ
3017 5773 3030 5805 :
3068 5756 3122 5808 iu
3165 5754 3299 5808 libro
3325 5763 3493 5805 autem
3513 5763 3540 5801 ι
3565 5741 3657 5799 Ηί-

2092 5868 2113 5879 -
2133 5825 2310 5879 σιω-ἕω
2349 5824 2735 5881 Ecclesiastij
2766 5821 3020 5894 ἀποδιδῷ.
