3860 6488
188 423 271 482 98!
1239 418 1328 474 DE
1363 418 1527 476 VITA
1565 420 2023 479 CONSTANTINI
2054 421 2187 480 LIB.
2219 422 2288 478 ιι.

3263 425 3375 477 9δῖ

185 534 423 607 ἐξέλαμψε
446 532 534 587 τὸν
562 529 730 586 αὐτοῦ
761 530 1063 604 θεράποντα
1081 534 1508 597 Κωνσταντῖνον,
1530 538 1623 591 ἐπὶ
1649 536 1703 590 τὰ

1818 538 1870 593 id
1904 540 2043 608 quod
2072 539 2311 594 futurum
2345 543 2465 594 erat
2517 536 2803 593 celerrime
2836 534 3195 607 praeveniens,
3224 536 3371 594 Con-

181 627 288 699 τῇδε
309 623 734 696 χειραγωγήσας-

1812 629 2110 684 stantinum
2147 627 2403 684 famulum
2434 617 2592 683 suum
2632 636 2886 697 tanquam
2921 624 3261 699 splendidum
3289 628 3370 683 lu.

182 722 247 776 eis
268 715 515 786 jubar,in
548 712 813 782 profunda
858 712 1088 784 caligine
1126 724 1181 769 et
1224 702 1279 770 i'n
1311 715 1702 774 obscurissima
1750 728 1909 774 nocte
1964 719 2143 774 subito
2195 717 2554 783 ostendisset,
2585 730 2815 788 eumque
2861 717 3015 787 quasi
3069 730 3232 774 manu
3271 733 3371 789 ap-

180 800 475 880 prehensum
507 805 607 861 has
632 805 689 861 in
712 814 898 875 partes
920 806 1286 874 perduxisset.

149 925 157 989 δ
669 898 1062 989 ΚΕΦΑΛΑΙΟΝ
1097 900 1173 955 1".

147 996 154 1021 ‘
181 993 345 1058 ὀπως
356 988 805 1066 Κωνσταντζγος
827 991 979 1059 ὑπὲρ
995 989 1377 1066 ΔΧριστιανίὶἷγιν·
1397 991 1710 1050 διώκεσθαι

605 1061 956 1129 μελλόντων
981 1061 1248 1130 ἐκινήθη.

237 1151 322 1213 Ὃς
342 1148 515 1203 οὐκέτ’
537 1149 760 1204 ἀνεκτὸν
783 1145 928 1203 εἶναι
974 1150 1200 1205 συνιδὼν
1228 1151 1327 1223 τὴν
1359 1151 1467 1206 τῶν
1496 1150 1711 1224 εἰρημέ-

174 1260 262 1297 νων
288 1244 469 1314 ἀκοὴν,
514 1243 606 1297 τὸν
650 1236 903 1314 σώςρρονα
946 1243 1475 1316 συνάγειλογισμὸν,
1504 1244 1600 1298 καὶ
1649 1244 1708 1298 τὸ

175 1335 367 1406 στερρὸν
395 1332 487 1388 τοῦ
510 1332 713 1406 τρόπου
745 1336 811 1403 τῇ
846 1335 1110 1407 συμφύτῳ
1138 1335 1515 1407 φιλανθρωπίᾳ
1542 1352 1707 1408 κερα-

173 1426 374 1496 σάμενος
396 1464 414 1490 ,
495 1426 590 1478 ἐπὶ
639 1426 738 1497 τὴν
796 1427 1007 1497 ἄμυναν
1064 1425 1170 1481 τῶν
1222 1427 1708 1499 καταπονουμένων

172 1517 387 1580 ἔσπευδε,
426 1516 622 1588 κρίνας
650 1517 759 1570 δεῖν
788 1514 927 1570 εἶναι
959 1517 1182 1582 εὐσεϐὲς
1215 1519 1312 1572 καὶ
1337 1518 1504 1582 ὅσιον,
1540 1518 1707 1571 ἐκπο-

168 1607 253 1661 διῖιν
293 1606 381 1661 ἕνα
412 1608 779 1680 ποιησάμενον
802 1648 818 1673 ,
872 1609 947 1671 τὸ,
981 1608 1228 1663 πλεῖστον
1262 1608 1369 1663 τῶν
1410 1607 1708 1680 ἀνθρώπων

168 1697 500 1751 διασώσασθαι
535 1699 723 1768 γένος’
761 1699 926 1771 πολλῇ
954 1699 1063 1771 γὰρ
1101 1699 1253 1772 αύτῷ
1284 1699 1554 1772 χρωμένῳ
1586 1699 1708 1770 φιλ-

168 1787 418 1862 ανθρωπίᾳ
454 1789 615 1861 (24),
640 1792 733 1846 καὶ
761 1791 852 1846 τὸν
893 1791 1232 1864 συμπαθείας
1257 1792 1473 1859 ἀνάξιον
1502 1791 1710 1845 ἐλεοῦν-

167 1898 225 1946 τι,
254 1882 324 1953 τῷ
357 1882 455 1953 μὲν
505 1883 675 1954 μηδὲν
718 1885 963 1953 γίνεσθαι
991 1886 1181 1952 πλέον,
1231 1886 1330 1957 τῆς
1373 1885 1482 1939 τῶν
1523 1883 1708 1939 κακῶν
1737 1918 1778 1972 Β

166 1972 530 2044 ἐπιτηδεύσεως
573 1975 835 2048 μηδαμῶς
880 1977 1338 2049 ἀπαλλαττομένῳ
1354 2017 1369 2042 ,
1423 1975 1705 2041 ἐπαύξοντι

164 2062 209 2117 δὲ
234 2063 415 2135 μᾶλλον
446 2066 553 2138 τὴν
591 2067 734 2120 κατὰ
775 2067 883 2121 τῶν
912 2067 1236 2140 ὑποχειρίων
1266 2067 1482 2133 λύτταν,
1517 2066 1628 2130 τοῖς
1659 2066 1703 2120 δ’

165 2153 239 2207 ὑπ’
276 2156 431 2210 αὐτοῦ
494 2158 905 2230 κεκακωμένοις
964 2159 1233 2230 μηδεμίαν
1290 2158 1396 2213 ἐτι*
1436 2156 1707 2230 σωτηρίας

163 2241 323 2298 ἐλπίδα
366 2244 672 2301 heims-Oct.
714 2247 877 2301 Ταῦτ’
917 2249 1177 2320 ἐννοήσας
1222 2250 1251 2302 ὁ
1301 2248 1572 2319 βασιλεὺς,
1615 2248 1709 2301 άν-

163 2332 441 2403 υπερθέτως
475 2334 661 2401 δεξιάν
707 2336 919 2409 ὀρέγειν
949 2340 1212 2411 σωτήριον
1254 2341 1365 2402 τοῖς
1403 2339 1483 2402 είς
1504 2336 1707 2408 ἔσχατα

162 2424 317 2479 κακῶν
353 2425 673 2499 ὲληλακόσιν
706 2428 949 2500 ὡρμᾶτο.
982 2430 1092 2502 Τῆς
1126 2429 1225 2501 μὲν
1257 2425 1350 2484 οὖν
1387 2447 1706 2502 στρατιωτι-

163 2512 243 2583 κῆς
272 2514 594 2582 ἐξοπλίσεως
634 2517 734 2591 τὴν
785 2518 988 2591 συνήθη
1040 2520 1393 2593 παρασκευὴν
1440 2522 1703 2584 ἐποιεῖτο,

160 2602 377 2676 ἡθροιστό
398 2624 457 2662 τε
486 2608 640 2681 αὐτῷ
673 2612 822 2663 πᾶσα
842 2610 1053 2680 φάλαγξ
1086 2610 1251 2676 πεζοῦ
1277 2628 1335 2666 τε
1358 2612 1453 2665 καὶ
1476 2613 1702 2666 ἱππικοῦ

163 2696 407 2767 τάγματος
426 2717 440 2733 ’
490 2702 684 2773 ἠγεῖτο
728 2702 773 2756 δ’
809 2701 902 2756 ἐπὶ
946 2702 1164 2758 πάντων
1205 2702 1274 2757 τὰ
1320 2704 1419 2775 τῆς
1471 2704 1564 2758 ἐπὶ
1610 2705 1702 2759 τὸν

158 2785 265 2842 Θεὸν
289 2792 494 2865 ἀγαθῆς
516 2794 751 2860 ἐλπίδος,
790 2793 879 2850 διὰ
902 2794 995 2848 τοῦ
1034 2794 1417 2868 προλεχθὼτος
1454 2796 1699 2870 σημείου,

162 2874 393 2947 σύμϐολα.

658 3155 1058 3211 ΚΕΦΑΔΔΙΟΝ
1095 3159 1169 3212 Δί.

2397 892 2624 954 CAPUT
2651 892 2737 949 Ill.

1851 989 2124 1058 Quomodo
2156 987 2532 1058 Constantinus
2571 983 2993 1058 Christianorum
3017 999 3176 1058 musa
3204 994 3337 1053 quos

1987 1058 2222 1112 Licinius
2252 1056 2486 1125 persequi
2516 1053 2756 1124 parabat,
2797 1064 3079 1110 commotus
3108 1053 3196 1110 sit.

1881 1168 1978 1236 Qui
2006 1183 2126 1223 cum
2156 1165 2458 1235 huiusmodi
2482 1178 2660 1219 rerum
2685 1163 2931 1219 nuntium
2961 1162 3028 1218 ad
3057 1177 3216 1223 aures
3238 1174 3365 1219 suae

1811 1258 2093 1328 perlatum,
2128 1270 2237 1311 non
2271 1254 2500 1323 amplius
2533 1251 2983 1309 dissimulandum
3024 1266 3152 1310 esse
3197 1251 3364 1310 intel-

1810 1348 2013 1420 ligeret,
2042 1347 2241 1403 sobriae
2290 1347 2488 1402 mentis
2513 1345 2756 1414 vigorem
2781 1345 3000 1419 collegit
3028 1364 3043 1402 :
3072 1355 3130 1403 et
3157 1346 3364 1403 severi-

1810 1446 1973 1492 tatem
2006 1450 2211 1491 morum
2250 1449 2375 1490 cum
2432 1433 2613 1489 innata
2664 1433 2904 1492 miscens
2958 1436 3264 1502 clementia,
3294 1437 3365 1494 iis

1809 1528 1898 1599 qui
1929 1525 2369 1598 opprimebantur
2384 1526 2649 1582 auxilium
2678 1525 2824 1582 ferre
2846 1526 3183 1596 properavit;
3215 1527 3361 1596 pium

1808 1624 2163 1685 sanctumque
2191 1612 2405 1670 facinus
2427 1611 2728 1671 habendum
2763 1629 2884 1672 esse
2910 1614 3179 1684 judicans,
3238 1632 3363 1674 cum

1807 1721 1916 1762 uno
1940 1721 1972 1762 e
2002 1705 2179 1761 medio
2207 1705 2421 1763 sublato
2447 1714 2617 1761 totum
2646 1704 2764 1762 fere
2789 1706 3065 1762 hominum
3095 1722 3265 1779 genus
3288 1707 3364 1764 in-

1808 1797 2017 1852 colume
2044 1805 2314 1854 servatur.
2349 1795 2441 1853 Sic
2477 1797 2622 1853 enim
2665 1796 2808 1867 apud
2838 1812 2898 1854 se
2941 1798 3223 1868 reputabat
3264 1814 3277 1851 :
3314 1798 3363 1854 si

1808 1882 1920 1952 ipse
1946 1898 2155 1938 summa
2200 1882 2485 1940 clementia
2535 1893 2802 1952 uteretur,
2859 1895 2914 1942 et
2950 1886 3187 1942 hominis
3218 1885 3362 1943 nulla

1806 1972 2152 2029 miseratione
2180 1973 2328 2044 digni
2356 1974 2734 2042 misereretur,
2764 1976 2845 2033 illi
2876 1975 3093 2047 quidem
3145 1976 3281 2034 nihil
3305 1977 3363 2034 id

1803 2066 2172 2137 profuturum,
2207 2070 2409 2141 quippe
2433 2072 2524 2142 qui
2573 2087 2604 2127 a
2636 2072 2821 2143 pravis
2853 2075 3100 2132 moribus
3127 2083 3184 2133 et
3206 2075 3366 2133 insti-

1806 2158 1935 2213 tutis
1963 2158 2271 2216 nullatenus
2298 2159 2626 2227 discederet,
2653 2161 2784 2233 quin
2832 2163 3012 2233 potius
3040 2164 3245 2221 rabiem
3269 2166 3365 2221 ad-

1802 2262 1990 2307 versus
2035 2249 2278 2306 subditos
2336 2251 2639 2308 intenderet
2681 2255 3004 2324 :eppressis
3065 2271 3199 2312 vero
3244 2256 3365 2312 nni-

1804 2335 1907 2391 lam
1938 2338 2169 2407 amplius
2197 2353 2348 2409 spem
2379 2339 2571 2396 salutis
2615 2339 2870 2413 relinqui.
2914 2343 3038 2401 Haec
3066 2345 3365 2417 imperator

1803 2442 1924 2481 cum
1963 2428 2103 2499 apud
2130 2443 2191 2485 se
2224 2438 2552 2500 reputasset,
2594 2431 2662 2489 iis
2683 2433 2775 2505 qui
2817 2435 2873 2489 in
2901 2444 3186 2492 extremas-
3209 2435 3361 2492 cala-

1804 2520 2018 2577 mitates
2048 2520 2388 2590 incidissent,
2409 2522 2571 2595 M5
2611 2523 2816 2596 absque
2842 2525 2952 2581 ulla
2987 2526 3249 2584 dilatione
3276 2543 3367 2584 sa-

1802 2607 2027 2666 lutarem
2054 2611 2297 2666 dextram
2324 2614 2604 2684 porrigere
2642 2616 2904 2672 decrevit.
2937 2616 3007 2672 Et
3046 2618 3365 2674 militarium

1801 2698 2017 2769 quidem
2041 2700 2323 2771 copiarum
2352 2712 2513 2772 atque
2544 2716 2821 2760 armorum
2872 2706 3145 2778 ingentem
3194 2721 3365 2779 appa-

1801 2795 1981 2842 ratum
2012 2788 2209 2860 coegit.
2247 2788 2470 2860 Jamque
2496 2790 2723 2848 aderant
2764 2792 3159 2852 universa-tam
3201 2794 3363 2863 equi-

1802 2887 1913 2939 tum
1941 2894 2102 2950 quam
2132 2879 2371 2949 peditum
2429 2881 2653 2952 agmina
2700 2882 2756 2938 in
2796 2898 2964 2939 unum
3010 2894 3391 2956 congregata.-

1798 2965 2027 3023 Cunctis
2055 2982 2185 3033 vero
2237 2968 2508 3036 praeibam
2555 2968 2792 3049 insignia
2823 2970 3034 3027 ﬁduciae
3062 2972 3118 3026 in
3149 2971 3318 3027 Deum
3343 3011 3361 3038 ,

1801 3057 2014 3129 signum
2050 3056 2306 3114 videlicet
2335 3057 2465 3115 illud
2492 3061 2645 3133 quod
2666 3075 2829 3130 supra
2852 3061 3290 3119 memoravimus.

2403 3148 2630 3206 CAPUT
2656 3150 2747 3207 IV.

160 3244 273 3317 Ὀτι
307 3247 766 3315 Κωνσταντῒνος
799 3247 917 3317 μὲν
960 3247 1432 3316 παρεσκευὰζὲτο
1454 3246 1581 3317 μετ’
1605 3248 1703 3303 εὐ-

1881 3239 2035 3307 Quod
2062 3240 2438 3317 Constantinus
2475 3246 2890 3317 cum_p_re_c_ibus,
2910 3245 3147 3304 Licinius
3175 3264 3294 3305 vero

212 3316 339 3385 χῶν,
370 3319 640 3384 Λικίνιος
666 3317 735 3370 δὲ
757 3316 907 3387 μετὰ
920 3318 1216 3387 μαντειῶν
1242 3321 1330 3385 εὶς
1351 3316 1635 3387 πόλεμον.

212 3408 381 3479 Εύχῶν
401 3409 445 3463 δ’
459 3408 651 3463 είποτε
666 3409 760 3465 καὶ
775 3408 870 3463 νῦν
884 3408 1035 3480 αύτῷ
1049 3409 1274 3475 δεῖσθαι,
1289 3408 1467 3473 καλῶς
1485 3407 1706 3463 ὲιιιιιστά⁴

158 3510 309 3565 μενος,
329 3502 453 3564 τοὺς
466 3498 568 3554 τοῦ
608 3500 744 3554 Θεοῦ
783 3500 960 3571 ίερέας
977 3501 1226 3572 ἐπήγετο·
1243 3504 1476 3555 συνεῖναι
1490 3501 1537 3554 τ’
1557 3500 1706 3572 αὐτῷ

157 3588 233 3641 καὶ
252 3594 497 3663 παρεῖναι
521 3591 612 3646 διὰ
645 3591 863 3658 παντὸς,
882 3591 1070 3664 ὥσπερ
1088 3598 1241 3657 τινας
1262 3593 1441 3666 ψυχῆς
1469 3592 1706 3662 ἀγαθοὺς

158 3679 368 3746 φύλακας
386 3683 503 3755 (25)
513 3722 530 3747 ,
548 3682 772 3746 τούτους
785 3682 895 3737 δεῖν
911 3681 1043 3753 ήγού
1051 3700 1226 3753 μενος.
1238 3682 1661 3749 Ἔνθενείκότως
1677 3686 1705 3739 ό

153 3769 233 3841 τήν
244 3789 301 3826 τυ
308 3791 432 3846 ρανν
439 3775 455 3827 ί
458 3776 531 3830 δα
546 3792 589 3828 π
591 3774 819 3848 ρο6ε6λη
828 3774 1146 3847 μένος,πυθὸ
1152 3793 1308 3849 μενος
1319 3778 1441 3829 Κων
1446 3793 1606 3832 σταντ
1613 3777 1706 3848 ίνῳ

154 3858 235 3923 τὰς
248 3864 358 3917 κατ’
374 3865 592 3937 ἐχθρῶν
609 3865 764 3930 νίκας
798 3866 918 3938 μηδ’
934 3867 1153 3938 ἄλλωςῆ
1168 3866 1261 3921 τοῦ
1271 3866 1405 3921 Θεοῦ
1429 3884 1493 3920 συ
1501 3868 1705 3939 μπράτ-

154 3964 310 4017 τοντος
354 3955 710 4027 πορίζεσθαι,
762 3956 998 4011 συνεῖναί
1050 3960 1097 4011 τ’
1137 3956 1284 4029 αὐτῷ
1326 3959 1420 4012 καὶ
1451 3962 1701 4030 παρεῖναι

153 4035 409 4109 διαπαντὸς
434 4048 568 4111 τοὺς
596 4045 938 4118 εἰρημένους,
970 4048 1066 4102 καὶ
1091 4050 1154 4104 τό
1185 4066 1250 4118 γε
1286 4048 1381 4103 τοῦ
1436 4050 1702 4121 σωτηρίου

154 4131 330 4199 πάθους
356 4136 630 4209 σύμϐολον
658 4139 823 4193 αὐτοῦ
844 4157 903 4194 τε
928 4140 1022 4195 καὶ
1048 4140 1141 4194 τοῦ
1173 4141 1371 4206 παντὸς
1392 4141 1705 4214 καθηγήσα-

155 4220 258 4277 σθαι
284 4228 553 4299 στρατοῦ·
587 4230 761 4284 ταῦτα
803 4231 900 4301 μὲν
942 4230 1176 4300 γέλωτος
1216 4233 1342 4300 ἄξια
1382 4232 1702 4303 ὑπελάμϐα-

152 4327 242 4379 νεν,
276 4316 388 4389 ἅμα
416 4320 702 4391 χλευάζων
745 4321 905 4375 αὐτὸν
945 4322 1038 4376 καὶ
1068 4322 1406 4395 βλασφήμοις
1432 4323 1702 4396 διασύρων

153 4401 321 4476 λόγοις,
344 4412 513 4476 αὐτός
545 4429 611 4468 τε
642 4413 976 4487 θεοπρόπους
1015 4414 1127 4487 (26)
1165 4417 1258 4470 καὶ
1281 4417 1499 4488 μάντεις
1531 4418 1698 4486 Αἰγυ-

152 4497 317 4566 πτίων,
348 4506 669 4577 φαρμακεῖς
695 4507 789 4559 καὶ
817 4505 1041 4577 γόητας,
1076 4505 1242 4570 θύτας
1273 4525 1331 4560 τε
1365 4508 1461 4562 καὶ
1491 4509 1701 4579 προφή-

2054 3327 2172 3366 cum
2189 3312 2449 3367 vaticiniis
2472 3328 2525 3367 se
2547 3312 2631 3366 ad
2646 3313 2838 3370 bellum
2870 3319 3114 3384 parabat.

1876 3397 2122 3470 Cumque
2166 3399 2596 3468 precationibus,
2644 3401 2692 3457 si
2730 3417 2965 3474 unquam
3011 3414 3195 3472 antea,
3242 3421 3367 3464 sese

1809 3498 1939 3546 tunc
1969 3491 2206 3547 maxime
2234 3492 2475 3565 indigere
2504 3491 2866 3564 intelligeret,
2918 3499 3229 3556 sacerdotes
3268 3493 3362 3555 Dei

1805 3597 1989 3638 secum
2023 3583 2341 3643 duxitpeos
2396 3583 2544 3642 velut
2596 3585 2827 3657 optimos
2863 3589 3060 3648 animm
3109 3594 3367 3650 custodes

1806 3676 1998 3731 adesse
2026 3691 2208 3732 coram
2236 3687 2290 3733 ct
2329 3693 2512 3733 secum
2546 3680 2751 3734 versari
2789 3681 2987 3738 debere
3023 3684 3363 3742 existimans.

1807 3767 1960 3824 Unde
1988 3784 2108 3824 cum
2150 3780 2410 3842 tyrannus
2462 3774 2747 3840 audiisset,
2780 3775 3199 3834 Constantinum
3252 3793 3366 3835 non

1806 3860 1961 3915 aliter
1997 3846 2379 3932 quam'divino
2408 3863 2703 3922 auxiliante
2740 3867 2961 3924 numine
2989 3867 3271 3925 victoriam
3301 3870 3369 3925 de

1807 3955 2054 4010 hostibus
2079 3971 2275 4025 parare
2293 3997 2308 4023 ,
2337 3964 2394 4012 et
2414 3971 2509 4027 eos,
2528 3972 2667 4027 quos
2688 3957 2800 4013 dixi
2817 3959 2864 4013 ei
2885 3968 3149 4030 perpetuo
3176 3960 3368 4017 adesse

1805 4059 2021 4116 unaque
2041 4047 2246 4102 versari
2271 4062 2287 4113 ;
2319 4046 2576 4103 salutaris
2594 4061 2810 4121 quoque
2838 4050 3109 4121 passionis
3129 4050 3364 4121 signum,

1804 4148 1855 4192 et
1884 4139 2057 4208 ipsum
2080 4146 2136 4193 et
2159 4138 2472 4193 universum
2501 4136 2622 4209 ejus
2658 4140 2955 4196 exercitum
2989 4141 3313 4197 antecedere
3346 4158 3361 4206 ;

1806 4229 1917 4285 haec
1950 4238 2132 4299 utpote
2156 4228 2354 4298 impius
2398 4228 2510 4283 risu
2567 4227 2728 4298 digna
2761 4242 2883 4286 esse
2919 4231 3193 4295 censebat,
3222 4231 3363 4287 Con-

1803 4319 2098 4375 stantinum
2132 4320 2473 4375 subsannans
2523 4324 2584 4373 et
2629 4319 3047 4378 contumeliosis
3103 4330 3367 4393 appetens

1802 4410 2002 4467 verbis.
2032 4411 2153 4481 Ipse
2175 4425 2306 4468 vero
2330 4409 2543 4466 divinos
2571 4417 2628 4466 et
2657 4419 2809 4468 vates
2838 4409 3246 4483 Egyptiorum,
3271 4426 3367 4468 ve-

1803 4503 2005 4560 neﬁcos
2033 4511 2091 4560 et
2112 4503 2473 4574 impostores,
2514 4502 2849 4562 sacriﬁculos
2877 4505 3115 4573 denique
3147 4517 3211 4558 ac
3240 4514 3369 4572 pro-

150 4602 232 4652 τις
268 4584 339 4649 ὧν
369 4595 561 4665 ἡγεῖτο
613 4593 775 4661 θεῶν,
824 4596 952 4668 περὶ
1002 4596 1188 4649 ἑαυτὸν
1218 4596 1425 4651 ἐποίειο
1461 4595 1698 4650 κᾶπειτα

1812 4595 1996 4661 phetas
2019 4593 2280 4651 falsorum
2304 4609 2440 4666 quos
2464 4595 2684 4653 colebat
2712 4594 2938 4652 deorum
2964 4594 3067 4651 sibi
3094 4593 3363 4664 adjunxit.

152 4675 337 4748 θυσίαις
388 4686 486 4750 οὓς
522 4686 633 4741 δεῖν
679 4685 834 4757 ᾤετο,
886 4686 1040 4752 θεοὺς
1091 4686 1205 4759 (27)
1267 4687 1698 4760 μειλισσόμενος,

1812 4686 2322 4752 Deinde‘saeriﬂciis
2347 4686 2745 4758 placansillos
2807 4701 2945 4758 quos
3015 4685 3366 4743 existimabat

150 4772 365 4844 διηρώτα
399 4777 512 4850 ὅπη
565 4776 715 4848 αύτῷ
759 4778 830 4832 τὰ
878 4778 978 4849 τῆς
1017 4778 1293 4844 ἐκϐάσεως
1328 4778 1422 4833 τοῦ
1464 4779 1700 4850 πολέμου

1812 4779 1960 4844 deos,
2007 4778 2389 4834 sciscitabatur
2432 4793 2501 4835 ex
2544 4778 2650 4837 illis
2686 4792 2975 4851 quemnam
3006 4776 3134 4833 belli
3164 4776 3367 4832 exitum

210 4974 330 5053 (ει),
364 4978 586 5053 nam
639 4979 749 5053 γὰρ
810 4979 970 5053 αὐτῷ
1042 4979 1320 5053 χρωμένῳ
1375 4985 1703 5052 summa»

1812 4981 1946 5039 Fuk.
1970 4982 2112 5053 quod
2143 4982 2667 5053 Christophorsonus
2688 4997 2793 5037 non
2825 4980 3224 5053 animadvertit.
3252 4978 3369 5053 Cae-

151 5045 257 5114 πιᾳ.
293 5045 366 5102 Ἰιι
409 5050 511 5103 lib.
548 5045 586 5102 ἰ
639 5045 939 5122 undeiuec
990 5045 1324 5122 adive'rbni‘n
1354 5045 1703 5122 transcripta
1808 5045 2004 5107 terum'
2032 5054 2084 5107 in
2119 5054 2290 5109 .codd.
2340 5045 2473 5110 Fuk.
2529 5053 2765 5109 Turnebi
2817 5067 2883 5107 ac
2914 5051 3113 5122 (Savilii
3164 5051 3367 5122 rectius

152 5125 280 5195 sunt,
314 5132 412 5195 pro
442 5133 580 5195 voce
604 5117 773 5195 πολλῇ
803 5119 997 5195 legitur
1025 5119 1185 5191 μόνῃ,
1203 5121 1368 5195 quod
1392 5123 1592 5195 rectius
1612 5117 1698 5176 'vi-

1812 5122 2073 5195 scribitur
2094 5124 2349 5195 ἐπήγετο.
2384 5124 2550 5178 Paulo
2573 5131 2692 5190 post
2724 5122 2776 5195 in
2808 5120 2993 5195 codice
3020 5119 3155 5195 Ευῑε.
3178 5117 3367 5195 scribl-

153 5184 329 5265 (Ιςψιέ⁷
365 5187 584 5265 Mallem
632 5184 796 5242 etiaiit
848 5184 1089 5265 scribere
1133 5184 1320 5244 ἀὐτοῦ
1376 5192 1695 5265 χρωμένου,

1812 5201 1913 5265 tur,
1936 5184 2241 5265 πυθόμενος
2268 5184 2671 5265 Ιςωνσταντῖνον
2690 5190 2792 5265 τάς
2822 5191 2942 5245 κατ’
2970 5188 3187 5265 ἐχθρῶν
3210 5187 3365 5265 νίκας

152 5253 241 5375 ιιξεί
268 5256 429 5379 lforte
461 5257 677 5312 dativus
729 5258 892 5315 casus
942 5260 1084 5315 sumi
1112 5270 1288 5329 potest
1324 5253 1427 5330 pro
1460 5253 1698 5318 ablativo

152 5338 174 5372 2
210 5339 265 5378 50
286 5343 314 5378 Ι]
344 5344 398 5380 οο

1812 5253 2118 5385 (liii—5:11“,
2161 5263 2196 5334 ἦ
2220 5253 2317 5345 τοῦ
2360 5262 2496 5343 Θεοῦ
2541 5253 2981 5344 συμπράττοντος
3001 5253 3359 5329 Ἶπὸρίζεσθαι.

1857 5342 2032 5385 ectlns
2064 5346 2185 5385 meo
2212 5333 2428 5385 autdem
2458 5333 2674 5385 iudtcm.

152 5326 417 5402 “b.5999;
741 5395 752 5402 .
868 5398 878 5402 _
984 5394 1012 5402 -
1104 5326 1131 5402 ί
1469 5400 1477 5402 _

1812 5326 2032 5402 Rectius
2064 5326 2196 5387 meo'
2212 5333 2428 5402 quidem
2455 5326 2674 5402 judicio.

1873 5399 1985 5470 (26)
2018 5403 2213 5469 Αὐτός
2228 5397 2314 5455 'te
2347 5397 2736 5469 θεοπρόπους.
2774 5397 3126 5470 Scribendum
3156 5404 3239 5452 est
3261 5399 3361 5452 αύ-

1798 5468 1892 5535 τὸς
1922 5468 2001 5524 δέ.
2029 5468 2346 5541 Quanquam
2373 5468 2590 5541 codices
2628 5471 2798 5524 nostri
2823 5468 2965 5541 nihil
2996 5476 3227 5541 mutant,
3257 5470 3362 5541 nisi

1797 5543 1940 5609 quod
1970 5536 2073 5612 pro
2087 5536 2423 5612 θεοπρόπους
2448 5538 2585 5594 Fuk.
2622 5540 2786 5595 habet
2816 5536 3170 5609 θεοπρόπεις,
3203 5540 3364 5594 sche-

1798 5614 1879 5664 αω
1898 5608 2387 5688 ῐεὲοβεοτερὲπεὶςο
2532 5681 2553 5688 ,
2640 5679 2653 5688 .
2747 5677 2778 5688 _
2850 5678 2883 5688 ..
2955 5608 3008 5688 ί.
3187 5677 3198 5688 .

1873 5680 1987 5753 (27)
2020 5680 2138 5748 οὓς
2158 5675 2285 5734 δεῖν
2313 5678 2480 5744 ᾤετο,
2520 5679 2713 5753 θεούς.
2745 5675 3100 5753 ξονὶιιειιὰωῐι
3146 5676 3361 5735 videtur

1802 5747 1896 5817 οὓς
1916 5747 2013 5819 δεῖ,
2045 5753 2127 5808 vel
2147 5757 2291 5806 certe
2319 5764 2425 5806 uno
2455 5750 2616 5808 verbo
2643 5747 2737 5813 οὒς
2757 5748 3025 5805 διενοεῖτο.

208 5394 313 5467 (25)
358 5397 588 5466 Ὠσπερ
630 5395 800 5463 τινὰς
840 5394 1048 5467 ψυχῆς
1086 5396 1345 5466 ἀγαθοὺς
1400 5400 1695 5467 φύλακας.

151 5458 343 5538 alludit
371 5469 440 5519 ad
491 5458 680 5522 vocem
712 5458 1201 5538 σώματοξρύλακοὶς.
1237 5458 1696 5538 Quemadmodum

152 5535 297 5599 igitur
333 5536 719 5606 imperatores,
760 5535 1020 5606 quosdam
1061 5538 1262 5591 milites
1304 5537 1371 5590 ad
1397 5538 1695 5593 custodiam

154 5607 378 5676 corporis
416 5606 503 5660 sui
531 5621 747 5676 semper
767 5620 948 5661 secum
973 5606 1265 5676 habebant,
1321 5606 1399 5662 sic
1428 5607 1695 5662 Constan-

153 5671 305 5746 stinus
347 5671 834 5745 episcopos'quasi
875 5674 1136 5746 quosdam
1174 5676 1372 5730 anima:
1417 5677 1692 5743 custodes,

153 5739 331 5808 ubique
354 5739 462 5799 sibi
505 5739 713 5802 adesse
740 5739 929 5800 voluii.
972 5744 1139 5798 Porro
1171 5754 1305 5815 post
1326 5761 1510 5801 vocem
1542 5739 1694 5801 ἐπείὲ

155 5821 261 5875 vero
287 5824 543 5883 punctum
576 5816 954 5886 opponendum
982 5823 1066 5870 est
1098 5814 1185 5871 ex
1210 5814 1370 5872 codd.
1426 5817 1589 5889 Regio
1644 5827 1697 5873 et
