3860 6538
170 402 265 460 985
1242 405 1330 463 DE
1368 407 1535 464 VITA
1571 408 2033 471 CONSTANTINI
2070 415 2201 474 LIB.
2241 415 2300 471 ll.
3283 422 3388 478 986

169 519 368 593 φανείη,
394 518 479 574 δεῖ
506 521 600 576 καὶ
632 522 778 593 ἡμᾶς
808 523 969 579 αὐτὸν
1000 526 1289 596 γνωρίζειν
1313 544 1370 582 τε
1414 529 1509 583 καὶ
1532 533 1680 603 τιμᾷς

1784 562 1796 602 ι
1826 536 2076 604 quisnam
2110 536 2366 592 colendus
2399 536 2472 592 sit
2501 537 2643 593 Deus
2666 579 2682 604 ,
2707 538 2802 593 sed
2841 538 2909 594 ad
2937 537 3199 608 potiorem
3226 552 3386 595 acce-

166 612 340 685 μακρά
374 612 588 685 χαίρειν
619 614 832 678 τούτοις
868 614 1124 681 εἰπόντας
1150 612 1231 683 οἷς
1260 619 1435 691 μάτην
1458 621 1586 686 τοὺς
1613 640 1680 694 κη

1823 627 1934 694 dat,
1968 627 2128 698 eique
2149 627 2386 682 victoriae
2407 630 2690 699 prmmium
2724 628 2953 685 deferat.
2978 629 3056 684 Ac
3084 630 3129 684 si
3168 631 3385 699 quidem

163 706 281 778 ρους
309 703 648 775 ὲξάπτομεψ
686 707 734 758 εἰ
770 705 815 759 δ’
844 707 894 760 οἰ
919 708 1176 780 ἡμέτεροι
1207 712 1555 784 κρατήσειαν,
1592 713 1620 767 ὃ
1649 714 1679 768 δ

1822 716 2142 786 peregrinus
2194 716 2287 772 ille
2321 732 2481 788 quem
2529 733 2675 774 nunc
2711 717 2944 774 ludibrio
2973 718 3259 783 habemus,
3306 718 3389 773 vi-

159 796 249 850 οὒκ
282 795 701 866 ἀμφιϐάλλεται,
739 797 881 869 μετὰ
911 800 1284 872 τὴνηὲνταυθοῖ
1317 803 1473 876 νίκην
1494 805 1585 857 ἐπὶ
1621 805 1680 858 τὸ

1820 816 1938 861 elor
1965 821 2086 862 esse
2120 807 2413 874 videbitur,
2444 822 2544 863 uos
2573 823 2791 880 quoque
2821 806 2967 864 illum
3004 823 3302 878 agnoscere
3330 818 3386 863 et

159 885 288 941 κατὰ
311 885 418 940 τῶν
441 885 872 960 ἀθέωνπόλεμον
901 891 1183 963 ὁρμῶμεν.
1219 913 1238 946 ι
1290 896 1348 949 ὐ
1372 896 1470 965 μὲν
1507 896 1570 967 δὴ
1601 900 1680 951 τοῖ

1817 899 2002 955 colere
2028 902 2297 972 oportebit
2340 920 2356 957 :
2394 903 2580 972 procul
2627 904 2779 958 abire
2808 918 2872 957 ac
2920 901 3105 958 valere
3159 903 3385 971 posthac

159 976 379 1049 παροῦσι
399 977 575 1033 ταῦτα
607 980 1003 1051 προδιείλεκτοο
1033 985 1165 1055 ἡμῖν
1188 985 1243 1038 δὲ
1271 989 1383 1050 τοῖς
1402 989 1481 1051 είς
1510 988 1676 1061 ταύτη

1814 990 1983 1061 jussis
2006 992 2072 1046 iis
2094 992 2291 1062 quibus
2314 1008 2502 1050 cereos
2523 994 2720 1049 frustra
2742 995 3110 1050 accendimus.
3137 992 3230 1048 Sin
3254 1008 3383 1046 vero

158 1069 495 1141 κεκλημένοις
519 1071 620 1142 τὴν
643 1073 858 1145 γραφὴν
882 1074 1021 1146 (5ο7),
1050 1078 1101 1129 οἱ
1124 1076 1230 1132 τῶν
1248 1078 1418 1147 λόγων
1437 1081 1680 1152 αὐτήκοοι

1819 1084 1990 1138 nostri
2023 1086 2332 1154 superiores
2381 1088 2720 1152 exstiterint,
2758 1087 2899 1157 quod
2930 1086 3145 1156 quidem
3174 1086 3378 1141 nemini

157 1163 246 1235 τῆς
283 1162 485 1217 τούτων
517 1167 736 1258 ,μικρὸν
785 1167 1011 1241 ὕστερον
1056 1172 1395 1242 μετεδίδοσαν
1435 1172 1680 1242 γνώσεως

1816 1175 2036 1231 dubium
2058 1192 2178 1234 esse
2201 1188 2378 1248 potest
2402 1221 2417 1246 ,
2443 1190 2564 1250 post
2599 1192 2808 1250 partam
2838 1180 2943 1235 hoc
2963 1181 3080 1235 loco
3098 1179 3381 1235 victoriam

161 1255 255 1316 Καὶ
294 1255 357 1327 δὴ
406 1255 682 1323 τοιούτους
730 1257 1012 1326 διεξελθὼν
1059 1262 1270 1332 λόγους,
1321 1266 1569 1336 ἡγεῖσθαι
1612 1267 1680 1338 τῆ

1819 1267 2001 1339 impiis
2026 1270 2251 1326 deorum
2308 1273 2774 1342 contemptoribus
2807 1273 3004 1327 bellum
3059 1272 3261 1328 inferre
3285 1258 3381 1342 ag;

161 1346 412 1419 συμϐολῆς
444 1350 790 1422 παρήγγελλε
819 1351 889 1406 τὰ
921 1356 1308 1425 στρατιωτικά.

1815 1360 2147 1429 grediemur.
2171 1378 2189 1411 ο
2209 1360 2532 1419 EtLicinius
2548 1365 2763 1433 quidem
2797 1373 2919 1419 ante
2949 1364 3227 1419 exordium
3280 1374 3390 1431 pu-‘
3414 1378 3417 1379 '

159 1453 280 1508 gnte,
307 1441 371 1494 ad
430 1441 854 1498 circumstantes
913 1442 1221 1510 huiusmodi
1280 1447 1443 1501 verba
1497 1447 1645 1504 fecit.
1695 1447 1862 1505 Nobis
1921 1465 2052 1506 vero
2089 1452 2180 1521 qui
2227 1452 2343 1508 haec
2402 1453 2717 1517 scribimus,
2752 1452 2852 1522 ipsi
2904 1453 2978 1507 illi
3010 1453 3099 1522 qui
3145 1453 3379 1512 orationi

158 1533 258 1600 ejus
286 1530 661 1601 interfuerant,
693 1548 804 1590 non
849 1535 1018 1591 multo
1062 1547 1187 1606 post
1251 1552 1370 1593 eam
1422 1540 1742 1597 retulerunt.
1776 1540 2089 1611 Huiusmodi
2143 1544 2307 1614 igitur
2332 1545 2575 1600 oratione
2605 1545 2774 1613 facta,
2800 1544 2962 1615 jussit
3009 1544 3268 1603 militibus
3317 1556 3378 1602 ut

159 1627 387 1694 pallium
424 1627 650 1683 inirent.

662 1722 1055 1776 ΚΕΦΑΛΑΙΟΝ
1094 1727 1183 1792 π’.

2414 1728 2643 1786 CAPUT
2675 1729 2761 1786 Vl.

158 1810 463 1889 Φαητασίαι
508 1812 661 1889 κατὰ
687 1811 793 1878 τὰς
816 1813 933 1868 ὑπὸ
950 1816 1219 1889 Λικίνιον
1246 1818 1471 1889 πόλεις,
1498 1820 1577 1885 ὡς
1590 1819 1680 1872 τῶι

1816 1820 2035 1889 Spectra
2061 1835 2114 1873 ιη
2145 1818 2359 1874 urbibus
2381 1836 2502 1889 qua;
2538 1819 2744 1875 Licinio
2783 1820 3029 1888 parebant
3059 1822 3193 1887 visa,
3234 1820 3377 1877 Con-

245 1883 705 1937 Κωνσταντίνου
744 1885 1205 1954 στρατευμάτων
1237 1883 1597 1952 διεξιόντωώκ

214 1969 416 2025 Τούτων
442 1971 499 2025 δὲ
531 1973 940 2044 πραττομένων,
979 1975 1170 2046 φάσμα
1196 1995 1250 2031 τι
1282 1978 1439 2047 λόγου
1462 1982 1705 2051 κρεῖττον

155 2061 281 2133 ἀμφὶ
297 2061 393 2127 τὰς
422 2063 700 2135 ὑπηκόους
728 2065 805 2136 τῷ
832 2067 1079 2139 τυράννῳ
1111 2069 1295 2135 πόλεις
1319 2064 1497 2140 ὧφθαί
1518 2089 1701 2141 φασιν

152 2153 364 2209 ὁπλιτῶν
402 2156 513 2228 γὰρ
555 2155 665 2210 τῶν
708 2158 813 2211 ὑπὸ
857 2161 1266 2245 Κωνσταντξνον
1311 2165 1446 2235 ὁρᾷν
1489 2163 1703 2218 ἐδόκουν

150 2246 359 2321 exemp:
386 2250 662 2320 τάγματα,
691 2255 749 2307 ὲν
776 2255 966 2319 αὐταῖς
996 2255 1189 2327 μέσαις
1216 2258 1450 2330 ἡμέραις
1492 2258 1702 2331 διερχό-

154 2355 273 2407 μενα
307 2340 405 2406 τὰς
456 2336 662 2409 πόλεις,
710 2344 919 2398 ὡσανεὶ⁴
934 2348 1313 2418 κεκρατηκότα
1346 2348 1451 2417 τῆς
1492 2349 1697 2419 μάχης⁶

152 2434 231 2487 καὶ
255 2434 399 2489 ταῦτ’
424 2437 702 2500 ὲϐλὲπετο,
736 2438 962 2510 μηδενός
998 2456 1101 2493 που
1132 2443 1198 2512 τῇ
1227 2440 1450 2512 ἀληθείᾳ
1477 2442 1699 2513 μηδαμῆ

153 2524 473 2596 φαινομένου,
515 2527 763 2601 θειοτέρα
799 2529 855 2583 δὲ
883 2530 977 2584 καὶ¹
1011 2531 1277 2600 κρείττονι
1310 2533 1559 2602 δυνάμει,
1600 2535 1699 2604 τῆς

153 2618 385 2688 φανείσης
428 2618 607 2689 ὅψεως
650 2621 711 2674 τὸ
755 2621 949 2692 μέλλον
998 2622 1216 2677 ἔσεσθαι
1270 2625 1695 2696 προφαινούσης.

160 2708 293 2761 Ἐπὶ
325 2710 381 2763 δὲ
420 2712 491 2765 τὰ
529 2713 895 2787 στρατιωτικὰ
941 2716 1217 2787 συμϐολῆς
1246 2718 1464 2787 ἥπτετο,
1491 2735 1700 2790 προκα-

152 2797 299 2871 τῆρχε
330 2802 422 2854 τοῦ
466 2801 707 2874 πολέμου
734 2806 763 2858 ὁ
790 2804 889 2869 τὰς
926 2806 1144 2874 φιλικὰς
1175 2807 1469 2880 διαρρήξας
1500 2808 1696 2879 συνθή-

151 2907 261 2955 κας·
290 2893 519 2948 ἐνταῦθα
543 2895 608 2968 δὴ
642 2897 1048 2963 Κωνσταντῖνος
1069 2898 1200 2953 Θεὸν
1230 2901 1460 2972 Σωτῆρα
1488 2900 1578 2953 τὸν
1600 2902 1695 2955 ἐπὶ

151 2985 337 3039 πάντων
369 2987 857 3060 ἐπικαλεσάμενος,
886 2991 1138 3062 σύνθημά
1162 3009 1221 3045 τε
1244 2991 1402 3045 τοῦτο
1431 2990 1557 3055 δοὺς
1580 2994 1695 3055 τοῖς

152 3073 262 3143 ἀμφ’
272 3076 426 3129 αὑτὸν
435 3077 701 3144 ὁπλίταις,
716 3078 940 3151 πρώτης
953 3081 1173 3153 ἐκράτει
1186 3080 1542 3154 παρατάξεως
1557 3080 1689 3151 (58)·

152 3162 225 3221 εἶτ’
255 3168 348 3223 οὐκ
369 3170 450 3234 εἰς
479 3170 689 3242 μακρὸν
707 3170 960 3243 δευτέρας
988 3171 1263 3244 συμϐολῆς
1286 3173 1395 3244 (59)
1429 3172 1690 3245 κρείττων

1737 1868 1780 1924 Β
1816 1868 3245 1961 vi"illinu'nTuiilniiiii'itﬁuium’Eéiiéiileéﬁih.

1879 1979 2006 2048 Quae
2037 1981 2162 2035 dum
2214 1992 2502 2051 geruntur,
2534 1991 2809 2054 spectrum
2842 1982 3106 2053 quoddam
3152 1996 3377 2053 prorsus

1804 2072 2054 2129 mirabile
2077 2073 2128 2128 in
2159 2074 2388 2129 urbibus
2416 2075 2627 2146 tyranni
2659 2074 2801 2131 illius
2829 2074 3182 2131 dominationi
3236 2076 3362 2131 sub-

1794 2161 1959 2231 jectis
2014 2164 2332 2233 apparuisse
2381 2163 2587 2221 ferunt.
2624 2164 2784 2220 Varia
2833 2165 2978 2220 enim
3034 2164 3372 2221 Constantini

1801 2252 2029 2308 militum
2064 2253 2283 2322 agmina
2320 2268 2418 2323 per
2445 2253 2725 2309 meridiem
2749 2252 2889 2319 visa,
2923 2269 3043 2325 quae
3061 2252 3225 2326 447
3248 2264 3370 2308 tan-

1799 2358 1961 2412 quam
2011 2352 2163 2412 parta
2194 2343 2421 2399 victoria
2479 2357 2578 2413 per
2612 2344 2777 2400 urbes
2826 2344 3148 2400 transirent.
3189 2346 3371 2415 Atque

1798 2435 1914 2492 haec
1946 2437 2333 2504 cernebantur,
2374 2437 2559 2508 reipsa
2602 2438 2826 2508 quidem
2859 2439 3079 2495 nemine
3139 2453 3367 2509 usquam

1798 2538 2142 2598 comparente
2167 2547 2182 2584 :
2217 2530 2311 2586 sed
2337 2530 2520 2585 divina
2545 2528 2784 2600 potentia
2812 2546 2906 2600 per
2929 2530 3192 2586 visionem
3217 2529 3365 2585 illam

1796 2638 1917 2692 qum
1941 2622 2113 2679 oculis
2134 2623 2548 2691 subjiciebatur,
2570 2625 2625 2680 id
2654 2626 2796 2694 quod
2825 2624 3065 2679 futurum
3087 2634 3204 2680 erat
3228 2639 3368 2696 pra:-

1795 2722 2157 2771 monstraute.
2190 2714 2362 2771 Porro
2391 2730 2514 2770 cum
2542 2717 2819 2771 exercitus
2847 2714 3104 2784 congredi
3129 2716 3240 2786 jam
3271 2729 3365 2785 pa-

1795 2813 1999 2870 rarent,
2036 2806 2084 2860 is
2108 2806 2199 2876 qui
2247 2808 2552 2861 concordiae
2603 2806 2807 2862 foedera
2840 2818 3103 2875 ruperat,
3152 2806 3363 2877 primus

1794 2912 2029 2968 pugnam
2051 2912 2280 2953 exorsus
2299 2907 2401 2953 est.
2426 2896 2580 2952 Tunc
2605 2911 2734 2952 vero
2761 2896 3146 2952 Constantinus
3177 2910 3365 2951 serva-

1796 2997 1914 3042 tore
1938 3001 2002 3042 ac
2031 3001 2289 3058 supremo
2309 2987 2551 3042 omnium
2584 2988 2695 3043 Deo
2746 2987 2800 3043 in
2827 2987 3089 3042 auxilium
3120 2994 3313 3042 vocato
3339 3024 3359 3051 ,

1792 3088 1954 3149 atque
1984 3078 2087 3134 hoc
2113 3079 2267 3149 signo
2296 3078 2559 3134 militibus
2612 3079 2728 3134 suis
2758 3079 2884 3133 dato
2903 3118 2921 3146 ,
2958 3079 3140 3133 hostes
3183 3078 3362 3148 primo

1793 3167 1980 3238 prazlio
2008 3166 2166 3223 ludit.
2199 3167 2313 3223 Nec
2366 3169 2537 3224 multo
2586 3179 2705 3246 post
2735 3170 2906 3224 altera
2934 3169 3224 3224 commissa
3257 3184 3357 3239 pu-

153 3257 252 3360 nori
280 3295 451 3349 erant,
475 3296 687 3360 _utpote
751 3301 919 3360 nuper
984 3289 1162 3344 asciti.
1195 3286 1389 3360 Cicero
1436 3288 1489 3343 in
1519 3304 1557 3343 ll
1616 3288 1694 3342 De
1725 3303 1765 3360 ο
1801 3300 1950 3360 coss1
1982 3299 2078 3360 vin
2103 3283 2228 3338 ldus
2256 3283 2529 3360 Octobris,
2554 3295 2636 3360 ut_
2658 3286 2917 3360 scribitur
2948 3287 3001 3342 in
3033 3282 3358 3360 FqslisAlda-

153 3353 325 3424 ligilms
370 3374 385 3410 :
423 3374 444 3407 ι
474 3353 658 3412 Novus
686 3372 811 3413 vero
829 3353 993 3421 deos,
1028 3369 1082 3414 et
1110 3360 1163 3413 in
1194 3358 1281 3413 bis
1304 3358 1551 3414 colendis
1585 3374 1685 3411 no-

153 3437 341 3481 cturuas
370 3426 814 3498 pervigilationes
857 3428 937 3482 sic
979 3430 1368 3498 Aristophanes
1415 3427 1687 3483 facetissi-

155 3508 245 3565 t_nus
280 3506 432 3565 poeta
486 3497 690 3552 veteris
734 3499 1013 3553 comantia:
1049 3508 1231 3561 vexat,
1280 3508 1339 3552 ut
1385 3499 1526 3565 apud
1558 3514 1681 3552 eum

157 3562 387 3638 Sabaiius
411 3576 466 3638 et
493 3568 585 3621 alii
616 3568 841 3638 quidam
867 3568 939 3621 dii
975 3569 1241 3638 peregrini
1273 3562 1497 3638 judicati
1542 3584 1571 3622 e
1607 3569 1683 3621 ci-

154 3634 289 3709 vitate
309 3634 670 3705 ejicianturfi
709 3634 1451 3709 LocusAristophanisquem
1479 3637 1678 3709 intelli-

156 3704 588 3773 gitCicero,_erat
612 3711 663 3760 iu
696 3707 963 3761 comoedia
1001 3704 1255 3773 Lemniis,
1285 3704 1342 3761 ut
1360 3708 1519 3762 docet
1557 3708 1683 3762 Sui~

157 3773 225 3848 tias
243 3775 295 3831 in
317 3792 404 3834 vv.
429 3770 475 3845 ᾧ
503 3776 600 3830 νῦν
628 3776 819 3847 θερμοὶ
852 3775 1045 3848 βωμοί.
1080 3776 1211 3848 Erat
1241 3770 1405 3832 certe
1447 3778 1678 3848 Athenis

158 3840 517 3917 illgensitur'ba
551 3840 809 3917 novorum
852 3840 1374 3917 aciperegrinorum
1427 3847 1673 3914 deorum,

156 3926 257 3976 quos
293 3915 474 3983 ξένους
504 3932 599 3971 seu
644 3915 899 3983 ξενικοὺς
933 3915 1415 3982 θεούς’νοοοι)σιιῐ.
1473 3917 1671 3972 Eorum

157 3986 336 4058 nomina
365 4003 433 4040 ac
474 3988 650 4058 series
685 3993 1045 4058 contexuerat
1088 3987 1484 4058 Apollophanes
1515 3998 1672 4058 poeta

159 4050 584 4126 iit_Cr_etensibus,
619 4065 756 4109 teste
786 4056 1055 4126 llesychio
1104 4050 1160 4111 in
1204 4050 1336 4111 voce
1383 4050 1676 4124 Gsot'gsvt-

157 4118 578 4196 t‘tol._Menauder
616 4127 824 4189 rhetor,
874 4118 967 4180 seu
1017 4129 1193 4196 potius
1244 4118 1571 4191 Alexander,
1620 4127 1676 4181 in

158 4184 359 4267 {latitudo
384 4196 589 4264 generis
611 4184 1032 4260 demonstrativi;
1051 4213 1172 4267 pag.
1192 4197 1318 4261 612,
1341 4205 1491 4251 notat
1514 4184 1680 4267 quos-

157 4256 412 4334 dgtmdeos
456 4267 818 4334 antiquiores,
854 4256 1484 4332 quosda'mvrecen'tiores
1533 4256 1674 4333 'dici,

156 4328 191 4411 gi
208 4332 294 4411 μὲν
313 4334 427 4411 γὰρ
463 4328 832 4411 παλαιότεροι,
858 4328 907 4389 οἱ
933 4336 990 4389 δὲ
1019 4336 1542 4411 νεώτεροιῗλεγονται
1570 4328 1677 4392 τῶν

158 4393 272 4455 θεῶν.
296 4393 689 4478 At_l"o_rtesius,
713 4393 944 4475 eumque
985 4393 1203 4463 secutus
1230 4393 1676 4478 Christpphorso-

158 4481 246 4536 IIIIS,
278 4474 415 4546 male
466 4476 615 4530 hunc
657 4477 830 4530 locum
856 4474 1207 4546 interpretati
1252 4474 1673 4546 sunt,'quorum

157 4550 270 4612 ch-or
291 4545 418 4600 hinc
449 4554 611 4599 natus
639 4554 741 4609 est,
774 4548 914 4612 quod
953 4545 1058 4601 non
1087 4550 1336 4603 viderunt
1360 4545 1672 4603 adverbium

1801 3357 1881 3410 tii.
1914 3354 2121 3420 Quibus
2151 3355 2422 3409 consentit
2453 3352 2707 3423 Sigonius
2729 3359 2779 3410 in
2818 3357 2955 3410 libro
2988 3373 3051 3412 ιιι
3081 3357 3155 3411 De
3196 3356 3346 3412 Occi-

1791 3425 1992 3479 dentalt‘
2044 3425 2281 3491 imperio.
2318 3425 2455 3480 Male
2499 3426 2552 3479 in
2598 3424 2857 3480 Chronico
2887 3427 3103 3481 Eusebii
3150 3427 3352 3483 bellum

1791 3495 2075 3550 Ciltalense
2105 3495 2383 3549 confertur
2434 3495 2486 3549 in
2539 3511 2738 3550 annum
2770 3497 3057 3565 septimum
3086 3496 3355 3552 Constan-

1790 3565 1909 3628 tini,
1949 3579 2071 3637 cum
2107 3564 2157 3617 id
2185 3576 2396 3637 gestum
2428 3566 2503 3621 sit
2530 3581 2670 3619 anno
2701 3583 2796 3621 vm
2822 3564 2940 3633 ejus
2967 3568 3204 3637 imperii.
3233 3568 3348 3622 luto

1791 3650 1962 3689 nonus
1987 3634 2109 3708 jam
2159 3650 2347 3708 annos
2381 3636 2594 3708 imperii
2626 3637 2962 3708 Constantini
2994 3634 3276 3708 agebatur,
3302 3637 3355 3693 si

1786 3720 1899 3759 rem
1917 3705 2000 3778 _ad
2020 3716 2242 3778 exactos
2266 3705 2502 3778 calculos
2527 3722 2771 3763 revoces.
2791 3706 2980 3763 Nonus
2997 3705 3216 3778 quippe
3242 3722 3346 3760 an-

1785 3790 1886 3828 nus
1916 3775 2124 3842 imperii
2156 3773 2499 3830 Constantini
2539 3779 2705 3843 cespit
2743 3786 2935 3831 octavo
2967 3773 3193 3832 Kalend.
3223 3780 3338 3831 Au-

1781 3844 1945 3913 gusti,
1975 3843 2270 3899 Volusiano
2313 3860 2350 3899 ll
2406 3856 2459 3900 et
2498 3848 2746 3901 Anniano
2777 3863 2921 3904 coss.
2976 3847 3226 3903 Aurelius
3252 3847 3348 3902 Vi-

1782 3925 1903 3969 elor
1933 3914 1999 3968 de
2029 3913 2183 3968 bellis
2224 3915 2366 3970 inter
2394 3914 2661 3969 Licinium
2708 3927 2763 3973 et
2804 3917 3218 3973 Constantinum
3264 3917 3346 3973 sic

1777 3985 1967 4056 scribit
1992 4002 2036 4038 ιι
2066 3983 2143 4037 ita
2176 3994 2415 4056 potestas
2443 3987 2590 4041 orbis
2614 3987 2839 4042 Romani
2865 3989 3074 4043 duobus
3096 3988 3344 4056 quaesita,

1779 4055 1870 4124 qui
1913 4055 2162 4128 quamvis
2205 4069 2301 4124 per
2342 4054 2511 4110 Flavii
2560 4073 2800 4128 sororem
2859 4067 3081 4128 nuptam
3114 4054 3343 4111 Licinio

1782 4124 2010 4178 connexi
2053 4125 2195 4178 inter
2235 4140 2294 4179 se
2334 4136 2511 4188 erant,
2547 4128 2616 4181 ob
2658 4126 2907 4183 diversos
2934 4124 3123 4181 'mores
3161 4137 3341 4181 tamen

1784 4195 1944 4266 anxie
1971 4195 2260 4266 triennium
2284 4210 2585 4265 congruere
2622 4198 2861 4266 quivere,
2927 4215 2947 4249 ο
2992 4206 3096 4252 etc.
3121 4197 3227 4266 Qui
3256 4196 3338 4250 lo—

1785 4278 1883 4318 cus
1916 4265 2190 4334 ldatianos
2222 4265 2420 4321 Fastos
2460 4265 2649 4334 aperte
2684 4268 2984 4321 conﬁrmat.
3016 4265 3231 4333 Alioqui
3266 4280 3339 4320 ex

1781 4334 2068 4389 Eusebiani
2116 4333 2362 4388 Clzrunici
2397 4338 2661 4389 sententia
2694 4338 2979 4389 dicendqu
3026 4348 3164 4389 esset
3193 4335 3341 4389 hicn--

1781 4405 1955 4476 nium.
1981 4405 2342 4474 Corrigendus
2368 4415 2450 4476 est
2470 4407 2631 4459 etiam
2658 4404 2899 4476 Eutropii
2932 4406 3083 4476 locus
3113 4405 3163 4457 in
3198 4404 3340 4459 libro

1780 4488 1836 4544 _x,
1868 4475 1959 4543 qui
2013 4477 2093 4528 sic
2134 4476 2295 4544 vulgo
2332 4475 2509 4529 editus
2554 4482 2678 4528 est:
2710 4493 2728 4526 ι
2773 4475 2851 4528 Ac
2891 4475 3066 4543 primo
3109 4490 3231 4533 eum
3283 4476 3336 4530 in

1779 4542 2081 4614 l’aunonia,
2114 4542 2353 4600 secundo
2384 4545 2589 4614 ingenti
2646 4542 2904 4614 apparatu
2950 4545 3149 4600 bellum
3193 4546 3333 4612 apud

157 4591 416 4685 vin-idem.
1707 4591 1752 4648 Ῑ)
1781 4613 1996 4685 Cibalas
2049 4591 2784 4683 instruentemfrepentintris
2830 4616 3119 4683 Oppressit,
3167 4632 3186 4685 ι
3227 4591 3333 4685 ξω.

159 4682 233 4760 tari
260 4684 317 4738 ad
348 4685 441 4739 lib.
473 4701 525 4739 ιν
552 4682 1222 4760 ΠιδιονὶωἘεειειὶλαιιίεω.
1242 4688 1317 4760 Et
1329 4682 1440 4743 haec
1462 4688 1678 4756 quidem

158 4758 267 4819 prius
296 4769 632 4819 notaveram,
682 4765 902 4810 secutus
946 4758 1234 4812 editionem
1282 4758 1674 4814 Geueveusem.

157 4813 299 4893 l’ostea
328 4813 682 4898 veredidiei,
716 4828 769 4898 in
801 4826 1057 4898 editione
1078 4813 1305 4898 Bobcrti
1336 4827 1595 4898 Stephani
1622 4838 1678 4885 et

158 4897 197 4969 In
215 4906 291 4947 tus.
311 4895 593 4950 codicibus
624 4896 726 4966 legi
754 4896 844 4948 καὶ
875 4897 969 4969 νῦν
984 4896 1306 4969 γελώμενος.
1343 4895 1515 4965 Quam
1544 4900 1677 4952 scri-

158 4966 323 5082 glurlatu
367 4981 488 5018 cum
516 4976 684 5019 secuti
736 4969 849 5020 sint
888 4966 1237 5037 interpretes,
1291 4970 1512 5024 minime
1560 4971 1675 5023 cul-

186 5047 275 5082 :tlttt
304 5046 453 5082 81ml-

158 5036 275 5090 Pandi
304 5046 453 5089 sont.

209 5100 295 5171 (57)
329 5106 561 5173 Ταύτην
595 5105 985 5175 κεκλημένοις
1008 5109 1126 5177 τὴν
1150 5106 1405 5177 γραφήν.
1447 5107 1503 5163 ιη
1534 5108 1671 5164 libro

162 5162 308 5249 Μόψί
338 5177 405 5229 ad
424 5162 1094 5249 marginem'entend'atur
1135 5162 1501 5249 ποιουμένοις,
1532 5162 1671 5247 quo;

158 5241 276 5316 modo
297 5245 533 5316 loquitur
556 5245 843 5316 Eusebius,
872 5247 1011 5301 infra
1032 5263 1154 5316 cap.
1181 5251 1235 5303 8.
1262 5241 1428 5303 P'aulo
1459 5241 1587 5303 ante
1616 5249 1668 5302 in

160 5309 513 5389 ¢odemMor1ei
566 5314 704 5389 libro
744 5309 1269 5389 recte_emendatum
1324 5329 1433 5385 est,
1483 5317 1669 5389 μακρὰ

160 5377 316 5458 χαίρειν
336 5384 851 5458 τούτοις-εἰπόντας.
883 5384 940 5440 In
993 5390 1180 5458 codice
1222 5387 1358 5442 Fuk.
1408 5377 1667 5458 scriptu-ut

161 5455 291 5505 Inveni
324 5471 337 5510 :
370 5458 505 5527 ἡμῖν
552 5455 609 5508 δὲ
646 5456 758 5517 τοῖς
799 5458 879 5520 είς
916 5457 1121 5511 ταύτην
1162 5455 1534 5529 κεκλημένοις
1568 5458 1667 5530 τὴν

160 5523 338 5594 γραφήν,
359 5535 524 5580 recte.

185 5532 338 5590 βαφήν,
359 5535 524 5580 recte.

177 5654 187 5664 ο
210 5589 296 5663 (58)
323 5589 558 5665 Πρώτης
592 5596 820 5666 ἐκράτει
843 5597 1242 5666 παρατάξεως.
1264 5595 1500 5651 Primum
1527 5612 1665 5666 prte-

162 5648 257 5712 liu‘m
281 5648 405 5721 ἱιιιέἲ·
426 5648 794 5723 caelibis};
793 5648 857 5723 .1.‘
866 5648 954 5723 3';
983 5648 1250 5721 urg-ama.
1266 5648 1407 5721 tu}?
1421 5648 1499 5721 in"
1521 5648 1665 5722 iss};-

165 5729 284 5809 ξιοιξῇςι
307 5738 438 5804 apud
470 5737 704 5806 Cibalas,
728 5742 869 5809 quod
907 5739 1107 5805 optime
1132 5737 1391 5809 describit
1416 5736 1664 5809 Zosimus

168 5797 206 5880 it}
327 5797 380 5871 ιί,
418 5818 473 5880 et
495 5797 1095 5880 auctor'e'xcerptoruut
1122 5808 1188 5861 de
1210 5797 1378 5862 Cesti:
1406 5806 1663 5863 Constan-

168 5871 491 5948 mti.Contigit
531 5878 645 5935 haec
693 5871 1200 5951 pugua'Volusiano
1237 5893 1272 5933 Il
1324 5889 1379 5933 et
1408 5880 1657 5934 Anniane

1780 4682 2031 4755 Delenda
2058 4694 2140 4739 est
2162 4685 2363 4753 absque
2392 4682 2556 4739 dubio
2590 4700 2692 4755 vos
2719 4682 2968 4746 secundo,
3000 4700 3119 4755 qua:
3143 4684 3209 4737 ab
3240 4684 3335 4736 iui-

1778 4756 1953 4822 perito
1981 4753 2203 4809 librario
2230 4756 2438 4823 adjecta
2471 4766 2575 4810 est.
2607 4754 2848 4810 Primqu
2883 4752 3033 4809 enini
3065 4752 3334 4809 Constan-

1779 4824 1875 4877 tini
1903 4825 2160 4878 adversus
2183 4824 2452 4895 Licinium
2484 4826 2727 4894 praelium
2760 4826 2863 4879 fuit
2902 4828 3044 4895 apud
3087 4823 3327 4887 Cibalas,

1776 4903 1836 4946 ut
1864 4910 2023 4964 supra
2072 4897 2317 4964 ostendi.
2360 4893 2564 4951 Deinde
2614 4896 2896 4950 ridiculum
2939 4893 3088 4950 esset
3124 4895 3329 4956 dicere,

1774 4963 2007 5032 primum
2031 4964 2271 5032 praelium
2299 4963 2465 5019 fuisse
2488 4966 2540 5019 in
2565 4964 2860 5026 Pannonia,
2878 4964 3171 5019 secundum
3186 4964 3328 5032 apud

1772 5033 1988 5089 Cibalas
2021 5051 2037 5089 :
2067 5049 2187 5088 cum
2232 5034 2432 5089 Cibalas
2475 5037 2603 5090 urbs
2649 5037 2720 5090 sit
2765 5033 3078 5089 Pannoniae.
3121 5032 3228 5087 Sed
3272 5044 3329 5087 et

1772 5101 2028 5167 Peanius,
2059 5105 2150 5174 qui
2185 5103 2505 5174 Eutropium
2529 5105 2716 5160 Graece
2746 5105 2928 5169 vertit,
2958 5119 3149 5160 vocem
3177 5103 3324 5158 illam

1771 5174 2012 5255 secundo
2024 5168 2132 5255 non
2162 5168 2423 5255 agnoscit,
2443 5185 2503 5228 ut
2525 5189 2592 5229 ex
2620 5168 3329 5255 interpretationeejusgp-
3431 5168 3445 5191 '

1769 5255 1947 5311 paret.
1971 5240 2406 5299 Orosius'tameu
2452 5254 2508 5298 et
2540 5255 2731 5300 auctor
2758 5240 3014 5299 Historia:
3050 5240 3325 5311 Miscetur,

1768 5309 2041 5385 vulgatam
2068 5315 2310 5385 Eutropii
2334 5315 2655 5385 scripturam
2694 5325 2916 5370 secutus
2936 5325 3037 5368 est.
3060 5312 3151 5367 Sic
3177 5309 3322 5385 enim

1766 5382 1934 5438 habet
1970 5404 1983 5439 :
2021 5404 2041 5437 ι
2072 5382 2468 5441 Constantinus
2500 5382 2766 5440 Licinium
2790 5385 2995 5440 sororis
3016 5396 3127 5437 suae
3147 5382 3322 5434 virum

1766 5452 1821 5507 in
1853 5454 2129 5510 Pannonia
2180 5455 2415 5526 primum
2462 5455 2614 5522 vicit,
2657 5455 2853 5510 deinde
2907 5453 3049 5523 apud
3102 5449 3320 5506 Cibalas

1764 5526 2047 5579 onoressit.
2084 5543 2105 5576 ι

1798 5537 2264 5663 ρῗέδῗδάζυέἐρας
2301 5592 2634 5663 συμϐολῆς.
2681 5592 2926 5649 Secunda
2975 5591 3091 5647 haec
3138 5605 3320 5662 pugna

1763 5664 2101 5721 Constantini
2130 5669 2386 5719 adversus
2415 5666 2701 5730 Licinium,
2727 5667 2778 5718 in
2803 5663 3031 5717 Thracia
3050 5664 3193 5717 facta
3210 5671 3317 5728 est,

1761 5746 1820 5790 ut
1849 5736 2006 5790 docet
2033 5736 2299 5790 Zosituus.
2349 5734 2454 5788 Sed
2484 5732 2733 5789 Zositnus
2778 5734 2951 5803 locum
2994 5733 3167 5803 ipsum
3209 5747 3317 5787 non

1759 5804 1890 5886 dicit
1917 5823 1934 5886 ξ
1974 5813 2164 5860 auctor
2193 5819 2322 5886 vero
2349 5814 2729 5886 escerptorutn
2751 5805 2819 5859 de
2847 5802 3023 5859 Cutis
3047 5803 3313 5886 Constitu-

1759 5877 1877 5944 tt'ni,
1916 5876 1969 5931 in
1999 5889 2191 5947 campo
2238 5874 2532 5933 Martliettsi
2584 5886 2880 5945 pugnatum
2938 5886 3062 5932 esse
3102 5874 3323 5935 scribit.
