3864 6506
541 387 645 445 99!

1243 380 1514 437 EUSEBll
1549 379 2030 438 CESARIENSIS
2060 378 2211 436 OPP.
2250 382 2431 438 PARS
2467 384 2513 439 l.
2556 413 2627 425 —
2667 382 3053 441 HISTORICA.

3647 387 3740 445 993

545 518 668 560 esse
676 509 944 561 cerneret,
959 498 1263 555 Scrutaris
1278 499 1361 553 sui
1387 498 1854 570 cultui-diligenter
1873 501 2077 555 vacavit

2209 503 2418 573 Σωτῆρι
2466 503 2566 573 τὴν
2599 503 2793 574 σχολὴν
2823 504 3077 569 ἀνετίθει,
3108 502 3204 557 τοῦ
3247 503 3348 576 μὲν
3394 503 3615 576 σταυροῦ
3651 507 3735 578 τὴν

547 594 611 648 Et
670 593 846 648 crucis
871 592 1085 663 quidem
1134 590 1536 645 tabernaculum
1571 592 1690 646 fixit
1717 602 1869 646 extra
1896 602 2098 673 castra,

545 686 633 739 ubi
663 699 795 753 pure
822 693 875 736 et
900 691 1051 736 caste
1079 681 1301 751 degens,
1324 696 1514 752 preces
1530 682 1598 737 ad
1625 683 1792 738 Deum
1815 683 2096 751 fundebat;
2146 726 2149 727 ν

543 774 787 842 exemplo
814 775 1018 828 veteris
1045 774 1190 827 illius
1216 775 1512 843 pmpbetaa,
1546 789 1706 843 quem
1744 785 1895 829 extra
1919 784 2100 832 castra

543 862 950 916 tabernaculum
991 863 1340 919 constituisse
1366 864 1539 918 divina
1559 874 1826 920 testantur
1853 868 2093 923 oracula.

538 955 780 1008 Aderant
811 963 990 1008 autem
1024 956 1223 1009 assidui
1250 970 1353 1009 una
1382 970 1502 1009 cum
1534 955 1654 1024 ipso
1684 955 2093 1025 paueiquidam,

541 1042 689 1107 ﬁdei,
730 1045 949 1112 pietatis
996 1060 1059 1099 ac
1118 1044 1504 1099 benevolentia:
1557 1047 1723 1115 probe
1784 1056 2092 1113 compertae.

536 1137 711 1204 Atque
736 1137 786 1190 id
813 1152 1026 1205 semper
1048 1136 1226 1191 facere
1253 1146 1634 1202 consueverat,
1672 1138 2095 1207 quotiescunque

536 1238 807 1281 certamen
832 1237 973 1282 esset
1006 1228 1259 1281 initurus.
1284 1228 1471 1292 Neque
1498 1229 1643 1282 enim
1685 1243 1925 1298 praeceps
1950 1239 2090 1295 erat,

534 1317 732 1386 quippe
758 1318 849 1386 qui
878 1318 1071 1373 tutiora
1098 1333 1313 1388 semper
1334 1318 1578 1388 eligeret.
1608 1320 1809 1376 Adhmc
1831 1321 1926 1376 Dei
1959 1336 2091 1376 con-

533 1406 655 1461 silio
680 1419 875 1463 cuncta
907 1423 1097 1477 gerere
1143 1409 1334 1464 solitus
1373 1419 1512 1464 erat.
1540 1409 1714 1465 Porro
1739 1426 1860 1466 cum
1904 1411 2090 1467 sedqu

531 1508 697 1568 atque
730 1499 971 1567 impense
1022 1500 1131 1553 Deo
1164 1515 1264 1554 suo
1298 1500 1654 1570 supplicaret,
1703 1515 1918 1572 semper
1947 1503 2091 1561 Deus

531 1589 581 1644 ei
626 1589 968 1658 praesentiam
1015 1606 1168 1646 suam
1201 1591 1468 1647 exhibere
1518 1591 1772 1660 dignatus
1795 1602 1895 1647 est.
1927 1592 2091 1665 £50

532 1679 759 1743 Exinde,
791 1681 938 1735 velut
969 1683 1233 1738 diviniora
1270 1692 1424 1737 actus
1454 1683 1704 1750 impulsu,
1740 1686 1991 1754 prosilire
2019 1703 2086 1741 ex

530 1770 881 1826 tabernaculo
927 1773 1153 1839 solebat,
1207 1782 1262 1828 et
1315 1775 1471 1844 signo
1522 1775 1590 1829 ad
1637 1776 2083 1846 proﬁciscendum

2205 593 2409 662 σκηνὴν
2439 593 2547 662 (45)
2588 595 2744 658 ἐκτὸς
2766 593 2861 647 καὶ
2891 594 3226 666 πορρωτάτω
3257 593 3587 666 πηξάμενος,
3616 597 3732 669 ἁγνῇ

2200 683 2245 736 δ’
2278 684 2524 737 ἐνταυθοῖ
2548 684 2826 757 χρώμενος
2858 686 2953 740 καὶ
2982 685 3196 757 καθαρᾷ
3218 686 3419 757 διαίτῃ,
3451 686 3527 756 τῷ
3555 704 3608 740 τε
3634 688 3733 760 Θεῷ

2199 769 2297 832 τὰς
2329 770 2494 840 εὐχὰς
2519 772 2823 839 ἀποδιδοὺς,
2858 774 2977 827 κατ’
2996 773 3157 828 αὑτὸν
3187 775 3397 830 ἐκεῖνον
3419 775 3511 828 τὸν
3537 776 3733 832 παλαιὸν

2199 858 2293 911 τοῦ
2325 858 2461 912 Θεοῦ
2481 863 2780 935 προφήτην,
2810 862 2871 916 ὃν
2900 863 2999 933 τῆς
3019 863 3371 935 παρεμϐολῆς
3403 865 3554 931 ἐκτὸς
3577 867 3728 937 πήξα-

2206 949 2329 1003 σθαι
2375 949 2473 1022 τὴν
2520 952 2743 1024 σκηνὴν,
2783 953 2855 1008 τά
2901 954 3019 1009 θεῖα
3060 954 3377 1010 πιστοῦνται
3400 955 3568 1025 λόγια.
3582 956 3729 1030 [lpos-

2196 1040 2530 1115 εκαρτέρουν
2593 1044 2638 1097 δ’
2677 1045 2824 1116 αὐτῷ
2858 1045 3094 1118 βραχεῖς,
3128 1048 3178 1101 οἱ
3218 1047 3399 1101 πίστει
3434 1048 3527 1102 καὶ
3569 1048 3726 1102 Osos:-

2197 1129 2347 1192 ϐείας
2378 1131 2557 1204 εὐνοίᾳ
2576 1133 2687 1205 (46)
2709 1137 2840 1206 παρ’
2857 1136 3004 1207 αὐτῷ
3016 1136 3483 1209 δεδοκιμασμένοι.
3516 1139 3667 1194 Τοῦτο
3687 1143 3725 1195 δ’

2199 1220 2348 1291 αὐτῷ
2368 1220 2595 1294 σύνηθες
2619 1220 2687 1296 ἦν
2714 1227 2992 1295 πράττειν,
3032 1228 3127 1282 καὶ
3154 1228 3337 1283 εἴποτε
3369 1230 3550 1285 ἄλλοτε
3579 1249 3721 1303 παρα-

2194 1313 2341 1378 τάξει
2374 1314 2622 1386 πολέμων
2659 1317 2883 1390 ὡρμᾶτο
2932 1320 3244 1390 συμϐαλεῖν.
3274 1321 3481 1391 Βραδὺς
3514 1323 3603 1395 μὲν
3632 1324 3717 1396 γὰρ

2192 1400 2260 1475 ἦν
2309 1403 2376 1457 δι’
2419 1406 2737 1475 ἀσφάλειαν,
2778 1408 2913 1463 Θεοῦ
2961 1410 3018 1464 δὲ
3060 1410 3220 1484 βουλῇ
3273 1413 3453 1467 πάντα
3495 1414 3717 1485 πράττειν

2191 1495 2362 1565 ἠξίου.
2409 1496 2531 1551 Ἐπὶ
2574 1498 2768 1569 σχολῆς
2798 1500 2855 1555 δὲ
2885 1500 2963 1572 τῷ
2993 1502 3154 1556 αὑτοῦ
3186 1502 3305 1575 Θεῷ
3334 1504 3434 1567 τὰς
3479 1505 3715 1577 ἱκετηρίας

2193 1586 2531 1657 ποιούμενος,
2572 1589 2786 1656 πάντως
2815 1608 2919 1645 που
2955 1593 3047 1645 xui.
3085 1592 3404 1664 θεοφανείας
3439 1596 3711 1666 ἐτύγχανεν

2191 1673 2289 1732 εἷθ’
2325 1678 2513 1751 ὥσπερ
2538 1681 2780 1755 θειοτέρα
2811 1683 3051 1755 κινηθεὶς
3081 1686 3395 1757 ἐμπνεὺσει,
3417 1688 3514 1759 τῆς
3544 1688 3715 1757 σκηνῆς

2191 1770 2559 1843 ἀναπηδήσας,
2580 1772 2835 1845 ἐξαίφνης
2867 1779 3035 1830 κινεῖν
3067 1779 3263 1832 αὐτίκα
3298 1779 3368 1833 ea;
3393 1780 3716 1851 στρατιωτικὰ

531 1860 677 1924 dato,
712 1861 892 1914 statim
928 1862 1189 1917 militibus
1230 1863 1533 1933 imperabat
1581 1874 1638 1918 ut
1680 1866 1885 1934 absque
1935 1880 2077 1920 mora

2189 1860 2375 1935 καὶμὴ
2402 1862 2633 1933 μέλλειν,
2655 1864 2792 1918 ἀλλά
2812 1867 2907 1920 καὶ
2931 1868 3099 1939 αὐτῆς
3124 1868 3272 1941 ὥρας
3304 1870 3472 1940 ξιφῶν
3486 1870 3713 1925 ἅπτεσθαι

528 1948 737 2015 gladius
764 1951 1111 2018 stringerent.
1138 1951 1237 2019 Qui
1260 1954 1549 2008 confestim
1571 1954 1774 2023 impetu
1796 1955 1848 2008 in
1875 1954 2084 2010 hostem

527 2036 694 2105 facto,
749 2039 938 2097 obvios
991 2057 1179 2097 omnes
1225 2044 1344 2098 sine
1392 2043 1504 2099 ullo
1552 2046 1732 2099 aetatis
1773 2046 2087 2101 discrimine

526 2128 960 2197 obtruncabant;
1017 2132 1188 2190 donec
1253 2135 1446 2205 exiguo
1502 2136 1763 2205 temporis
1813 2118 2088 2192 momento

527 2230 678 2289 parta
717 2222 964 2291 victoria,
1005 2231 1205 2298 tropaea
1249 2225 1320 2283 de
1369 2226 1530 2282 victis
1583 2227 1831 2284 hostibus
1876 2230 2079 2285 erexis-

525 2323 669 2369 seut.

1010 2406 1013 2411 “
1095 2405 1322 2463 CAPUT
1360 2406 1495 2463 Xlll.

695 2494 1032 2553 Constantini
1059 2500 1361 2553 humanitas
1384 2499 1439 2552 in
1461 2498 1653 2555 milites
1682 2508 1885 2570 captos.

594 2664 707 2721 lloc
742 2668 903 2723 modo
953 2668 1246 2739 imperator
1277 2677 1402 2723 ante
1435 2684 1626 2741 pugnae
1668 2669 2001 2735 conﬂictum,
2026 2679 2083 2726 et

521 2758 757 2827 seipsum
817 2773 1032 2828 gerere,
1086 2768 1141 2814 et
1198 2761 1498 2816 exercitum
1550 2777 1707 2817 suum
1772 2763 2076 2829 instituere,

521 2848 687 2902 etiam
749 2860 908 2905 antea
952 2852 1144 2907 solitus
1182 2854 1564 2922 eratsquippe
1612 2854 1705 2923 qui
1757 2852 1923 2909 Deum
1955 2855 2077 2908 vita:

520 2954 630 2994 sua:
672 2952 888 3009 semper
931 2950 1303 3012 anteponeret,
1332 2952 1639 3011 cunctaque
1690 2942 1807 3013 ejus
1857 2951 1989 2998 nutu
2023 2952 2078 2999 et

519 3032 754 3086 consilio
804 3047 967 3102 agere
1012 3038 1275 3100 studeret,
1331 3043 1389 3089 et
1449 3033 1738 3090 multorum
1793 3034 2072 3101 hominum

516 3124 715 3177 caedem
752 3124 933 3179 facere
977 3124 1220 3195 religioni
1255 3126 1500 3180 duceret.
1540 3124 1804 3192 Quocirca
1831 3142 1936 3179 non
1965 3127 2072 3179 mi-

2193 1954 2604 2026 παρεκελεὺετο.
2632 1958 2695 2010 Ol
2732 1957 2776 2010 δ’
2808 1959 3019 2030 ἀθρόως
3043 1962 3373 2034 ἐπιθέμενοι,
3400 1962 3585 2035 ἡϐηδὸν
3612 1963 3712 2016 ἐκο-

2188 2061 2337 2110 πτον,
2370 2046 2447 2110 είς
2468 2047 2544 2099 ὅτ’
2570 2047 2637 2101 ἂν
2674 2048 2773 2119 τὴν
2804 2051 2961 2122 νίκην
2988 2053 3045 2106 ἐν
3066 2053 3215 2125 ὥρας
3251 2054 3591 2129 ἀκαρεῖ
3621 2053 3709 2124 (47)

2184 2136 2564 2205 ἀπολαϐόντες,
2614 2141 2851 2215 τρόπαια
2907 2146 3027 2199 κατ’
3075 2145 3285 2219 ἐχθρῶν
3347 2146 3568 2202 ἀνίστων
3610 2149 3708 2201 ἐπι-

2188 2226 2347 2281 νίκια.

2698 2412 3091 2466 ΚΕΦΔΛΔΙΟΝ
3120 2414 3218 2467 II".

2180 2499 2591 2567 Φιλανθρωπὶα
2609 2503 2739 2570 περὶ
2765 2502 2908 2569 τοὺς
2920 2505 3538 2591 ,συλλαμϐανομένους
3558 2488 3706 2577 στρα-

2845 2591 3073 2641 τιωτας.

2250 2657 2406 2711 Οὕτω
2426 2658 2524 2731 μὲν
2548 2659 2610 2733 δὴ
2633 2660 2882 2731 βασιλεὺς
2910 2665 3063 2733 ἄγειν
3094 2666 3285 2720 ἑαυτόν
3319 2684 3380 2720 τε
3406 2668 3498 2720 καὶ
3525 2667 3605 2721 τὸν
3623 2667 3704 2720 αὑ-

2176 2746 2272 2801 τοῦ
2319 2749 2543 2820 στρατὸν
2570 2752 2628 2804 ἐν
2660 2755 2778 2816 ταῖς
2821 2753 2929 2807 τῶν
2969 2754 3218 2827 πολέμων
3247 2757 3591 2829 παρατάξεσι,
3630 2757 3706 2811 καὶ

2178 2840 2344 2894 πάλαι
2369 2842 2629 2914 πρότερον
2658 2842 2858 2909 εἰώθει,
2885 2846 2977 2899 τὸν
3013 2848 3202 2901 ἑαυτοῦ
3230 2849 3362 2902 Θεὸν
3386 2849 3489 2920 πρὸ
3513 2849 3602 2921 τῆς
3622 2848 3704 2917 ψυ-

2177 2934 2277 3004 χῆς
2325 2935 2411 2988 ἀεὶ¹
2440 2935 2736 3006 τιθέμενος,
2784 2939 2877 2990 καὶ
2925 2942 3045 3004 ταῖς
3098 2941 3260 2994 αὐτοῦ
3316 2942 3525 3013 βουλαῖς
3558 2941 3703 2997 πάντα

2176 3025 2432 3096 πράττειν
2468 3026 2684 3091 ἐθέλων,
2714 3027 2780 3081 δι’
2810 3028 3093 3095 εὐλαϐείας
3110 3049 3169 3085 τε
3200 3033 3475 3104 τιθέμενος
3499 3032 3579 3086 τὸν
3616 3030 3702 3085 τῶν

2175 3115 2381 3169 πολλῶν
2414 3115 2661 3172 θάνατον.
2687 3119 2877 3173 Ἔνθεν
2896 3123 2957 3174 οὐ
2994 3123 3194 3193 μᾶλλον
3225 3124 3328 3193 τῆς
3354 3124 3461 3179 τῶν
3501 3123 3698 3186 οἰκείων,

517 3228 618 3265 nus
670 3214 906 3269 hostium
956 3230 1115 3285 quam
1171 3216 1401 3270 militum
1467 3231 1690 3272 suorum
1745 3216 2069 3272 consulebat

2183 3206 2209 3277 ἢ
2238 3207 2345 3259 τῶν
2376 3208 2582 3278 ἐχθρῶν
2610 3211 2861 3282 προυνόει
2909 3186 3196 3287 σωτηρίας.
3342 3215 3433 3268 καὶ
3461 3215 3699 3285 κρατήσα-

514 3302 698 3358 saluti.
726 3303 919 3375 Itaque
969 3306 1084 3363 suis
1114 3307 1397 3361 victoriam
1444 3307 1657 3377 adeptis
1702 3307 2071 3379 praecipiebat,

506 3406 575 3450 aut
599 3397 756 3453 victis
783 3407 1093 3469 parcerent,
1130 3408 1296 3468 utque
1321 3399 1570 3454 homines
1600 3400 1733 3465 nati,
1770 3400 2076 3454 communis

518 3487 797 3544 hominum
827 3498 1034 3545 natura:
1081 3493 1475 3548 meminissent.
1504 3490 1660 3557 Quod
1687 3492 1732 3546 si
1766 3490 1910 3547 forte
1933 3492 2075 3545 mili-

519 3587 629 3631 tum
658 3580 872 3634 animos
897 3580 1198 3637 obstinatos
1223 3584 1289 3637 ad
1328 3583 1528 3637 eadem
1559 3583 1788 3649 videret,
1814 3584 1934 3636 auri
1970 3583 2075 3636 lar-

515 3669 722 3737 gitione
771 3685 868 3725 eos
913 3671 1497 3741 reprimebat;jubens
1528 3680 1585 3725 ut
1613 3672 1704 3741 qui
1751 3672 1963 3727 hostem
1994 3671 2076 3724 vi-

515 3772 640 3811 vum
669 3760 924 3828 cepisset,
949 3769 1098 3816 certo
1128 3762 1246 3815 auri
1275 3762 1512 3831 pondere
1534 3762 1849 3817 donaretur.
1885 3760 2063 3830 Atque

515 3847 655 3903 hanc
715 3849 1021 3904 illecebram
1052 3851 1119 3906 ad
1152 3851 1381 3906 salutem
1426 3851 1704 3905 hominum
1749 3865 2074 3905 conservan-

512 3932 635 3984 dam
665 3934 1013 4004 imperatoris
1043 3938 1368 4008 excogitavit
1399 3939 1619 3993 solertia
1651 3958 1665 3993 :
1700 3938 1835 3994 adeo
1865 3945 1924 3993 ut
1955 3939 2076 4009 plu-

513 4027 637 4080 rimi
675 4044 741 4083 ex
776 4028 910 4098 ipsis
944 4031 1107 4084 etiam
1146 4031 1394 4088 barbaris
1425 4031 1625 4087 servati
1664 4030 1796 4094 sint,
1823 4046 1947 4085 cum
1975 4030 2077 4086 im-

510 4120 777 4189 peratoris
803 4136 998 4176 aurum
1033 4123 1195 4177 vitam
1233 4125 1475 4190 ipsorum
1509 4123 1844 4178 redemisset.

1093 4215 1323 4272 CAPUT
1361 4215 1501 4271 XIV.

778 4298 980 4356 Iterum
1011 4302 1077 4358 de
1101 4306 1338 4358 oratione
1361 4306 1414 4357 in
1438 4302 1798 4358 tabernaculo.

582 4390 708 4448 Haec
739 4401 796 4448 et
836 4394 938 4448 alia
989 4395 1223 4465 plurima
1279 4396 1472 4449 borum
1523 4394 1721 4450 similia
1777 4395 2070 4464 imperator

2177 3314 2260 3350 σιν
2286 3298 2344 3352 ἐν
2376 3299 2521 3370 μάχῃ
2546 3303 2657 3365 τοῖς
2700 3302 2936 3366 οἰκείοις,
2965 3304 3072 3358 τῶν
3110 3305 3344 3359 ἁλόντων
3382 3303 3537 3376 φειδὼ
3563 3306 3699 3356 ποιεῖ-

2174 3387 2296 3441 σθαι
2329 3389 2578 3460 παρῄνει,
2611 3392 2734 3463 μηδ’
2763 3392 3081 3465 ἀνθρώπους
3106 3395 3286 3461 ὄντας,
3322 3397 3420 3468 τῆς
3446 3392 3697 3467 ὁμογενοῦς

2174 3478 2386 3549 φύσεως
2411 3482 2466 3533 ἐν
2479 3480 2616 3554 λήθῃ
2647 3480 2946 3551 γίγνεσθαι.
2979 3484 3041 3537 Εἰ
3072 3484 3131 3538 δὲ
3156 3486 3249 3539 καί
3284 3502 3413 3539 ποτε
3440 3484 3542 3539 τῶν
3576 3482 3696 3536 ὁπλι-

2172 3571 2280 3624 τῶν
2306 3572 2429 3635 τοὺς
2452 3572 2653 3643 θυμοὺς
2669 3574 2925 3645 ἀκρατεῖς
2949 3573 3113 3647 ἐώρα,
3137 3575 3337 3648 χρυσοῦ
3352 3575 3491 3630 δόσει
3512 3573 3695 3634 τούτους

2171 3662 2438 3733 ἐχαλίνου,
2487 3663 2581 3716 τὸν
2613 3663 2927 3735 ζωγροῦντά
2955 3684 3074 3720 τινα
3120 3666 3230 3721 τῶν
3275 3666 3555 3739 πολεμίων,
3596 3664 3694 3734 ὠρι-

2173 3752 2344 3827 σμένῃ
2366 3754 2566 3825 χρυσοό
2598 3755 2858 3828 τιμᾶσθαι
2891 3758 3237 3831 προστάττων
3260 3759 3411 3831 ὁλκῇ.
3441 3759 3543 3812 Καὶ
3567 3755 3691 3809 τοῦτο

2170 3842 2359 3915 δέλεαρ
2388 3844 2686 3916 ἀνθρώπων
2716 3848 2987 3919 σωτηρίας
3014 3849 3047 3919 ἡ
3081 3848 3342 3919 βασιλέως
3390 3848 3572 3920 εὕρατο
3596 3843 3692 3898 σύν-

2171 3952 2304 3999 εσις,
2325 3935 2451 3989 ὥστ’
2471 3936 2570 4007 ήδη
2596 3936 2776 4008 μυρίοι
2808 3938 2903 3990 καὶ
2930 3937 3106 3991 αὐτῶν
3138 3937 3403 4003 ἐσώζοντο
3425 3936 3689 4010 βαρϐάρων,

2171 4024 2353 4096 χρυσῷ
2385 4024 2645 4094 βασιλέως
2675 4025 2772 4097 τὴν
2803 4026 2948 4098 ζωὴν
2967 4028 3148 4091 αὐτοῖς
3174 4027 3545 4099 ἐξωνουμένου.

2695 4210 3089 4264 ΚΕΦΑΛΑΙΟΝ
3109 4211 3205 4264 ΙΔ’.

2380 4300 2509 4353 Ἔτι
2529 4316 2662 4367 περι
2692 4299 2813 4353 τῶν
2838 4301 2909 4354 ἐν
2936 4299 3137 4370 σκηνῇ
3160 4300 3522 4371 προσευχῶν.

2242 4390 2424 4445 Ταῦτα
2450 4392 2546 4464 μὲν
2574 4388 2666 4446 οὖν
2703 4393 2795 4445 καὶ
2822 4391 3030 4457 τούτοις
3043 4392 3246 4463 ἀδελφὰ
3278 4393 3443 4466 μυρία
3490 4391 3600 4462 φίλα
3632 4386 3687 4460 ἦν

509 4484 675 4538 etiam
724 4484 861 4540 alias
911 4485 1164 4541 factitare
1196 4495 1575 4542 consueverat.
1606 4484 1761 4540 Tunc
1808 4486 2066 4555 temporis

2183 4482 2428 4553 πράττειν
2486 4481 2695 4552 βασιλεῖ
2741 4481 2984 4536 κάλλοτε.
3030 4483 3183 4536 Κάπὶ
3229 4481 3324 4535 τοῦ
3371 4480 3607 4553 παρόντος
3640 4476 3685 4529 δὲ

509 4591 637 4630 vero
694 4587 984 4646 antequam
1042 4578 1288 4648 praelium
1329 4586 1664 4642 consereret,
1705 4590 1954 4631 seorsum
2011 4577 2064 4630 iu

2183 4572 2411 4643 ςυνήθως
2444 4573 2528 4641 ἐφ’
2557 4571 2731 4642 ἐαυτῷ
2761 4572 2866 4642 πρὸ
2886 4571 2986 4642 τῆς
3016 4572 3196 4644 μάχης
3228 4569 3683 4644 σκηνοποιούμενος,

506 4666 854 4721 tabernaculo
891 4667 1118 4737 positus,
1141 4668 1528 4735 ,orationibus,
1554 4678 1612 4721 ut
1637 4667 1868 4731 solebat,
1904 4681 2062 4722 vaca-

508 4758 583 4809 \‘il
629 4758 698 4812 ab
746 4759 893 4813 omni
923 4761 1139 4825 quidem
1168 4760 1295 4830 joco
1331 4770 1387 4814 et
1412 4747 1716 4815 delicatio’ri
1755 4759 1884 4813 vitae
1913 4759 2063 4813 cultu

504 4846 808 4912 abstinens,
834 4848 1058 4918 jejuuiis
1089 4864 1219 4905 vero
1264 4850 1493 4919 aliisque
1525 4848 1832 4917 huiusmodi
1863 4848 2067 4903 exerci-

408 4936 417 4945 '
507 4932 795 4988 tationibus
825 4949 1024 5004 corpus
1062 4935 1312 5007 fatigans,
1365 4946 1420 4991 et
1470 4936 1950 5007 supplicationibus
1998 4952 2062 4993 ac

505 5021 753 5088 precibus
794 5022 869 5077 ita
913 5023 1080 5078 Deum
1113 5027 1357 5095 placans,
1385 5037 1446 5080 ut
1478 5026 1768 5086 benignum
1820 5027 1968 5082 illum
1997 5041 2061 5080 ac

503 5112 790 5179 propitium
866 5128 1084 5170 suarum
1161 5120 1395 5186 partium
1455 5117 1752 5186 adjutorem
1816 5118 2059 5184 haberet,

501 5216 672 5271 eaque
700 5211 885 5272 ageret
914 5218 1033 5273 qua:
1062 5204 1151 5260 ille
1206 5206 1373 5263 menti
1426 5221 1539 5261 sua:
1583 5208 1964 5278 suggessisset.
1996 5206 2061 5259 Et

501 5375 969 5446 apparet,_veru_m
1016 5386 1140 5446 esse
1168 5373 1310 5446 quod
1349 5390 1510 5446 supra
1544 5373 1726 5428 notavi
1759 5375 1845 5446 ad“
1874 5390 1924 5429 e.
1965 5374 2052 5437 10,

503 5436 860 5514 itl‘icmscilicet
892 5436 1369 5514 Eusebium'loqui,
1390 5436 1457 5499 de
1488 5446 1669 5514 priore
1700 5444 1887 5513 praclio
1912 5448 2054 5513 quod

501 5507 567 5559 ad
602 5506 815 5559 Cibalas
833 5511 1184 5564 commissum
1214 5506 1318 5566 est.
1365 5512 1370 5518 ”

573 5575 683 5649 (45)
719 5577 839 5649 Τοῦ-
860 5578 1126 5647 σταυροῦ
1154 5579 1269 5648 τὴν
1306 5580 1564 5649 σκηνήν.
1591 5581 1667 5649 De
1689 5582 1791 5635 hoc
1811 5582 2060 5634 taberna-

500 5642 620 5719 culo
646 5649 788 5719 quod
811 5642 1196 5719 Constantinus
1214 5642 1421 5704 secum
1445 5642 1655 5719 senape?
1687 5652 1737 5703 in
1766 5652 2061 5719 expeditiu-

501 5714 1132 5785 nibuscircutuferebat,
1196 5723 1385 5775 scribit
1429 5714 1762 5776 Sozomeuus
1797 5714 1849 5774 in
1887 5719 1976 5773 lib.
2018 5734 2054 5784 ι,
2090 5745 2106 5755 -

499 5792 620 5849 cap.
649 5782 704 5837 8.

2168 4665 2288 4727 ταῖς
2307 4664 2440 4733 πρὸς
2460 4662 2551 4717 τὸν
2573 4663 2704 4717 Θεὸν
2724 4663 2909 4734 εὐχαῖς
2925 4663 3021 4733 τὴν
3038 4662 3232 4735 σχολὴν
3252 4663 3496 4718 ἀνετίθει·
3514 4657 3686 4733 ῥᾳστώ-

2168 4769 2265 4824 νης
2296 4752 2394 4823 μὲν
2422 4754 2638 4824 ἀπάσης
2666 4755 2761 4807 καὶ
2786 4752 3067 4826 τρυφηλῆς
3112 4754 3321 4825 διαίτης
3355 4750 3685 4824 ἀλλοτριούμεο

2168 4861 2276 4908 νος,
2305 4844 2539 4908 ἀσιτίαις
2588 4844 2643 4897 δὲ
2684 4846 2779 4897 καὶ
2827 4845 3064 4900 κακώσει
3105 4846 3200 4900 τοῦ
3244 4846 3484 4918 σώματος
3520 4840 3684 4904 πιέζων

2167 4934 2380 4995 ἑαυτὸν,
2432 4933 2605 5005 ταύτῃ
2632 4950 2692 4985 τε
2725 4932 2816 4986 τὸν
2872 4933 3004 4987 Θεὸν
3068 4934 3370 5005 ἱκετηρίαις
3416 4932 3504 4985 καὶ
3546 4929 3682 4988 λιταῖς

2168 5024 2492 5095 ίλεοὺμενος,
2521 5024 2596 5087 ὡς
2623 5023 2689 5077 ἂν
2707 5023 2876 5089 δεξιὸν
2891 5024 3053 5077 αὑτὸν
3080 5025 3172 5077 καὶ
3189 5023 3379 5095 βοηθὸν
3409 5018 3681 5093 ἔχοι,πράτ-

2164 5132 2248 5169 τοι
2280 5133 2338 5168 τε
2366 5114 2537 5168 ταῦτα
2579 5114 2720 5186 ειπερ
2750 5115 2898 5185 αὐτῷ
2929 5115 3060 5179 Θεὸς
3104 5114 3363 5185 ἐμϐάλλοι
3392 5115 3455 5184 τῇ
3491 5108 3677 5176 διανοίᾳ.

2178 5208 2313 5260 Ἀλλ’
2346 5207 2376 5258 ὁ
2407 5207 2505 5277 μὲν
2538 5207 2739 5261 ἄϋπνον
2790 5208 3022 5260 ἐποιεῖτο
3054 5206 3155 5278 τὴν
3199 5206 3339 5277 ὑπὲρ
3389 5204 3492 5257 τῶν
3522 5197 3679 5255 κοινῶν

2232 5374 2344 5445 (46)
2380 5375 2728 5445 Θεσσεϐείας
2767 5374 2993 5441 εὐνοίᾳ.
3051 5373 3211 5429 Forte
3256 5371 3577 5427 scribendum
3610 5374 3675 5419 est

2163 5444 2304 5515 eilia:
2314 5444 2506 5515 ρινείᾳ.

2233 5501 2344 5585 (4'7)
2377 5501 2535 5585 yttlg.
2565 5516 2650 5579 εις
2670 5509 3227 5585 ᾥραςάκαρεῖροπῇ.
3243 5509 3416 5585 Codex
3438 5504 3673 5585 ﬁegiuﬁé‘

2233 5529 2344 5585 (41)
2387 5529 2535 5582 vutg.
2565 5529 2650 5579 εις
2670 5529 3163 5581 ωραςακαρειροπ
3211 5529 3416 5566 ,ιροιιθι
3444 5529 3673 5588 [tegimus

2164 5582 2353 5659 ὥρας.-
2372 5583 2563 5659 Scribe
2589 5586 2645 5637 ἐν
2673 5582 2821 5651 ὥρας
2847 5584 3040 5659 ἀκαρεί
3062 5529 3223 5659 ροπῇι,
3251 5595 3308 5659 ut
3352 5582 3403 5632 in
3438 5571 3673 5659 librorllt):

2172 5643 2264 5716 rjui
2289 5643 2354 5704 ad
2388 5654 2681 5720 marginem
2712 5643 3075 5713 etucntlat'utn'
3104 5643 3303 5709 inveni,
3335 5659 3386 5702 et
3409 5649 3497 5720 _sic
3534 5643 3670 5720 cod}?!

2167 5711 2301 5775 Fuk.
2342 5711 2653 5792 Paulo'ante
2685 5736 2780 5790 pro
2801 5721 2911 5775 ἐστ’
2938 5711 3003 5776 ἂν
3037 5721 3163 5792 lego
3183 5723 3262 5785 είς
3289 5720 3363 5773 ὅτ’
3395 5718 3475 5784 ἂν,
3523 5721 3569 5768 ut
3613 5711 3669 5763 lo-

2166 5792 2257 5859 qui
2296 5791 2431 5846 solet
2457 5791 2739 5847 Eusebius.
