3864 6522
137 433 224 490 995

1204 431 1293 487 DE
1330 431 1493 489 VITA
1529 431 1993 488 CONSTANTINI
2029 432 2160 488 LIB.
2202 432 2268 488 11.

1782 40 1835 43 Ἴ-
1870 38 2027 43 --————
2036 38 2287 45 -τ--τ-γῇ

3251 429 3357 489 996

132 555 378 629 φροντίδα,
393 554 456 609 οὐ
481 554 682 624 μᾶλλον
702 552 810 607 τῶν
832 552 1066 616 οἰκείων,
1088 553 1122 623 ἢ
1156 555 1254 626 τῆς
1270 553 1379 607 τῶν
1415 553 1541 607 πολε
1549 553 1673 625 ptiar.

1790 553 2186 610 Constantinus
2212 552 2429 623 quidem
2469 551 2782 624 reipublicae
2819 552 3136 624 pervigilem
3166 568 3351 608 curam

132 645 542 718 ὑπερευχόμενος
566 645 857 717 σωτηρίας.

637 826 1033 880 ΚΕΦΑΛᾹΙΟΝ
1084 827 1185 880 ῐΕ’.

131 917 372 974 Λικινίου
412 917 549 986 περὶ
601 919 807 988 φιλίας
853 917 1075 984 δόλος,
1100 918 1197 972 καὶ
1233 918 1674 987 εἰδωλολατρία.

196 1007 338 1060 Ἐπεὶ
370 1006 416 1059 δ’
448 1010 478 1061 ὁ
514 1007 707 1080 μικρῷ
738 1008 976 1080 πρόσθεν
1005 1009 1216 1078 φυγὰς,
1251 1010 1501 1082 εἰρωνείᾳ
1542 1014 1677 1063 καο-

131 1101 446 1171 υπεκρίνετο,
473 1100 692 1169 φιλικὰς
725 1099 879 1171 αὖθις
905 1101 1200 1156 ἀντιϐολῶν
1240 1102 1560 1156 σπείσασθαι
1599 1102 1685 1155 δε-

133 1164 356 1255 ξιὰς,ἠὶ
382 1164 585 1254 ταύτας
614 1189 761 1261 αὐτῷ
788 1164 1056 1262 ’τέαρὲχειν
1089 1191 1240 1261 ἠξίου
1271 1192 1365 1251 ἐπὶ
1395 1190 1680 1261 συνθηκῶν

130 1283 253 1355 ὅροις
276 1281 558 1352 βιωφελῶς
595 1284 688 1336 καὶ
717 1283 794 1355 τῷ
824 1285 986 1338 παντὶ¹
1010 1282 1301 1347 λυσιτελῶς
1327 1285 1681 1357 προτεινομέ-

130 1392 226 1439 νας.
246 1375 372 1438 Ταῖς
391 1375 494 1445 μὲν
511 1371 604 1439 οὖν
626 1375 916 1448 συνθήκαις
940 1375 1050 1447 (48)
1068 1374 1362 1446 προθύμως
1387 1375 1682 1430 ὑπακούειν

130 1464 414 1537 ὁδηλωθεὶς
448 1467 821 1539 ὑπεκορίζετο,
852 1468 1037 1540 ὅρκοις
1072 1466 1303 1537 βεϐαιῶν
1334 1466 1434 1538 τὴν
1479 1466 1679 1519 πίστιψ

130 1556 362 1627 λαθραίαν
408 1558 455 1610 δ’
483 1554 639 1622 αὖθις
666 1558 900 1613 ὁπλιτῶν
930 1559 1130 1630 συνῆγε
1164 1558 1546 1630 παρασκευήν’
1589 1556 1682 1612 καὶ

133 1648 267 1701 πάλιν
289 1648 528 1720 πολέμου
556 1649 651 1702 καὶ
678 1650 855 1722 μάχης
895 1650 1035 1707 κατῆ
1045 1666 1160 1720 ρχε,
1193 1649 1499 1721 βαρϐάρους
1512 1648 1561 1701 τ’
1588 1648 1681 1702 ἄν-

129 1740 239 1810 δρας
260 1741 575 1795 ἀνεκαλεῖτο
619 1743 955 1814 συμμάχους,
986 1741 1143 1806 θεούς
1166 1759 1225 1795 τε
1252 1740 1431 1812 ζητῶν
1468 1739 1680 1813 περιῄει

131 1830 341 1902 ἐτέρους,
369 1830 447 1896 ὡς
472 1832 538 1885 ἂν
568 1832 661 1886 ἐπὶ
684 1835 798 1897 τοῖς
827 1831 1114 1905 προτέροις
1148 1831 1517 1903 ἡπατημὲνος.
1570 1830 1681 1883 Καὶ

1784 647 2035 717 gerebat,
2073 661 2177 700 non
2208 649 2378 716 magis
2402 661 2502 717 pro
2535 660 2760 702 suorum
2791 661 2952 716 quam
2983 661 3081 716 pro
3113 647 3350 701 hostium

1784 738 1956 793 salute
1988 746 2109 793 vota
2138 737 2366 793 faciens.

2271 827 2430 901 451
2476 826 2708 884 CAPUT
2738 825 2854 882 xv.

1887 917 2082 972 Licinii
2102 920 2350 973 simulata
2378 920 2614 973 amicitia
2637 960 2654 984 ,
2692 932 2739 972 et
2763 918 3026 973 idolorum
3049 917 3243 977 cultus.

1855 1010 2123 1075 Quoniam
2169 1025 2300 1065 vero
2362 1011 2602 1067 Licinius
2647 1002 2739 1079 qui
2781 1009 2942 1079 paulo
2986 1019 3115 1063 ante
3167 1008 3347 1079 fugam

1784 1098 2022 1163 inierat,
2069 1099 2416 1155 simulatione
2452 1108 2612 1154 utens
2637 1138 2653 1164 ,
2690 1100 2886 1153 iterum
2935 1099 3229 1154 amicitiam
3280 1114 3349 1154 ac

1785 1189 1992 1244 fmdera
2042 1193 2293 1246 renovari
2335 1191 2631 1260 poscebat;
2689 1192 2981 1262 imperator
3017 1191 3069 1246 id
3114 1207 3144 1247 e
3188 1208 3353 1263 repu-

1783 1281 1920 1336 blica
1951 1296 2094 1348 esse,
2124 1291 2179 1337 et
2206 1284 2389 1353 generi
2420 1285 2661 1339 humano
2695 1287 3006 1341 conducere
3049 1296 3220 1351 ratus,
3248 1302 3350 1357 pa-

1783 1386 1899 1427 cem
1944 1371 2019 1428 illi
2046 1373 2148 1429 sub
2175 1374 2340 1428 certis
2365 1374 2761 1430 conditionibus
2808 1375 3087 1445 indulgere
3118 1392 3223 1431 non
3262 1393 3351 1432 re-

1782 1464 2013 1519 cusavit.
2033 1464 2110 1518 At
2140 1463 2383 1519 Licinius
2411 1504 2427 1529 ,
2464 1465 2644 1534 specie
2676 1466 2897 1535 quidem
2945 1467 3057 1536 ipsa
3088 1467 3345 1537 ﬁngebat,

1783 1550 1930 1621 leges
1960 1566 2023 1607 se
2074 1552 2307 1610 libenter
2355 1554 2647 1624 amplecti,
2687 1566 2744 1611 et
2791 1555 2949 1612 ﬁdem
3000 1558 3351 1627 jurejurando

1783 1643 2066 1713 ﬁrmabat;
2105 1661 2298 1701 verum
2332 1645 2544 1700 occulte
2590 1646 2880 1702 militarem
2921 1659 3232 1719 apparatum
3267 1650 3355 1703 in.

1783 1735 2061 1802 Struebat,
2089 1746 2255 1807 atque
2293 1739 2491 1794 iterum
2522 1738 2719 1794 bellum
2757 1740 2992 1806 inferre,
3018 1742 3212 1796 iterum
3246 1757 3349 1811 pu-

1784 1841 1945 1897 gnam
1974 1827 2286 1883 instaurare
2332 1829 2722 1885 meditabatur.
2756 1828 2861 1885 Sed
2908 1816 2963 1885 et
2990 1831 3349 1886 barbarorum

131 1920 218 1973 τῶν
246 1921 393 1993 αὐτῷ
418 1921 525 1993 πρὸ
556 1921 751 1993 μικροῦ
804 1902 933 1995 περὶ
957 1902 1094 1976 θεῶν
1121 1902 1506 1993 ὁμιληθέντων,
1532 1921 1673 1975 οὐδε-

1784 1917 1983 1973 auxilia
2015 1920 2253 1989 undique
2284 1921 2675 1991 conquirebat,
2717 1930 2773 1977 et
2806 1936 2978 1977 novos
3003 1923 3352 1994 circumqua-

133 2012 240 2082 μίαν
269 2015 323 2066 ἐν
350 2012 428 2084 νῷ
442 2013 803 2068 κατεϐάλλετο
834 2015 1074 2087 μνήμην,
1104 2013 1227 2067 οὐδὲ
1249 2012 1340 2066 τὸν
1368 2012 1673 2085 ὑπέρμαχοκ

1782 2025 1887 2080 que
1914 2010 2274 2081 investigabat
2313 2013 2443 2068 deos
2475 2031 2488 2068 :
2520 2020 2707 2083 utpote
2734 2029 2763 2067 a
2791 2012 3067 2083 prioribus
3107 2015 3161 2068 in
3203 2012 3353 2067 frau-

131 2103 513 2158 Κωνσταντίνου
538 2105 672 2160 Θεὸν
711 2105 999 2177 γνωρίζειν
1020 2105 1200 2178 ἤθελε,
1222 2104 1439 2169 πλείους
1468 2104 1512 2157 δ’
1534 2102 1673 2175 αὑτᾷ

1782 2103 1902 2157 dem
1938 2104 2207 2160 inductus.
2235 2105 2346 2161 Nec
2391 2106 2653 2161 memoria
2680 2107 3000 2175 repetebat,
3028 2122 3151 2178 qua:
3180 2107 3342 2178 paulo

134 2194 208 2247 καί
234 2197 534 2271 καινότεροι
565 2198 788 2267 γελοίως
816 2196 1193 2271 ἀνεζητοῦντο.

1784 2204 1912 2252 ante
1940 2197 2005 2253 de
2036 2198 2137 2252 diis
2161 2199 2213 2253 in
2246 2199 2507 2255 concione
2533 2199 2786 2261 dixisset,
2825 2213 2924 2255 nec
2942 2200 3108 2256 Deum
3137 2201 3229 2271 qui
3252 2215 3358 2270 pro

134 2287 464 2348 Constantino
518 2305 908 2364 propugnasset
929 2335 946 2361 ,
1010 2310 1308 2366 agnoscere
1369 2294 1584 2357 volebat
1616 2311 1631 2349 :
1664 2292 1759 2348 sed
1791 2292 1959 2348 multo
1987 2293 2170 2363 plures
2199 2309 2264 2350 ac
2310 2296 2643 2351 recentiores
2675 2294 2803 2350 deos
2840 2309 2947 2351 non
2980 2295 3103 2350 sine
3149 2294 3261 2350 risu
3288 2309 3354 2348 ac

139 2382 349 2440 ludibrio
383 2386 555 2457 cmpit
580 2389 922 2459 conquirere.
1022 2440 1047 2460 ,
1218 2443 1224 2449 .

630 2482 1024 2536 ΚΕΦΑΛΑΙΟΝ
1046 2484 1163 2552 ις’.

134 2570 295 2637 Ὅπως
318 2570 406 2641 μὴ
440 2572 864 2659 ἀντιπολεμεῖν
893 2572 974 2638 τῷ
999 2572 1237 2661 σταυρῷ
1252 2573 1516 2640 Λικίνιος
1537 2588 1682 2641 παρ-

526 2660 661 2712 ῃνει
697 2662 819 2710 τοις
851 2659 1254 2712 στρατιώταις.

185 2731 284 2787 Εἶτ’
311 2734 457 2805 ἔργῳ
476 2735 686 2806 μαθὼν,
712 2736 884 2806 ὁπόση
920 2753 1004 2800 τις
1038 2731 1106 2807 ἦν
1132 2735 1284 2807 θεῖκὴ
1316 2736 1409 2789 καὶ
1436 2736 1682 2808 ἀπόρρη-

130 2839 203 2887 τος
216 2826 265 2878 ἐν
284 2826 361 2897 τῷ
383 2826 637 2900 σωτηρίῳ
656 2828 897 2900 τροπαίῳ
914 2828 1158 2898 δύναμις,
1177 2827 1242 2880 δι’
1258 2822 1324 2900 ἧς
1345 2831 1372 2881 ὁ
1391 2830 1680 2881 Κωνσταν-

131 2913 248 2967 τίνου
277 2916 447 2986 ἔμαθε
482 2917 713 2988 στρατὸς
759 2920 1002 2990 κρατεῖν,
1034 2921 1146 2982 τοῖς
1166 2919 1304 2989 ἀμφ’
1330 2918 1493 2972 αὐτὸν
1523 2919 1679 2973 ὁπλί-

130 3021 230 3069 ταις
252 3006 499 3079 παρῄνει,
538 3007 802 3079 μηδαμῶς
824 3005 1129 3073 ἐξεναντίας
1157 3009 1292 3062 ἱέναι
1325 3008 1519 3081 τούτῳ,
1556 3010 1678 3081 μηδ’

2357 2464 2584 2530 CAPUT
2625 2472 2767 2529 XVI.

1780 2568 2053 2635 Quomodo
2084 2567 2322 2622 Licinius
2353 2568 2606 2620 militibus
2627 2546 2952 2634 prwcep‘ertt,
2998 2581 3063 2620 ne
3100 2564 3354 2618 adversus

2084 2639 2257 2693 crucis
2279 2638 2488 2707 signum
2510 2638 2762 2705 impetum
2789 2639 3039 2704 facerent.

1844 2729 2090 2786 Posthtec
2112 2745 2236 2786 cum
2266 2731 2440 2799 reipsa
2472 2729 2751 2784 didicisset
2778 2743 3035 2783 arcanam
3054 2725 3346 2797 quamdam

1777 2836 1842 2876 ac
1869 2823 2108 2876 divinam
2157 2820 2457 2891 potentiam
2514 2820 2844 2875 in-salutari
2894 2827 3096 2887 tropaeo
3145 2817 3350 2880 inesse,

1780 2913 1938 2983 cuius
1967 2928 2070 2984 ope
2116 2902 2461 2969 Constantini
2507 2912 2784 2967 exercitus
2811 2910 3095 2967 victoriam
3143 2911 3353 2965 referre

1781 3007 2187 3073 consuevisset;
2218 3005 2419 3061 milites
2448 3020 2576 3060 suos
2604 3005 2902 3069 admonuit,
2936 3018 3006 3058 ne
3024 3018 3093 3058 ex
3116 3002 3355 3057 adverso

132 3093 191 3157 ὡς
217 3095 415 3168 ἔτυχεν,
456 3097 878 3170 ἀπερισκέπτως
907 3097 1014 3168 (49)
1039 3099 1170 3170 ὁρᾷν
1194 3098 1280 3151 ἐπ’
1309 3098 1475 3170 αὐτῷ·
1509 3098 1673 3153 δεινὸν

1782 3100 1854 3154 ili
1892 3099 2370 3162 congrederentur,
2391 3112 2524 3152 neve
2554 3097 2605 3151 in
2640 3097 2770 3151 illud
2798 3105 3002 3151 temere
3032 3110 3096 3150 ac
3124 3092 3355 3148 fortuito

131 3185 217 3257 γὰρ
254 3182 591 3258 εἷναιξίσχὺῖ,
642 3187 789 3259 αὐτῷ
815 3205 874 3240 τε
904 3186 1095 3260 ἐχθρὸν
1126 3188 1220 3241 καὶ
1268 3187 1542 3260 πολέμιον’
1598 3188 1673 3241 διδ

1780 3188 1966 3245 oculos
1998 3189 2353 3260 conjicerent.
2375 3188 2593 3257 Quippe
2631 3187 2762 3241 illud
2798 3187 3011 3254 signum
3042 3184 3353 3239 incredibili

131 3275 297 3345 χρῆναι
347 3276 714 3347 φυλάττεσθαι
747 3276 845 3350 τὴν
875 3277 1011 3349 πρὸς
1040 3277 1172 3331 αὐτὸ
1225 3277 1520 3350 συμϐολήν.
1565 3279 1673 3332 Καὶ

1780 3282 1831 3336 vi
1864 3280 2064 3351 pollere
2087 3323 2104 3349 ,
2130 3295 2196 3336 ac
2223 3279 2329 3336 sibi
2377 3279 2635 3349 privatim
2665 3276 2924 3333 infestum
2956 3277 3355 3344 adversumqne

129 3364 179 3435 δὴ
194 3368 350 3421 ταῦτα
371 3367 790 3441 συνταξάμενος,
816 3367 894 3440 τῷ
921 3368 1008 3422 διὰ
1027 3367 1432 3443 φιλανθρωπίαν
1464 3369 1682 3424 ὀκνοῦν-

129 3472 170 3507 τι
193 3460 277 3513 καὶ
300 3460 389 3515 τὸν
420 3461 542 3514 κατ’
573 3459 738 3514 αὐτοῦ
774 3460 1000 3514 θάνατον
1045 3460 1482 3531 ἀναδαλλομένῳ,
1530 3460 1679 3534 μάχῃ

132 3549 391 3619 συμϐαλεῖν
434 3552 681 3627 ὡρμᾶτο.
725 3551 844 3605 Οἵδε
887 3552 983 3623 μὲν
1020 3548 1114 3606 οὖν
1136 3551 1505 3624 πολυπληθείᾳ
1541 3552 1677 3605 θεῶν

132 3635 444 3709 θαρροῦντες,
479 3644 578 3697 σὺν
602 3641 770 3714 πολλῇ
801 3642 1026 3711 δυνάμει
1054 3643 1233 3716 χειρὸς
1282 3642 1677 3714 στρατιωτικῆς

130 3729 357 3802 ἐπῄεσαν,
390 3735 602 3807 νεκρῶν
635 3735 829 3799 εἴδωλα
847 3734 1115 3788 θανόντων
1156 3736 1213 3787 ὲν
1245 3734 1471 3805 ἀψύχοις
1501 3734 1674 3803 ἁγάλ-

135 3838 241 3889 μασι
264 3825 714 3898 προϐεϐλημένοι.
753 3828 809 3882 '0
839 3827 885 3880 δ’
911 3826 1191 3891 εὐσεϐείας
1212 3825 1419 3897 θώρακι
1448 3842 1676 3897 mpm"

133 3914 426 3984 φραγμὲνος,
451 3916 514 3969 τὸ
541 3916 805 3987 σωτήριον
832 3916 926 3969 καλ⁵
940 3915 1199 3980 ζωοποιὸν
1233 3917 1474 3986 σημεῖον,
1488 3913 1676 3986 ὥσπερ

130 4016 174 4053 τι
201 4004 451 4080 φόϐητρον
484 4007 580 4061 καὶ
616 4006 803 4060 κακῶν
834 4008 1185 4078 ἀμυντήριον,
1219 4004 1297 4077 τῷ
1326 4005 1515 4078 πλήθει
1568 4004 1677 4059 τῶν

133 4092 354 4159 ἐναντίων
407 4085 732 4170 παρέταττε.
776 4100 888 4152 Καὶ
929 4098 1062 4162 τέως
1103 4098 1201 4170 μὲν
1248 4101 1454 4169 ἐπεῖχε,
1508 4097 1679 4168 φειδοῖ

130 4184 375 4256 χρώμενος
416 4188 486 4244 τὰ
537 4188 748 4260 πρῶτα,
777 4189 853 4253 ὡς
878 4190 944 4244 ἂν
973 4190 1047 4262 μὴ
1082 4190 1344 4262 πρότερος
1381 4190 1667 4262 κατάρχοι,

130 4274 218 4330 τῶν
245 4281 366 4351 περὶ
388 4274 465 4336 ὧν
489 4282 756 4354 πεποίητο
789 4280 1071 4353 συνθηκῶν
1092 4281 1287 4335 ἕνεκα.

1784 3388 1907 3429 esse
1950 3372 2169 3438 aiebat,
2206 3381 2371 3442 atque
2397 3370 2601 3426 idcirco
2632 3368 2933 3425 cavendum
2959 3380 3081 3424 esse
3103 3406 3120 3433 ,
3153 3380 3223 3422 ne
3252 3366 3353 3420 ad-
3396 3390 3403 3399 -
3461 3395 3464 3399 ~

1783 3480 1973 3521 versus
2005 3466 2181 3536 ipsum
2226 3478 2406 3533 pugna
2448 3462 2701 3519 iniretur.
2730 3460 2828 3517 His
2870 3461 2947 3515 ita
2992 3459 3351 3530 compositis,

1780 3558 2044 3613 adversus
2075 3557 2224 3613 illum
2251 3557 2344 3627 qui
2374 3570 2474 3627 pro
2497 3555 2684 3611 inuata
2733 3553 3018 3609 clementia
3047 3551 3351 3607 cunctaba-

1782 3657 1888 3717 tur,
1918 3657 1972 3704 et
2000 3649 2093 3717 qui
2123 3648 2416 3703 imminens
2439 3647 2544 3715 ipsi
2575 3645 2803 3700 exitium
2840 3644 3130 3700 differebat
3151 3682 3168 3708 ,
3200 3657 3352 3713 pra:-

1777 3740 1895 3794 liari
1927 3738 2228 3795 constituit.
2260 3737 2329 3793 Et
2350 3735 2614 3792 Liciniani
2647 3735 2890 3805 quidem,
2914 3734 3138 3789 deorum
3160 3730 3347 3786 multi-
3454 3734 3461 3737 ‘

1778 3831 1964 3886 tudine
1989 3830 2201 3897 conﬁsi,
2239 3844 2361 3886 cum
2394 3831 2703 3904 ingentibus
2732 3829 2902 3900 t~0piis
2926 3823 3351 3897 progredieban-

1777 3932 1899 3989 tur,
1937 3923 2125 3979 nescio
2151 3938 2271 3994 qua:
2304 3933 2647 3979 mortuorum
2701 3920 2995 3978 simulacra
3041 3926 3099 3973 et
3138 3924 3349 3970 statuas

1778 4013 2049 4071 inanimes
2082 4015 2320 4086 praesidii
2345 4030 2509 4072 causa
2548 4014 2921 4086 praeferentes.
2959 4007 3350 4067 Constantinus

1778 4120 1909 4162 vero
1937 4105 2157 4176 pietatis
2186 4106 2352 4163 lorica
2382 4116 2690 4174 contectus,
2713 4104 2959 4162 salutare
2984 4110 3040 4157 et
3071 4099 3346 4154 viviﬁcum

1776 4196 1955 4252 crucis
1987 4197 2226 4269 signum,
2268 4198 2417 4255 velut
2453 4199 2958 4255 terriculamentum
2985 4192 3257 4262 quoddam
3292 4196 3347 4241 et

1775 4288 2211 4356 potentissimum
2262 4289 2331 4344 ad
2379 4287 2699 4358 depellenda
2732 4283 2873 4340 mala
2907 4280 3301 4335 munimentum
3324 4310 3344 4336 ,

134 4367 335 4427 hostium
368 4376 697 4431 multitudini
734 4374 955 4446 objecit.
1000 4375 1079 4430 Ac
1124 4375 1389 4446 principio
1438 4376 1656 4447 quidem
1691 4383 2015 4449 sustinebat,
2064 4398 2295 4454 parcens
2344 4384 2563 4439 interim
2611 4381 2779 4448 ferro,
2804 4393 2872 4435 ne
2899 4377 3176 4434 videretur
3197 4369 3345 4451 orior

133 4478 330 4537 pugnam
377 4471 567 4529 iniisse
592 4512 611 4539 ,
646 4472 808 4541 idque
837 4474 908 4527 ob
935 4470 1199 4527 faederum
1225 4487 1344 4542 quae
1388 4474 1665 4544 pepigerat
1695 4476 2015 4549 religionem

620 4568 1018 4622 ΚΕΦΑΛᾹΙΟΝ
1048 4566 1147 4624 ΙΖ’.

548 4661 702 4728 Νίκη
729 4662 1208 4716 Κωνσταντίνου.
1314 4654 1320 4661 ’

198 4745 331 4810 Ὢςδ
361 4750 635 4821 ὲτιιμόνως
657 4749 883 4821 ἔχοντας
914 4751 1040 4814 τοὺς
1071 4752 1446 4816 ὑπεναντιους,
1472 4752 1571 4825 ἤδη
1606 4752 1665 4806 δὲ

137 4831 276 4904 ξιφῶν
303 4842 633 4915 ἁπτομένους
676 4841 840 4914 ἐώρα,
879 4844 1180 4915 τηνικαῦτα
1207 4846 1667 4915 διαγανακτήσας,

136 4922 216 4998 βοῇ
240 4946 293 4983 τε
341 4936 436 5005 μιᾷ
460 4935 554 4988 καὶ
606 4936 746 5006 ῥοπῇ
777 4934 886 5008 (5m
917 4935 1097 4989 πᾶσαν
1150 4936 1247 5007 τὴν
1284 4936 1392 4990 τῶν
1415 4935 1671 4989 ἐναντίων

193 5081 291 5160 (ιβ)
322 5091 448 5157 Ταῖς
472 5090 593 5160 μὲν
611 5085 727 5145 οὖν
751 5092 1105 5159 συνθήκαις.
1141 5091 1299 5147 Pacis
1327 5092 1664 5149 conditiones

134 5150 209 5231 Eae
231 5150 537 5231 fuerunt-[ut
570 5160 814 5215 Licinius
845 5150 1075 5231 quidem
1115 5162 1419 5227 Orientem,
1451 5160 1659 5224 Asiam.

135 5219 409 5303 Thraciam,
430 5219 675 5286 Moesiam
701 5245 766 5285 ac
802 5219 1062 5303 minorem
1084 5231 1376 5303 Scythiam
1404 5219 1664 5303 posside;

135 5300 204 5343 ret
218 5309 241 5374 ;.
259 5296 510 5355 Dardania
544 5314 680 5355 vero
707 5308 768 5374 et
813 5300 1139 5374 Macedonia»
1165 5296 1489 5374 'et_Acbaia,
1523 5301 1664 5374 Pan-

135 5369 273 5445 nonia
304 5383 509 5445 quoque
556 5385 680 5425 cum
705 5369 894 5425 Moesia
927 5380 983 5445 e_t
1017 5372 1175 5445 Dacia
1210 5370 1548 5445 Constantini
1580 5372 1664 5426 di-

137 5434 248 5486 tioni
269 5434 595 5504 accederent,
616 5447 914 5495 utnarrant
941 5440 1188 5495 Zosimus
1224 5449 1279 5495 et
1327 5441 1662 5497 Sozomeuus

137 5510 182 5550 ει
200 5516 374 5578 auctor
398 5518 781 5578 excerptorum
805 5512 871 5563 de
901 5508 1074 5565 Gestis
1101 5512 1458 5567 Constantini.

194 5570 795 5654 (ιθλἏιτεριο-ιὶέπτως.
832 5578 889 5633 In
906 5580 1133 5654 _sched_is
1168 5580 1350 5650 Regiis
1369 5581 1659 5654 ἀπεριὸλὲο

140 5654 264 5720 ﬁt»;
299 5645 506 5720 legitur,
546 5650 1011 5720 quomodo_eliam
1057 5645 1356 5720 Turnebus
1389 5652 1457 5720 ad
1482 5645 1655 5708 'oram

141 5716 209 5761 sui
232 5716 417 5772 codicis
444 5716 784 5774 emendat-at.
821 5718 898 5772 Ita
923 5720 1087 5774 etiam
1115 5719 1285 5774 codex
1315 5718 1481 5774 Fuk.’

2243 4574 2406 4649 452
2446 4572 2673 4632 CAPUT
2704 4569 2871 4627 xvu.

2257 4668 2596 4724 Constantini
2616 4665 2858 4721 victoria.

1845 4755 1952 4813 Sed
1979 4768 2329 4828 posteaquam
2358 4760 2544 4814 hostes
2560 4757 2844 4813 obstinato
2872 4751 3054 4807 animo
3076 4754 3344 4818 perstare,

1771 4842 1990 4915 iamque
2015 4847 2222 4918 gladios
2261 4848 2593 4919 distringere
2635 4841 3022 4900 animadvertit
3051 4880 3066 4904 ,
3097 4837 3343 4906 indigna-

1778 4934 1925 4989 tione
1951 4946 2253 4992 commotus
2281 4980 2295 5002 ,
2326 4937 2444 4993 solo
2470 4938 2706 4993 clamore
2728 4951 2792 4991 ac
2814 4932 3052 4989 minimo
3086 4926 3343 4998 temporis

1767 5093 1892 5150 Sav.
1921 5091 2091 5147 Porro
2113 5095 2228 5150 haec
2251 5094 2484 5162 insignis
2521 5092 2863 5150 Constantini
2895 5093 3122 5148 victoria
3162 5092 3345 5162 conti.

1765 5165 1848 5233 git
1896 5163 2087 5233 Crispo
2132 5173 2217 5220 ter
2244 5174 2301 5220 et
2334 5160 2695 5219 Constantino
2746 5173 2829 5217 ter
2866 5178 3057 5233 coss.._
3082 5177 3112 5212 v
3155 5160 3343 5233 Nonas

1763 5228 1958 5297 Iulias,
1982 5228 2137 5301 juxta
2159 5234 2591 5303 Adrianopolim,
2610 5245 2669 5287 ut
2705 5233 2905 5303 legitur
2933 5235 2984 5285 in
3008 5229 3190 5303 Fastis
3220 5228 3341 5280 Ida-

1764 5304 1846 5357 tii.
1875 5306 1946 5358 At
1980 5304 2253 5358 Bamnius
2309 5301 2414 5358 hoe
2471 5304 2716 5372 praelium
2766 5301 3335 5372 _Adrianopolitanutn

1765 5373 1978 5429 confert
2008 5374 2312 5427 in.annum
2355 5371 2557 5428 Christi
2605 5372 2732 5437 518,
2782 5388 2889 5441 quo
2920 5371 3163 5426 Licinius
3206 5382 3236 5419 ν
3282 5379 3340 5420 et

1764 5443 1988 5516 Crispus
2015 5458 2156 5516 coss.
2183 5443 2352 5516 fuere.
2384 5443 2555 5516 Cujus
2582 5445 2906 5516 sententiam
2937 5444 3339 5516 hisargumen-

1760 5513 1829 5567 tis
1854 5511 1919 5567 ac
1951 5514 2273 5568 testimOniis
2313 5513 2640 5581 optimorum
2687 5514 3008 5581 scriptorum
3057 5511 3336 5581 subverti-

1758 5598 1900 5637 mus.
1933 5582 2148 5637 Primus
2172 5593 2256 5637 est
2282 5577 2503 5646 Idatitts,
2535 5584 2625 5652 qui
2653 5583 2705 5635 in
2733 5577 2914 5652 Fastis
2959 5582 3032 5634 ita
3079 5577 3270 5652 scribit
3315 5593 3330 5629 :

1762 5669 1784 5705 ι
1817 5652 2009 5721 Crispo
2032 5668 2090 5708 ιιι
2116 5662 2170 5707 et
2190 5647 2633 5721 Cunstantino'm
2684 5667 2826 5706 coss.
2853 5651 2951 5705 His
2972 5647 3333 5721 coss.be_i_|utn

1754 5716 2300 5792 Adrianopolitanum
2320 5722 2408 5776 die
2423 5737 2456 5775 ν
2478 5719 2855 5792 Νοιιιιειιιηιιε,
2872 5732 2926 5774 et
2951 5720 3148 5775 bellum
3166 5716 3331 5792 Chal-

197 5781 493 5861 (5A0)‘Vulg.,
519 5788 646 5861 Βοῇ
679 5805 741 5842 τε
766 5787 874 5857 μιᾷ
902 5787 1084 5859 ῥοπῇ.
1124 5788 1483 5861 Scribeudum
1509 5792 1658 5847 vide—
1756 5781 2063 5847 cedonense
2089 5794 2300 5847 decimo
2326 5801 2523 5861 quarto
2552 5791 2821 5847 Kalendas
2846 5781 3137 5845 Octobres.
3164 5807 3183 5839 ι
3218 5786 3328 5861 Ea:

130 5850 314 5928 ίιιιΐβόῇ
342 5874 399 5911 τε
418 5850 527 5931 μιᾷ
555 5850 648 5913 κάὶ
881 5850 1059 5932 Atque
1086 5862 1161 5917 ita
1200 5861 1369 5918 codex
1420 5860 1555 5918 Fuk.
1604 5873 1659 5918 et

1758 5862 1880 5917 dem
1921 5866 2079 5920 verba
2112 5856 2364 5933 leguntur
2412 5863 2464 5918 in
2507 5861 2764 5917 Chronica
2802 5861 3189 5927 Alexandrino,
3231 5856 3332 5912 sed
