3864 6504
458 316 467 325 ι
515 371 625 429 999
1215 362 1482 423 EUSEBII
1519 359 1995 419 CESARIENSIS
2032 358 2182 417 OPP.
2226 358 2408 414 PARS
2443 357 2484 414 l.
2524 389 2593 400 ——
2630 359 3021 415 HISTORICA.
3582 366 3695 426 N00

515 487 658 559 giam
708 483 765 539 in
822 481 1102 539 retinenda
1147 480 1409 549 religione
1460 476 1825 533 constantiam
1872 477 2041 534 honor

2176 475 2274 538 τὰς
2301 476 2476 537 οἰκίας
2508 473 2935 543 ἀπολαμϐάνειν,
2966 475 3059 527 καὶ
3077 473 3392 546 διαπρέπειν
3411 479 3514 540 τοῖς
3535 482 3696 552 πρστέ-

515 575 720 630 militiae
748 574 964 645 spoliati
991 580 1149 629 erant
1173 610 1189 637 ,
1231 585 1322 625 eos
1379 569 1727 638 imperatoris
1758 567 2041 622 tnnniﬁcon

2184 585 2295 638 ροις
2328 565 2507 619 αὐτῶν
2552 564 2875 637 ἀξιώμασιν,
2929 567 2963 637 ἢ
2999 567 3325 635 ἀγαπῶντας
3370 568 3456 621 τὸν
3482 562 3696 647 ἐὐσταλη

514 668 590 721 tia
627 666 695 721 ab
730 666 830 721 hac
858 663 1155 736 ignominia
1188 663 1504 727 revocavit;
1555 662 1794 730 ipsorum
1844 660 2035 714 arbitri

2181 657 2315 727 βίον,
2359 658 2572 711 πάντων
2598 656 2883 729 λειτουργη
2893 658 3074 728 μάτων
3103 658 3530 730 ἀνεπηρεάστους
3556 662 3698 717 διατε-

513 773 577 810 ac
608 757 866 811 voluntati
914 756 1235 826 permittens
1257 796 1275 821 ,
1309 764 1367 809 ut
1404 753 1488 808 vel
1519 752 1738 823 propria
1784 765 2039 820 recupera

2177 749 2308 801 λε’ῑν·
2342 747 2437 802 καὶ
2468 750 2595 812 τοὺς
2633 749 2963 817 γυναικείοις
2988 749 3030 802 δ’
3078 748 3259 821 ἔργοις
3320 751 3426 822 (58)
3467 754 3544 822 ἐφ’
3571 753 3696 827 ῦδρει

513 855 635 902 rent
661 844 870 911 oliicia,
907 858 962 901 et
1006 845 1235 915 pristino
1266 844 1488 901 honoris
1526 845 1694 913 gradu
1730 842 2039 896 fruerentur

2177 839 2271 891 καὶ
2307 836 2498 911 ἀτιμίᾳ
2523 838 2787 894 δουλεύειν
2819 840 3125 912 κριθέντας,
3158 840 3360 911 ὁμοίως
3386 846 3493 907 τοῖς
3529 844 3696 910 λοιποῖς

513 938 596 991 vel
643 938 685 991 si
716 937 955 1006 quietam
989 937 1158 991 vitam
1187 935 1383 1001 degere
1422 934 1646 990 mallent
1668 974 1684 998 ,
1718 934 1786 988 ab
1827 931 2039 987 omnibu

989 937 1158 991 vitam
1187 935 1383 1001 degere
1422 934 1684 998 mallent,
1718 934 1786 988 ab
1827 931 2076 987 omnibus
2179 931 2492 1004 ἠλευθέρου.

513 1027 765 1097 deinceps
828 1026 1192 1081 functionibus
1256 1025 1525 1080 immunes
1589 1030 1988 1093 permanerent.
2053 1021 2297 1092 Denique
2352 1032 2616 1091 quotquot
2663 1024 2972 1095 ignominia:
3019 1040 3176 1080 causa
3240 1026 3487 1097 gynaciis
3530 1031 3697 1086 manci-

513 1121 623 1190 pati
664 1120 916 1186 fuerant,
943 1136 1039 1175 eos
1076 1119 1370 1190 imperator
1413 1118 1637 1184 perinde
1683 1132 1746 1171 ac
1798 1125 2044 1180 caeteros,
2073 1113 2320 1169 libertate
2346 1115 2564 1169 donavit

998 1232 1163 1306 454
1188 1231 1416 1287 CAPUT
1449 1230 1587 1287 χχι.

2670 1228 3062 1284 ΚΕΦΑΛΑΙΟΝ
3118 1228 3249 1284 KA'.

515 1326 787 1394 Quomodo
823 1327 983 1381 etiam
1021 1341 1117 1395 pro
1154 1322 1473 1395 martyribus
1498 1333 1561 1395 Aet
1589 1338 1685 1393 pro
1736 1321 2041 1376 ecclesiarum

2181 1318 2379 1385 Ὅπως
2428 1320 2525 1373 καὶ
2570 1319 2703 1387 περὶ
2744 1322 3059 1395 μαρτύρων
3097 1322 3194 1376 καὶ
3224 1322 3695 1388 ἐκκλησιαστικὼ-

1002 1389 1215 1465 praediis
1258 1389 1393 1460 liges
1432 1392 1572 1446 tulit.
1590 1389 1599 1393 ⁷

1596 1389 1599 1392 ⁷
2792 1389 3122 1459 κτημάτων.

585 1486 647 1540 Ει
682 1487 797 1542 inec
845 1486 1065 1557 quidem
1111 1485 1178 1539 de
1215 1482 1284 1537 iis
1331 1482 1420 1553 qui
1453 1483 1549 1537 ista
1587 1482 1826 1553 perpessi
1867 1491 2069 1547 essent,

2247 1477 2356 1530 Καὶ
2404 1477 2573 1531 ταῦτα
2631 1479 2728 1550 μὲν
2760 1480 2890 1550 περὶ
2914 1479 3020 1533 τῶν
3060 1479 3213 1533 ταῦθ’
3250 1480 3626 1549 ὑπομεινάντων
3667 1484 3693 1553 ἡ

512 1578 808 1650 imperator
833 1578 1052 1648 scriptis
1087 1576 1299 1645 legibus
1330 1576 1635 1631 constituit.
1679 1577 1755 1630 De
1783 1575 1939 1631 bonis
1975 1590 2038 1628 au

2174 1566 2435 1637 βασιλέως
2477 1570 2781 1642 ἐνομοθέτει
2831 1572 3036 1643 γραφή.
3075 1572 3212 1642 Περὶ
3247 1571 3303 1624 δὲ
3332 1572 3426 1642 τῆς
3457 1572 3696 1643 ὑπάρξεως

511 1678 618 1723 tem
653 1684 882 1735 eorum,
934 1670 1051 1738 lege
1100 1668 1441 1735 imperatoris
1490 1667 1805 1736 plenissime
1856 1674 2037 1720 cautur

2178 1661 2354 1714 αὐτῶν
2387 1662 2614 1726 ἐντελῶς
2640 1663 2918 1736 διηγόρευε
2962 1662 3142 1734 νόμος.
3185 1662 3306 1717 Τῶν
3341 1680 3402 1715 τε
3433 1666 3532 1734 γὰρ
3558 1664 3696 1730 ἁγίων

510 1767 615 1816 est.
641 1757 775 1813 Nam
805 1768 1116 1814 sanctorum
1151 1758 1241 1811 Dei
1262 1767 1554 1827 martyrum
1585 1758 1722 1811 bona
1753 1758 1843 1827 qni
1879 1758 1932 1811 in
1959 1758 2036 1827 ips

2175 1752 2268 1805 τοῦ
2297 1751 2431 1805 Θεοῦ
2482 1753 2771 1826 μαρτύρων
2816 1755 2925 1810 τῶν
2961 1757 3016 1808 ὲν
3062 1754 3320 1826 ὁμολογίᾳ
3360 1753 3453 1825 τὴν
3485 1754 3698 1822 τελευτὴν

513 1850 857 1905 confessione
888 1856 1115 1903 mortem
1144 1848 1409 1904 obiissent
1433 1891 1450 1911 .
1480 1849 1545 1901 ad
1575 1849 1853 1917 proximos
1885 1864 2039 1904 eorur

2173 1843 2524 1915 ἀποθεμένων
2549 1845 2641 1898 τοῦ
2666 1844 2805 1917 βίου,
2831 1847 2929 1910 τάς
2956 1846 3142 1910 οὐσίας
3158 1844 3373 1899 ἐκέλευε
3399 1845 3518 1908 τοὺς
3540 1843 3607 1914 τῷ
3621 1844 3697 1911 γέ-

512 1940 723 1996 devolvi
748 1941 931 2007 jussit.
964 1938 1115 2006 Quod
1146 1939 1191 1994 si
1225 1940 1403 1995 nullus
1433 1956 1629 2010 genere
1671 1939 1807 2009 ipsis
1846 1939 2038 2009 conjun

2172 1951 2251 1987 νει
2280 1936 2651 2005 προσήκοντας
2681 1936 3110 2009 ἀπολαμϐάνειν,
3144 1939 3192 1990 εί
3218 1936 3275 1990 δὲ
3304 1935 3379 2007 μὴ
3410 1933 3593 1988 τούτων
3633 1952 3696 1998 τις

511 2038 633 2086 ctus
685 2032 971 2100 reperitur,
1026 2031 1395 2085 baareditatem
1457 2046 1638 2084 eorum
1690 2032 1933 2087 ecclesiis
1978 2031 2037 2086 de

2172 2024 2279 2097 εἴη,
2297 2026 2394 2091 τὰς
2414 2026 2706 2098 ἐκκλησίας
2735 2028 3086 2099 ὑποδέχεσθαι
3107 2028 3232 2091 τοὺς
3257 2027 3357 2098 κλή
3368 2044 3503 2097 ρους.
3535 2026 3629 2079 Καὶ
3646 2024 3697 2078 τὰ

513 2121 663 2177 ferri.
694 2120 842 2176 Bona
874 2122 1001 2176 item
1032 2137 1150 2191 quae
1188 2136 1253 2175 ex
1291 2121 1419 2175 llsco
1443 2121 1528 2175 vel
1559 2136 1656 2191 per
1681 2121 2039 2178 venditionem

2171 2118 2236 2172 ὲκ
2262 2119 2485 2189 ταμείου
2508 2118 2563 2173 δὲ
2585 2120 2843 2191 πρότερον
2863 2120 3069 2193 ἑτέροις
3091 2120 3124 2193 ἢ
3143 2119 3284 2175 κατὰ
3305 2121 3517 2191 πρᾶσιν,
3540 2117 3696 2188 ἢκατὰ

510 2214 596 2267 vel
630 2228 725 2282 per
754 2214 1099 2268 donationem
1131 2212 1195 2267 ad
1224 2212 1358 2267 alios
1398 2213 1657 2268 translata
1690 2212 1938 2279 fuerant;
1980 2229 2036 2268 au

2170 2208 2379 2281 δωρεὰν
2409 2211 2782 2281 ἐκποιηθέντα,
2822 2211 2893 2265 τά
2940 2214 2987 2264 τ’
3013 2213 3071 2265 ὲν
3114 2210 3264 2282 αὐτῷ
3308 2208 3692 2280 καταληφθέντα,

510 2320 629 2376 quae
680 2320 842 2375 penes
889 2304 1074 2360 fiscum
1119 2313 1536 2369 remanserant,
1580 2305 1813 2359 dominis
1862 2308 2036 2361 restiti

2171 2302 2251 2364 είς
2273 2302 2514 2355 τούπίσω
2568 2303 2867 2373 προσήκειν
2896 2305 3009 2367 τοῖς
3048 2302 3337 2365 δεσπόταις
3371 2301 3692 2362 ἀποδίδοσθαι,

511 2396 730 2461 debere,
762 2396 1111 2464 indulgentiae
1138 2395 1430 2465 imperialis
1456 2395 1675 2465 epistola
1702 2397 2037 2466 praecipiebal

2170 2389 2232 2444 τὸ
2266 2391 2367 2460 τῆς
2387 2391 2593 2464 δωρεᾶς
2618 2392 2853 2463 γράμμα
2878 2391 3232 2446 διεκελεύετο.
3267 2390 3511 2445 Τοσαῦτα
3544 2390 3693 2460 μὲντῇ

510 2483 578 2539 Ει
627 2483 933 2553 bujusmodi
976 2485 1191 2553 quidem
1242 2484 1501 2539 beneficia
1552 2485 1603 2539 in
1634 2485 1932 2540 Ecclesium
1976 2485 2036 2540 Dt

2184 2480 2476 2553 Ἐκκλησία
2503 2480 2599 2534 τοῦ
2635 2480 2768 2534 Θεοῦ
2793 2483 2849 2534 αἱ
2876 2479 3354 2552 καταπεμφθεῖσαι
3378 2479 3564 2551 δωρεαὶ
3591 2495 3697 2550 παρ-

511 2572 741 2626 contulit
788 2572 1094 2643 benignitas
1138 2572 1440 2643 principis,
1492 2573 1699 2645 legibus
1738 2589 1838 2645 per
1881 2590 2075 2631 omnes
2172 2573 2338 2643 εἶχον.

511 2661 817 2732 provincias
846 2663 1057 2718 missis.

1071 2773 1302 2830 CAPUT
1348 2772 1513 2829 XXII.

2677 2773 3068 2827 ΚΕΦΑΛΑῙΟΝ
3098 2773 3227 2827 ΚΒ’.

760 2863 1031 2929 Quomodo
1054 2866 1210 2919 etiam
1247 2865 1468 2935 populos
1501 2867 1825 2922 recreaverit.

2370 2864 2559 2930 Ὅκως
2596 2863 2696 2919 καὶ
2724 2864 2865 2932 τοὺς
2891 2864 3117 2934 δήμους
3151 2864 3537 2930 ἀνεκτήσατο.

582 2954 801 3025 Populis
829 2968 960 3009 vero
1003 2970 1036 3009 a
1072 2955 1177 3010 fide
1228 2965 1415 3011 nostra
1467 2956 1662 3011 alienis
1704 2965 1759 3012 et
1802 2957 2072 3012 universis

2239 2954 2442 3027 Δήμοις
2468 2972 2529 3009 τε
2550 2958 2663 3019 τοῖς
2691 2956 2847 3020 ἐκτὸς
2880 2956 2990 3027 (59)
3015 2956 3109 3009 καὶ¹
3143 2958 3307 3009 πᾶσιν
3322 2956 3511 3017 ἔθνεσι,
3530 2952 3698 3007 τούτων

509 3048 826 3119 provinciis,
854 3047 1023 3103 multo
1049 3047 1201 3117 plura
1227 3062 1292 3103 ac
1323 3046 1528 3117 majora
1557 3048 1774 3104 donavit
1808 3048 2035 3119 principi

2173 3046 2332 3118 ιτερα
2366 3046 2766 3118 ὑπερϐάλλοντα
2789 3046 2866 3117 τῷ
2904 3046 3113 3117 πλήθει,
3142 3048 3176 3117 ἡ
3205 3047 3464 3117 βασιλέως
3488 3045 3699 3117 ἐδωρεῖτο

512 3139 900 3196 munificentia.
955 3137 1199 3193 Proinde
1233 3152 1422 3194 omnes
1473 3150 1780 3194 nostrarum
1833 3141 2038 3210 partiun

2174 3138 2566 3215 μεγαλοίῂυχία.
2610 3139 2724 3208 Ἐφ’
2760 3134 2843 3202 οἷς
2868 3139 3104 3202 ἅπαντες
3128 3140 3176 3191 οί
3210 3138 3332 3191 καθ’
3362 3140 3523 3209 ἡμᾶς,
3553 3138 3640 3191 ὅσα
3652 3135 3699 3188 τὸ

512 3231 722 3296 incolat,
749 3231 846 3313 qui
882 3232 1032 3301 prius
1081 3232 1365 3287 audientes
1392 3247 1456 3285 ea
1485 3245 1605 3301 quae
1637 3232 1691 3286 in
1724 3232 1891 3287 altera
1918 3243 2038 3303 part

2175 3230 2302 3301 πρὶν
2327 3228 2439 3301 (60)
2461 3229 2596 3301 ἀκοῇ
2617 3229 3005 3301 πυνθανόμενοι
3026 3230 3084 3282 ἐν
3101 3228 3310 3311 θατέρῳ
3328 3229 3393 3297 μέ
3402 3246 3479 3301 ρει
3494 3228 3579 3299 τῆς
3596 3228 3701 3284 Ῥω-

511 3320 720 3390 imperii
772 3319 1000 3375 Romani
1050 3330 1414 3391 gererentur,
1465 3321 1656 3378 beatos
1708 3324 2037 3392 praedicabat]

2176 3320 2347 3392 μαίων
2370 3320 2543 3392 ἀρχῆς
2560 3320 2875 3391 γιγνόμενα,
2901 3320 3027 3385 τοὺς
3051 3316 3109 3374 εὖ
3135 3321 3441 3390 πάσχοντας
3472 3319 3697 3391 ἐμακάρι-

510 3408 633 3465 illos
658 3410 749 3478 qui
778 3411 943 3465 tantis
968 3409 1307 3466 adicerentur
1332 3411 1645 3479 beneﬁciis;
1672 3422 1726 3467 et
1752 3414 1843 3482 qui
1873 3414 2036 3468 arden

2173 3411 2283 3477 ζον,
2331 3412 2494 3482 εὐχὴν
2521 3412 2789 3483 τιθέμενοι
2816 3411 2923 3464 τῶν
2954 3411 3082 3465 ἴσων
3119 3411 3422 3465 ἀπολαῦσαι
3449 3411 3537 3465 καὶ
3577 3405 3699 3462 αὐτοί

512 3500 655 3555 tibus
685 3500 829 3555 votis
871 3502 1167 3568 optabant,
1208 3510 1267 3556 ut
1316 3502 1507 3557 iisdem
1539 3503 1695 3560 bonis
1726 3505 1831 3573 ipsi
1863 3519 2038 3574 quoqn

2173 3520 2323 3555 ποτε.
2350 3502 2514 3556 Ταῦθ’
2538 3502 2629 3555 ὑπ’
2654 3502 2838 3572 δψεσιν
2869 3501 3117 3574 ὁρῶντες,
3144 3503 3243 3574 ἤδη
3278 3503 3373 3556 καὶ
3402 3504 3533 3572 σφᾶς
3556 3501 3698 3553 εὐδαι-

511 3589 800 3660 aliquando
828 3590 1137 3646 fruerentur
1166 3611 1181 3647 :
1215 3594 1329 3648 hac
1355 3592 1532 3648 oculis
1579 3594 1694 3649 suis
1742 3603 2037 3665 spectante:

2177 3596 2412 3667 μονίζειν
2432 3596 2637 3666 ἠξίουν,
2673 3595 2822 3663 ξένον
2852 3614 2905 3649 τι
2937 3598 3145 3669 χρῆμα,
3170 3598 3263 3651 καὶ
3294 3591 3403 3654 οἷον
3435 3598 3462 3650 ὁ
3486 3598 3580 3659 πᾶς
3594 3592 3698 3647 αίὼν

512 3680 722 3749 seipsos
742 3680 852 3750 jam
885 3679 1070 3736 felices
1102 3680 1398 3751 praedicare
1429 3697 1536 3737 non
1570 3683 1894 3738 dubitabant
1925 3700 1941 3738 :
1975 3699 2038 3739 no

2174 3687 2263 3755 ὑφ’
2287 3685 2437 3756 ἡλίου
2466 3686 2661 3753 αὐγαῖς
2691 3684 2811 3738 οὐδὲ
2842 3684 2960 3738 ποθ’
2994 3686 3295 3757 ἱστόρησεν,
3346 3677 3697 3753 ἐπιλάμψαιτῷ

511 3783 640 3823 vum
670 3770 937 3838 quoddam
982 3770 1304 3826 miraculum
1351 3779 1408 3827 et
1457 3773 1617 3841 quale
1648 3774 1796 3835 nulla
1837 3790 2037 3844 unquat

2174 3774 2353 3846 θνητῷ
2380 3768 2524 3843 γένει
2542 3776 2632 3828 τὸν
2655 3775 2906 3830 τοσοῦτον
2922 3775 3308 3848 ὁμολογοῦντες
3333 3768 3561 3848 βασιλέα.
3587 3772 3695 3825 Ἀλλ’

512 3856 618 3911 sub
654 3857 793 3912 coelo
826 3858 1051 3914 vidisset
1078 3868 1209 3913 aetas
1235 3899 1254 3921 .
1300 3867 1505 3914 tantum
1538 3861 1747 3917 scilicet
1794 3863 2038 3933 imperatr

1300 3867 1505 3914 tantum
1538 3861 1747 3917 scilicet
1794 3863 2079 3933 imperato-
2173 3864 2221 3918 οί
2257 3865 2355 3934 μὲν
2387 3858 2489 3920 ὧδε
2523 3865 2781 3937 ἐφρόνουν

513 3960 630 4000 rem
663 3950 896 4003 humano
941 3950 1128 4020 generi
1172 3949 1439 4007 affulsisse
1482 3960 1763 4009 testantes.
1791 3954 1970 4025 Atque
2019 3956 2074 4010 bi

512 4037 728 4106 quidem
754 4039 830 4094 ita
858 4039 1184 4097 sentiebant.
1943 4030 1951 4041 ’

1073 4152 1299 4209 CAPUT
1331 4153 1515 4209 XXIII.

2677 4158 2857 4211 ΚΕΦΑ
2866 4158 3072 4212 AAION
3104 4155 3226 4210 ΚΓ.

566 4241 720 4309 Quod
753 4242 919 4299 Deum
940 4244 1193 4321 bonorum
1229 4256 1490 4321 auctorem
1515 4247 1816 4314 praedicavit
1845 4266 1860 4303 :
1891 4257 1940 4303 et
1966 4249 2032 4304 de

2177 4251 2295 4303 Ὀτι
2314 4249 2463 4303 Θεὸν
2497 4248 2616 4301 τῶν
2648 4248 2888 4321 ἀγαθῶν
2910 4247 3440 4321 αἵτιον-ίχήρυττε,
3465 4246 3555 4301 καὶ
3587 4240 3698 4321 gap!

1052 4315 1250 4384 legibus
1273 4315 1530 4385 ejusdem.

2627 4315 3005 4389 ἀντιγράφων
3046 4315 3263 4387 νόμων.

581 4377 882 4474 imperator
900 4414 1079 4461 autem
1101 4377 1251 4475 ipse,
1286 4377 1378 4462 ubi
1407 4417 1630 4473 cuncta,
1660 4407 1756 4463 Dei
1779 4410 2075 4466 servatoris

2259 4412 2407 4464 Ἐπεὶ
2446 4410 2504 4464 δὲ
2528 4409 2687 4464 πάνθ’
2716 4377 3051 4464 ὑποτέτακτο
3084 4377 3311 4479 βασιλεῖ,
3333 4409 3465 4464 Θεοῦ
3488 4407 3698 4478 Σωτῆρος

508 4495 709 4577 virtute
736 4497 835 4551 sub
880 4497 1140 4552 ditionem
1173 4512 1326 4552 suam
1373 4498 1615 4569 redegit;
1651 4515 1776 4554 eum
1829 4503 1920 4572 qui
1956 4503 2034 4556 ha:

2175 4500 2420 4573 δυνάμει,
2461 4502 2554 4556 τὸν
2586 4502 2692 4555 τῶν
2725 4502 2945 4570 ἀγαθῶν
2989 4502 3138 4573 αὐτῷ
3168 4503 3406 4575 πάροχον
3440 4505 3542 4565 τοῖς
3591 4500 3697 4551 πᾶσι

510 4584 613 4655 ipsi
646 4588 781 4643 bona
816 4588 1176 4658 praestitisset,
1198 4590 1449 4645 omnibus
1476 4590 1651 4660 palam
1690 4589 1855 4657 fecit;
1889 4592 2036 4646 illum

2186 4592 2411 4664 φανερὸν
2442 4592 2633 4655 ἐποίει,
2658 4594 2901 4645 κάκεῖνον
2927 4593 3033 4645 τῶν
3056 4595 3384 4665 νικητηρίων
3401 4593 3574 4654 αἴτιον,
3592 4586 3700 4644 ἀλλὰ

510 4690 617 4745 que
653 4680 1004 4736 victoriarum
1053 4689 1330 4735 auctorem
1373 4680 1540 4735 fuisse
1594 4695 1700 4735 non
1750 4692 1929 4735 autem
1982 4699 2036 4737 se

2190 4684 2264 4754 μὴ
2300 4684 2458 4738 αὑτὸν
2485 4683 2725 4754 νομίζειν
2754 4683 3165 4756 διεμαρτύρετοο
3193 4685 3353 4738 τοῦτό
3391 4685 3438 4737 τ’
3491 4681 3607 4737 αὐτὸ
3626 4681 3712 4732 ἀνα⁸

511 4766 708 4835 ipsum,
739 4768 1018 4839 professus
1039 4780 1141 4825 est.
1173 4770 1338 4841 idque
1367 4770 1566 4826 litteris
1597 4779 1707 4825 tum
1738 4772 1928 4827 Latino
1957 4783 2037 4828 tur

2188 4775 2469 4845 εκήρυττε,
2490 4772 2579 4827 διὰ
2613 4775 2970 4846 χαρακτήρων
3008 4775 3281 4846 Ῥωμαίας
3299 4792 3358 4829 τε
3387 4776 3474 4829 καὶ
3506 4768 3689 4840 Ἐλληνί-

510 4858 702 4915 Ετωοο
746 4876 999 4916 sermone
1053 4862 1271 4932 scriptis
1316 4869 1367 4919 et
1418 4864 1485 4917 ad
1527 4877 1718 4949 omnes
1761 4864 2036 4932 provincia

2186 4865 2274 4927 δος
2302 4864 2505 4933 φωνῆς,
2552 4866 2630 4928 είς
2666 4864 2892 4919 ἕκαστον
2920 4865 3067 4930 ἔθνος
3095 4869 3153 4920 ὲν
3184 4871 3369 4940 γραφῇ
3399 4859 3686 4935 διαπεμφθεί

583 5030 697 5103 (58)
725 5034 1100 5114 ξ-υναικείοις
1130 5037 1181 5089 δ’
1210 5036 1543 5114 ἔργοις-.-ρο
1576 5039 1841 5114 gynaeceis
1868 5040 2069 5114 crebra

2181 5037 2368 5114 furens
2396 5038 2605 5114 vocavit
2628 5053 2749 5095 eum
2775 5041 2842 5114 ad
2874 5055 2932 5114 se
2956 5057 2972 5105 ;
3003 5049 3055 5093 et
3078 5041 3398 5114 exspoliavit
3418 5054 3531 5095 eum
3557 5037 3694 5114 vesti-

511 5099 573 5176 fit
594 5099 848 5176 'mentio,
876 5114 986 5176 tum
1015 5099 1333 5176 in_'_ntroqtie
1356 5099 1543 5176 codice
1561 5099 1720 5168 ,'t'um
1751 5110 1801 5161 in
1858 5107 2069 5162 Notilia
2178 5109 2376 5163 mentis
2398 5148 2412 5172 ,
2440 5109 2635 5176 quibus
2667 5120 2785 5161 erat
2811 5099 3030 5163 indutus
3050 5149 3065 5172 ,
3100 5119 3154 5164 et
3178 5099 3355 5163 induit
3382 5126 3497 5162 eum
3524 5106 3698 5176 colnliio

511 5171 718 5249 imperii
764 5169 1010 5228 Romani.
1032 5174 1189 5249 _Vide
1218 5169 1446 5249 Lexicon
1483 5175 1763 5249 Brissonii.
1801 5176 2067 5249 Caeterum
2179 5177 2335 5249 laneo
2356 5216 2371 5241 ,
2393 5169 2712 5249 et'tradidit
2738 5193 2861 5249 eum
2894 5179 2948 5249 in
2978 5169 3230 5249 gyiimceo
3255 5179 3470 5231 lanariis
3499 5179 3558 5249 ad
3585 5174 3699 5249 inju-

514 5242 604 5314 ςιμὶ
632 5240 703 5314 ad
733 5255 982 5311 gynaecea
1014 5246 1251 5299 damnati
1290 5254 1449 5298 erant
1469 5284 1484 5305 ,
1516 5246 1877 5300 induebamur
1922 5248 2069 5302 colo-
2179 5247 2335 5300 riam.
2360 5240 2395 5297 ν»
2424 5246 2594 5301 Porro
2617 5247 2785 5300 codex
2815 5246 2953 5301 Fuk.
2979 5240 3083 5303 ltoc
3109 5249 3228 5303 loco
3252 5250 3504 5314 scriptum
3530 5240 3701 5314 habet:

515 5309 605 5389 bio
632 5309 966 5389 laneoanae
992 5314 1161 5389 vesﬁs
1196 5324 1314 5389 erat
1343 5315 1665 5389 servilis._|d
1698 5316 1959 5389 discimus
1997 5333 2041 5369 e1

2173 5315 2261 5389 étp'f
2289 5316 2440 5389 ὕβρει
2467 5315 2567 5389 καὶ
2592 5314 2787 5387 ἀτιμίᾳ
2818 5316 3084 5372 δουλεύειν
3118 5335 3208 5389 κρ.
3248 5309 3447 5388 ὁμοίως
3470 5318 3571 5377 τοῖς
3609 5312 3696 5363 λοι-

516 5333 605 5363 υιυ
632 5333 818 5370 tuucu.
847 5333 966 5381 quae
993 5333 1161 5368 vesus
1196 5333 1314 5369 erat
1343 5333 1575 5369 SCI'VIIIS.
1614 5333 1665 5369 ια
1698 5333 1959 5371 OISCImttS
1997 5333 2039 5369 e:

513 5374 773 5455 Passione
800 5380 1023 5455 Romani
1064 5385 1319 5455 martyris
1364 5399 1485 5455 quae
1519 5387 1665 5439 edita
1706 5395 1795 5455 est
1832 5401 1861 5439 a
1897 5386 2033 5439 Mom

1712 5333 1959 5371 nscnmns
1997 5333 2065 5370 ex
2173 5333 2254 5383 εφ
2289 5333 2440 5437 unger
2474 5333 2567 5369 και
2592 5333 2787 5387 ατιμιᾳ
2818 5333 3084 5372 οουλευειν
3118 5335 3208 5389 κρ.

1712 5395 1795 5439 est
1832 5401 1861 5439 a
1897 5386 2065 5439 Mom-
2171 5388 2294 5449 ποῖς
2327 5388 2361 5455 ἠ
2399 5385 2646 5455 ευθέρου,
2682 5389 2881 5439 rectius
2914 5389 3027 5441 sine
3056 5389 3238 5443 dubio.

516 5448 786 5525 britio,__et
811 5452 1041 5525 babetur
1063 5453 1114 5505 in
1143 5448 1325 5525 codice
1365 5448 1716 5525 Musciacensi
1747 5472 1764 5511 :
1806 5472 1825 5507 ι
1860 5456 2042 5509 Eaden

2238 5448 2361 5523 (59f
2429 5448 2647 5525 Δήμοις
2696 5471 2761 5508 τε
2802 5456 2928 5523 τοῖς
2985 5457 3176 5523 ἐκτός.
3238 5456 3581 5514 Scribcndum
3630 5450 3680 5519 δή

512 5531 645 5594 γει-ο
688 5519 1173 5594 die_Maxi_mianus
1211 5524 1538 5594 jussit._qui
1572 5533 1729 5577 erant
1764 5525 1817 5578 in
1858 5525 2058 5593 palatio
2165 5519 2285 5594 μοις
2307 5526 2385 5580 δέ.

513 5586 819 5669 Christiani,
844 5586 1383 5669 utﬁiscingeréntur.
1418 5586 1610 5669 Multos
1630 5608 1764 5669 ergo
1790 5586 1916 5669 dum
1948 5595 2039 5647 sol.

2167 5586 2178 5594 -
2235 5586 2348 5669 ((⁵0)
2380 5596 2539 5669 Ὅ(ίὲ
2582 5594 2650 5669 ﬂ)
2678 5595 2841 5663 πρίν.
2885 5595 3125 5652 Emendo
3162 5599 3279 5652 ὅσοι
3304 5598 3365 5651 τὸ
3393 5597 3512 5669 πρῐν
3531 5634 3544 5658 ,
3566 5586 3693 5669 quod

513 5663 701 5736 verent
745 5657 1015 5736 cingulum
1067 5656 1225 5736 suum
1263 5665 1485 5736 notavit
1542 5662 1643 5717 sibi
1700 5656 2058 5736 Maximianus
2164 5656 2268 5717 non
2305 5656 2436 5736 v'idit
2471 5656 3240 5736 Christopliorsonus;scribo
3276 5656 3694 5725 etiam'mseavé-

514 5731 852 5782 transeuntes
879 5744 895 5781 :
924 5737 976 5782 et
1030 5728 1161 5783 vidit
1209 5729 1411 5787 lsitium
1462 5733 1632 5788 beatae
1658 5733 1930 5789 memoriae
1955 5773 1972 5799 ,
2003 5749 2032 5789 e

1239 5731 1411 5787 silium
1462 5733 1632 5788 beatae
1658 5733 1930 5789 memoriae
1955 5773 1972 5799 ,
2003 5745 2059 5789 et
2166 5749 2317 5800 μενοι
2344 5735 2413 5790 τὰ
2444 5736 2503 5790 ὲν
2534 5728 2765 5808 θατέρῳ.
