3864 6486
565 366 590 421 Ι
601 365 703 421 005

1275 356 1543 412 EUSEBll
1581 354 2055 412 CIESARIENSIS
2089 353 2236 410 OPP.
2277 354 2456 410 PARS
2495 355 2538 410 l.
2578 385 2648 396 —
2679 352 3064 411 HISTORICA.

3636 350 3746 407 1004

567 488 798 541 deducta
833 481 1157 554 cogitatione
1210 487 1445 547 repetat.
1503 485 1557 532 et
1612 490 1700 531 res
1750 475 1876 531 olim
1943 483 2112 546 gestas

2225 474 2657 547 παρατείναντας
2713 473 2934 547 χρόνους
2979 471 3276 546 ἀναδράμοι
3321 471 3400 543 τῷ
3437 471 3533 544 νῷ,
3560 473 3640 527 καὶ
3672 475 3747 532 τὰς

564 575 963 645 contempletur
985 572 1186 634 animo,
1223 571 1448 625 omnino
1485 568 1755 639 reperiet,
1788 583 1882 623 eos
1911 569 2125 638 quidem

564 669 655 737 qui
683 666 950 737 justitiam
980 679 1042 718 ac
1070 661 1402 733 probitatem
1438 660 1846 715 fundamentum
1886 657 1990 713 sibi
2036 674 2125 714 re-

565 773 682 814 rum
721 756 1049 827 agendarum
1101 754 1520 817 constituerunt,
1551 752 1718 824 456
1757 750 1965 806 felicem
1995 766 2125 804 eon-

563 848 808 902 siliorum
843 846 1049 900 exitum
1077 844 1298 900 sortitos
1323 858 1464 904 esse,
1493 851 1548 897 et
1591 852 1848 908 tanquam
1889 855 1952 894 ex
1983 839 2126 895 dulci

559 934 790 1004 quadam
821 932 1004 987 radice
1029 932 1407 987 suavissimum
1426 946 1642 1002 quoque
1672 929 1907 984 fructum
1934 944 2124 999 perce-

560 1026 733 1093 pisse;
752 1024 875 1081 illos
899 1039 1034 1080 vero
1070 1025 1164 1095 qui
1187 1023 1388 1096 injusta
1417 1023 1654 1078 facinora
1671 1036 1809 1077 ausu
1839 1022 2126 1076 temerario

559 1117 900 1183 attentarint,
959 1125 1014 1172 et
1066 1117 1157 1187 qui
1190 1117 1453 1171 adversus
1500 1115 1668 1170 Deum
1701 1115 1874 1185 ipsum
1903 1115 2124 1169 vesania

558 1208 762 1263 mentis
794 1208 1002 1264 fuerint
1028 1208 1179 1272 elati,
1203 1207 1521 1275 nullumque
1548 1206 1770 1277 pietatis
1799 1221 1928 1276 erga
1957 1219 2125 1275 genus

509 1317 514 1322 '
557 1303 850 1355 humanum
877 1315 1095 1356 sensum
1126 1300 1409 1354 habuerint
1434 1315 1448 1364 ;
1469 1299 1561 1354 sed
1593 1297 1801 1362 exsilia,
1825 1296 2122 1363 infamiam,

554 1395 814 1449 bonorum
828 1377 1236 1465 publicationes,
1253 1392 1427 1448 caedes
1436 1390 1805 1459 ethujusmodi
1819 1390 2042 1460 plurima
2060 1389 2126 1442 ir-

553 1487 863 1557 rogaverint
883 1486 1114 1556 ;quique
1138 1500 1236 1540 nec
1251 1483 1625 1556 paenitentiam
1644 1483 1851 1553 egerint
1868 1495 2120 1549 unquam,

554 1593 654 1632 nec
675 1578 741 1632 ad
763 1577 1041 1631 meliorem
1061 1575 1268 1647 frugem
1286 1575 1524 1629 animum
1544 1588 1699 1627 suum
1726 1571 2122 1632 revocaverint,

551 1685 740 1738 parem
771 1683 990 1738 quoque
1026 1668 1333 1723 mercedem
1359 1664 1628 1720 retulisse.
1656 1663 1830 1734 Atque
1858 1663 1973 1718 haec
2017 1677 2122 1716 non

553 1761 810 1826 absurde,
839 1775 939 1814 nec
962 1770 1158 1830 praeter
1183 1758 1446 1814 rationem
1471 1757 1744 1813 eveniunt.
1793 1775 1812 1809 ι

1114 1893 1340 1950 CAPUT
1374 1892 1562 1948 XXVI.

554 1987 634 2043 De
664 1989 731 2042 iis
769 1989 859 2058 qui
893 1989 1303 2060 persecutionem
1331 1987 1493 2110 ⁸(ραιιὶ
1516 1995 1660 2055 sunt,
1695 1995 1746 2040 et
1771 1988 1837 2041 de
1889 2001 2125 2055 persecu-

1240 2068 1341 2110 tori
1381 2074 1461 2110 ιιι.

1240 2068 1461 2112 toribus.

631 2150 814 2221 (Nam
851 2153 1158 2221 quicunque
1192 2166 1315 2206 cum
1342 2151 1486 2218 justo
1518 2147 1683 2203 animi
1733 2145 2011 2218 proposito
2057 2146 2123 2200 ad

550 2243 818 2313 agendum
896 2241 1181 2306 accedunt,
1270 2249 1326 2296 et
1387 2240 1639 2294 timorem
1707 2237 1803 2291 Dei
1860 2244 2125 2307 perpetuo

551 2349 666 2404 prae
701 2332 875 2389 oculis
929 2333 1166 2397 habent,
1209 2339 1548 2388 constantem
1605 2344 1734 2401 erga
1786 2327 1936 2382 illum
1997 2327 2124 2382 reti-

550 2434 740 2480 nentes
806 2424 1229 2492 fidem;quique
1285 2421 1573 2492 praesentis
1642 2421 1770 2474 vitze
1831 2418 2006 2473 minas
2058 2432 2122 2472 ac

549 2517 813 2587 pericula,
845 2517 960 2586 spei
994 2515 1302 2570 futurorum
1330 2517 1593 2569 bonorum
1637 2512 1861 2566 minime
1901 2519 2124 2579 antepo-

551 2618 726 2661 nunt:
757 2607 836 2670 bi,
882 2605 1130 2676 quamvis
1180 2605 1345 2658 multa
1385 2605 1581 2659 acerba
1621 2617 1685 2657 ac
1717 2602 1938 2656 molesta
1975 2601 2120 2656 brevi

549 2699 811 2766 temporis
838 2697 1012 2768 spatio
1039 2697 1251 2767 experti
1310 2696 1438 2761 sint,
1491 2709 1668 2750 tamen
1703 2708 1796 2763 spe
1856 2693 2119 2764 majorum

547 2790 892 2860 praemiorum
956 2803 1076 2858 qua:
1144 2789 1244 2844 sibi
1306 2788 1584 2842 recondita
1636 2802 1755 2843 esse
1813 2786 2121 2841 firmissime

546 2882 794 2948 credunt,
828 2881 1132 2950 ingruentia
1168 2880 1310 2935 mala
1374 2894 1713 2948 nequaquam
1743 2893 1889 2949 aegro
1940 2879 2119 2934 animo

544 2973 914 3042 pertulerunt;
955 2975 1052 3028 sed
1085 2988 1193 3044 quo
1221 2973 1497 3042 graviores
1516 2972 1720 3042 eXperti
1745 2979 1869 3026 sunt
1899 2969 2121 3026 calami-

547 3076 709 3130 tates,
746 3081 822 3120 eo
855 3065 1141 3120 clariorem
1175 3063 1402 3134 gloriam
1435 3071 1802 3132 rcportarunt.
1833 3061 1932 3128 Qui
1991 3076 2118 3116 vero

2230 567 2490 638 πρότερον
2539 565 2836 638 γενομένας
2881 565 3110 638 πραξεις
3155 565 3360 620 κατίδοι
3407 564 3486 636 τῷ
3526 563 3747 638 λογισμῷ.

2229 658 2430 721 πάντας
2464 657 2530 711 ἂν
2574 657 2722 731 εὖροι
2765 657 2890 722 τοὺς
2922 657 3019 729 μὲν
3055 658 3167 711 ὅσοι
3207 658 3424 712 δικαίαν
3465 657 3556 711 καὶ
3578 657 3749 731 ἀγαθὴν

2227 747 2722 818 προκατεεῆλλοντο
2745 746 2854 802 τῶν
2881 747 3218 820 πραγμάτων
3249 747 3510 820 κρηπῖδα,
3551 749 3619 812 είς
3640 748 3748 816 ἀγα-

2227 843 2318 897 θὸν
2353 843 2447 896 καὶ
2489 845 2899 916 προαγαγόντας
2943 843 3042 909 τάς
3083 845 3424 918 ὲγχειρήσεις
3458 843 3635 916 πέρας,
3677 843 3749 899 καὶ

2225 927 2336 986 οἷον
2377 934 2484 986 ἀπὸ
2531 933 2688 1006 ῥίζης
2726 935 2870 998 τινὸς
2908 934 3091 1006 ἡδείας
3127 934 3532 1006 κομισαμένους
3565 936 3646 989 καὶ
3681 937 3748 992 τὸν

2229 1024 2440 1078 καρπὸν
2459 1024 2686 1094 γλυκὺν·
2724 1026 2850 1089 τοὺς
2872 1025 2917 1078 δ’
2946 1025 3147 1090 ἀδίκοις
3179 1027 3620 1098 ἐπιχειρήσαντας
3657 1027 3749 1081 τόλ-

2229 1133 2377 1185 μαις,
2410 1117 2504 1169 καὶ
2527 1115 2559 1187 ἥ
2594 1116 2729 1187 πρὸς
2751 1117 2811 1170 τὸ
2839 1119 3084 1189 κρεῖττον
3116 1117 3357 1188 ἀνοήτως
3381 1116 3748 1188 ὲκμανέντας,ἢ

2226 1207 2362 1280 πρὸς
2383 1207 2443 1261 τὸ
2475 1207 2810 1278 ἀνθρώπινον
2830 1208 2984 1278 γένος
3009 1207 3118 1280 (69)
3147 1209 3406 1280 λογισμὸν
3430 1209 3570 1262 ὅσιον
3595 1208 3748 1262 οὐδένα

2225 1299 2503 1365 λαϐόντας,
2543 1300 2676 1354 ἀλλά
2717 1301 2913 1370 φυγὰς,
2944 1301 3183 1373 ἀτιμίας,
3215 1301 3526 1373 δημεύσεις,
3554 1300 3747 1372 σφαγὰς,

2224 1390 2444 1444 τοιαῦτα
2485 1391 2653 1444 πολλά
2684 1393 3075 1464 τολμήσαντας,
3103 1393 3198 1446 καὶ
3225 1391 3346 1445 οὐδὲ
3393 1390 3748 1463 μεταμεληθέν-

2224 1501 2319 1550 τας
2357 1485 2507 1548 ποτὲ,
2552 1484 2669 1537 οὐδὲ
2698 1485 2787 1537 τὸν
2809 1485 2931 1538 νοῦν
2963 1485 3393 1557 ἐπιστρέψαντας
3419 1484 3626 1554 πρὸςτά
3646 1483 3749 1537 καλ·

2225 1576 2340 1642 λίω,
2371 1576 2498 1630 ῐσων
2525 1577 2618 1631 καὶ
2642 1576 2749 1629 τῶν
2777 1578 3072 1648 ἀμοιϐαίων
3094 1579 3375 1648 τυχόντας.
3401 1579 3512 1632 Καὶ
3535 1577 3684 1631 ταῦτά
3702 1593 3747 1645 γε

2223 1669 2320 1722 οὐκ
2341 1670 2640 1734 ἀπεικότως
2673 1671 2805 1741 (70),
2829 1670 2934 1725 οὐδ’
2961 1669 3028 1725 ἂν
3054 1671 3160 1726 ἀπὸ
3185 1671 3345 1742 λόγου
3375 1671 3662 1743 συμϐαίνοι.
3683 1689 3700 1722 ι

2723 1903 3118 1958 ΚΕΦΛΛΑΙΟΝ
3154 1905 3299 1972 Kq'.

2500 1995 2642 2066 Περὶ
2684 1997 3053 2068 διωχθέντων
3090 1997 3190 2051 καὶ
3223 1996 3507 2051 ὅιωκτῶν.

2298 2173 2318 2208 ι
2346 2154 2497 2209 Ὅσοι
2539 2155 2635 2226 μὲν
2666 2153 2773 2228 γὰρ
2815 2153 2924 2227 (71)
2959 2155 3093 2227 μετά
3115 2154 3328 2218 δικαίας
3346 2151 3564 2226 γνώμης
3583 2152 3661 2206 ἐπί
3681 2170 3744 2206 τι-

2224 2263 2320 2310 νας
2357 2245 2605 2318 ἔρχονται
2634 2245 2881 2318 πράξεις,
2917 2247 3011 2300 καὶ
3043 2247 3131 2300 τὸν
3152 2244 3246 2298 τοῦ
3286 2244 3590 2317 Κρείττονος
3615 2241 3746 2312 φόὸον

2221 2337 2479 2409 διηνεκῶς
2510 2337 2720 2410 ἔχουσιν
2747 2339 2800 2390 ὲν
2830 2336 2926 2408 νῷ,
2964 2336 3184 2410 βεϐαίαν
3215 2336 3311 2408 τὴν
3341 2335 3472 2407 περὶ
3498 2333 3641 2388 αὐτὸν
3665 2349 3748 2401 quo

2221 2429 2502 2493 λάττοντες
2533 2429 2733 2494 πίστιν,
2776 2431 2868 2484 καὶ
2905 2430 3030 2492 τοὺς
3059 2429 3329 2501 παρόντας
3368 2425 3562 2496 φόϐους
3583 2441 3633 2478 τε
3669 2422 3748 2476 καὶ

2221 2521 2497 2586 κινδύνους
2525 2520 2625 2574 ούκ
2659 2522 2850 2591 ἄγουσι
2889 2521 2998 2576 τῶν
3034 2520 3340 2592 μελλουσῶν
3366 2517 3580 2572 ἐκείνων
3617 2515 3747 2568 ἐλπί-

2219 2611 2323 2664 δων
2370 2611 2824 2684 προτιμοτέρους·
2868 2611 2968 2666 κᾶν
3009 2613 3057 2663 εἰ
3097 2611 3234 2682 πρὸς
3279 2607 3469 2680 καιρὸν
3513 2605 3748 2676 δυσχερῶν

2219 2721 2378 2758 τινων
2425 2703 2766 2775 πειραθεῖεν,
2805 2701 2883 2774 τῷ
2935 2701 3186 2774 μείζονας
3217 2702 3428 2763 ἑαυτοῖς
3465 2695 3748 2753 ἀποκεῖσθαι

2220 2793 2492 2847 πιστεύειν
2517 2794 2699 2865 τιμὰς,
2733 2793 2854 2847 οὐδὲ
2882 2792 2949 2845 τὰ
2980 2790 3359 2864 προσπεσόντα
3392 2787 3590 2860 βαρέως
3615 2786 3749 2858 ἠνεγ-

2219 2903 2348 2950 καν,
2395 2886 2528 2941 ἀλλά
2571 2885 2792 2958 τοιούτῳ
2846 2883 3226 2956 λαμπροτέρας
3276 2883 3464 2952 ἔτυχον
3515 2877 3746 2943 εὐκλείας,

2215 2979 2326 3050 ὅσῳ
2385 2980 2480 3032 καὶ
2543 2978 2854 3051 βαρυτέρων
2911 2976 3020 3030 τῶν
3079 2975 3332 3046 χαλεπῶν
3396 2972 3742 3046 ἐπειράθησαν.

2221 3070 2374 3125 Ὅσοι
2427 3069 2485 3122 δὲ
2524 3069 2558 3141 ἢ
2590 3069 2651 3122 τὸ
2681 3070 2888 3124 δίκαιον
2929 3067 3139 3139 ἀτίμως
3183 3066 3296 3139 (72)
3339 3063 3659 3138 παρεῖδον,ἦ
3696 3060 3747 3113 τὺ

545 3156 816 3224 justitiam
844 3167 900 3211 et
929 3157 1241 3225 aequitatem
1268 3163 1731 3224 contempserunt,
1791 3163 1845 3208 et
1872 3154 1966 3224 qui
2021 3169 2112 3210 nec

2219 3162 2480 3233 Κρεῖττον
2510 3161 2610 3214 οὐκ
2633 3159 2872 3231 ἔγνωσαν
2895 3199 2910 3223 ,
2939 3159 3031 3212 καὶ
3069 3158 3196 3222 τοὺς
3231 3157 3390 3212 τοῦτο
3420 3154 3613 3219 πιστῶς
3640 3170 3747 3224 μετ-

543 3251 712 3304 Deum
743 3250 844 3320 ipsi
874 3258 1231 3319 agnoverunt,
1255 3263 1354 3303 nec
1391 3262 1484 3302 eos
1535 3247 1626 3316 qui
1658 3246 1824 3300 Deum
1881 3245 2111 3300 ﬁdeliter

541 3343 806 3408 colerent,
839 3340 1185 3398 contumeliis
1211 3355 1276 3396 ac
1319 3339 1598 3410 suppliciis
1634 3338 2002 3393 acerbissimis
2029 3337 2111 3393 af-

542 3433 704 3490 ficere
728 3435 1047 3490 dubitarunt
1079 3451 1092 3486 :
1127 3442 1182 3488 et
1226 3433 1318 3501 qui
1377 3432 1584 3501 seipsos
1616 3427 1856 3500 quidem,
1902 3433 1990 3501 qui
2041 3433 2110 3486 ob

543 3526 853 3595 hujusmodi
884 3541 1106 3582 causam
1153 3526 1404 3581 homines
1435 3525 1488 3580 in
1531 3524 1796 3594 judicium
1848 3525 2109 3579 adductos

541 3630 698 3684 paena
734 3617 1032 3683 allicerent,
1066 3617 1296 3672 miseros
1319 3631 1438 3671 esse
1471 3631 1574 3671 non
1599 3618 1908 3689 judicarunl
1937 3659 1951 3682 ,
1990 3615 2108 3668 illos

541 3721 670 3760 vero
699 3706 792 3776 qui
821 3706 873 3759 in
910 3707 1074 3760 lautis
1113 3705 1268 3760 malis
1332 3706 1593 3777 integram
1635 3723 1762 3778 erga
1807 3707 1973 3762 Deum
1997 3705 2110 3776 pie-

543 3806 707 3850 tatem
753 3796 1104 3852 nihilominus
1129 3805 1550 3862 conservarenr,
1584 3797 1768 3854 felices
1814 3813 1879 3853 ac
1923 3798 2109 3852 beatos

538 3903 660 3943 esse
689 3907 703 3942 :
732 3889 924 3942 horum
948 3888 1222 3944 exercitus
1241 3889 1438 3958 partim
1469 3890 1611 3956 ensi,
1639 3891 1834 3959 partim
1853 3890 1908 3945 in
1926 3888 2102 3958 fugam

536 3981 724 4039 versi;
760 3980 970 4035 cunctis
1031 3975 1264 4050 denique
1303 3981 1499 4052 praeliis
1548 3983 1695 4048 victi,
1744 3981 1844 4050 ipsi
1893 3978 2104 4037 tandem

538 4069 968 4124 succubuerunt.

1087 4159 1315 4218 CAPUT
1347 4159 1560 4218 XXVII.

539 4249 690 4316 Quod
729 4254 1018 4318 persecutio
1065 4253 1259 4307 bellum
1288 4253 1618 4336 gerentibus
1657 4251 1916 4306 malorum
1945 4267 2106 4307 causa

1184 4333 1463 4378 exstiterit.

612 4433 630 4466 ι
653 4414 731 4468 Ex
762 4415 1074 4485 hujusmodi
1108 4417 1405 4472 sceleribus
1429 4425 1548 4471 orta
1578 4422 1706 4469 sunt
1732 4413 1867 4470 bella
1896 4413 2102 4483 gravia,

535 4515 590 4559 et
613 4506 859 4562 exitiales
877 4508 1236 4562 vastationes.
1266 4506 1404 4560 Hinc
1433 4521 1616 4561 rerum
1635 4505 1849 4574 quidem
1875 4504 1944 4558 ad
1972 4518 2106 4574 quo-

536 4597 800 4651 tidianum
834 4598 958 4652 vitae
986 4613 1143 4652 usum
1172 4597 1607 4652 necessariarum
1635 4595 1857 4665 penuria
1883 4612 1898 4659 ;
1931 4594 2102 4648 malo-

536 4703 652 4743 rum
681 4703 808 4744 vero
841 4689 1206 4759 ingruentium
1231 4688 1408 4758 cepia.
1446 4685 1587 4740 Hine
1643 4695 1727 4741 est
1751 4689 1892 4755 quod
1943 4694 2102 4741 tanta:

534 4777 832 4847 impietatis
858 4789 1108 4836 auctores
1140 4779 1193 4833 in
1229 4787 1508 4832 extremas
1529 4775 1689 4848 457
1717 4776 1920 4847 delapsi
1948 4779 2100 4832 cala-

2217 3253 2392 3317 ιόντας
2441 3251 2629 3325 ὕϐρεσι
2677 3254 2771 3307 καὶ
2810 3252 3090 3306 κολάσεσιν
3137 3251 3461 3324 ἀνηκέστοις
3496 3247 3746 3303 ὑποϐαλεῖν

2214 3345 2538 3418 ἐτόλμησαν,
2580 3344 2676 3398 καὶ
2702 3345 2800 3414 οὐχ
2831 3343 3052 3406 ἑαυτοὺς
3093 3343 3188 3414 μὲν
3225 3342 3442 3406 ἀθλίους
3468 3342 3547 3410 ἐφ’
3571 3335 3639 3402 οἷς
3670 3336 3743 3389 διὰ

2213 3437 2309 3499 τὰς
2334 3435 2585 3496 τοιαύτας
2617 3433 2872 3498 ἐκόλαζον
2901 3431 3199 3504 προφάσεις
3232 3431 3367 3504 (73),
3417 3431 3636 3502 ἔκριναν,
3671 3425 3744 3476 εύ-

2212 3528 2469 3598 δαίμονας
2507 3526 2563 3580 δὲ
2617 3527 2711 3580 καὶ¹
2752 3525 3119 3597 μακαριστοὺς
3161 3525 3288 3588 τοὺς
3326 3525 3423 3578 καὶ
3464 3522 3616 3595 μέχρι
3655 3516 3742 3570 τῶν

2213 3617 2462 3673 τοιούτων
2492 3617 2589 3690 τὴν
2621 3617 2756 3690 πρὸς
2787 3617 2846 3670 τὸ
2867 3619 3128 3688 Κρεῖττον
3168 3614 3594 3686 διασωζομένους
3616 3609 3740 3663 εὗσέ-

2215 3709 2396 3762 6ειαν’
2430 3707 2631 3765 τούτων
2680 3707 2872 3762 πολλαὶ
2904 3708 3001 3780 μὲν
3032 3707 3226 3761 ἔπεσον
3264 3707 3534 3780 στρατιαὶ,
3585 3699 3742 3756 πολλαὶ

2211 3795 2255 3848 δ’
2285 3796 2366 3857 είς
2411 3793 2588 3866 φυγὴν
2634 3795 2947 3868 ἐτράπησαν
2969 3836 2984 3859 ,
3019 3796 3171 3851 πᾶσα
3218 3794 3276 3848 δὲ
3305 3795 3511 3848 τούτων
3541 3791 3738 3860 πολέμου

2212 3884 2514 3957 παράταξις
2543 3887 2623 3951 είς
2654 3887 2886 3958 ἐσχάτην
2922 3886 3104 3956 ἔληξεν
3138 3882 3360 3957 ἧτταν.»

2720 4152 3114 4207 ΚΕΦΔΔΑΙΟΝ
3144 4151 3271 4207 KZ'.

2211 4246 2408 4313 Ὅπως
2440 4249 2472 4299 ὀ
2503 4245 2756 4316 διωγμὸς
2791 4245 2987 4367 αἵτιοὲ
3010 4243 3212 4298 κακῶν
3240 4243 3366 4308 τοῖς
3396 4237 3740 4311 πολεμήσασι

2845 4332 2953 4367 κατ
2989 4330 3104 4367 om

2845 4330 3104 4383 κατεστη

2285 4427 2305 4461 ι
2347 4410 2441 4463 Ἐκ
2469 4408 2578 4461 τῶν
2609 4405 2862 4460 τοιούτων
2891 4406 3181 4474 ἀνεφύοντο
3205 4405 3430 4475 πόλεμοι
3464 4400 3657 4472 βαρεῑςο
3692 4396 3741 4446 ὲκ

2208 4499 2317 4555 τῶν
2345 4499 2601 4553 τοιούτων
2634 4497 2925 4570 πορθήσεις
2951 4496 3285 4569 πανώλεθροι
3302 4514 3316 4526 ο
3340 4493 3582 4548 ἐντεῦθεν
3609 4490 3739 4543 έλατ·

2207 4591 2402 4656 τώσεις
2435 4591 2533 4663 μὲν
2559 4589 2667 4643 τῶν
2695 4588 2830 4660 πρὸς
2859 4588 2958 4652 τὰς
2989 4589 3178 4659 χρείας
3209 4587 3540 4656 ἀναγκαίων,
3568 4577 3740 4650 πλῆθος

2206 4683 2265 4736 δὲ
2302 4684 2410 4736 τῶν
2444 4680 2836 4755 ἐπηρτημένων
2874 4679 3057 4732 κακῶν
3105 4679 3246 4750 (74)·
3297 4677 3542 4733 ἐντεῦθεν
3577 4673 3624 4726 οἱ
3662 4667 3741 4734 τῆς

2182 4775 2471 4846 τοσαύτης
2528 4773 2760 4846 ἀρχηγοὶ
2817 4770 3165 4839 δυσσεὸείας,
3227 4771 3264 4842 ἢ
3327 4767 3642 4827 ἀνατλάντες
3687 4756 3741 4809 τὰ

537 4933 697 4986 modo
745 4936 910 4989 etiam
969 4935 1025 4988 in
1055 4975 1060 4980 ι
1096 4933 1314 4988 scliedis
1361 4933 1618 4999 scriptum
1683 4932 1893 5003 reperi,
1936 4940 1990 4986 et
2043 4933 2097 4986 in
2129 4937 2176 4994 D
2205 4931 2392 5003 99dice
2421 4929 2674 5003 Medicam
2724 4927 2916 5003 legitur
2972 4927 3077 5003 hoc
3108 4927 3284 5003 _r_uodo
3324 4943 3338 4978 :
3386 4923 3585 5003 arma:
3626 4919 3657 4988 ἦ

529 5003 731 5057 codice‘
749 5003 884 5061 Fuk.

607 5071 881 5142 (69)Vulg.
903 5073 1002 5127 καὶ
1028 5072 1178 5142 πρὸς
1201 5072 1268 5126 τὸ
1283 5072 1656 5140 ἀνθρώπινον
1669 5071 1861 5142 γένος.
1881 5071 2098 5126 Mutilus

532 5151 618 5193 est
640 5143 726 5211 hic
741 5143 906 5204 locus,
921 5145 1014 5211 qui
1034 5159 1097 5196 ex
1122 5144 1307 5196 codice
1328 5142 1578 5196 Medicam
1596 5145 1664 5195 ita
1683 5145 1890 5197 restitui
1906 5144 2092 5196 debet:

532 5211 643 5294 καὶ.
659 5210 714 5294 ἢῆ
731 5212 864 5294 πρὸς
892 5210 1225 5294 τδΚρεῖττον
1257 5213 1502 5294 ἀνοήτως⁹
1521 5213 1872 5294 ὲκμανένλτας,
1961 5212 2097 5294 πρὸς

532 5282 593 5332 τὸ
620 5281 956 5352 ἀνθρώπινον
989 5281 1143 5350 γένος
1186 5281 1443 5353 λογισμὸν
1477 5283 1622 5334 ὅσιον
1661 5282 1862 5352 μηδένα
1899 5281 2095 5335 λαϐόν-

532 5366 652 5413 τας,
685 5365 793 5405 etc.

606 5420 717 5489 (70)
753 5424 873 5474 Οὐκ
897 5423 1242 5486 ἀπεικότως.
1280 5421 1332 5473 lu
1361 5422 1545 5474 codice
1558 5421 1813 5475 Medicam
1837 5420 2095 5474 scribitur

533 5489 632 5542 οὐκ
663 5492 726 5542 ἂν
747 5492 1071 5560 ἀπεικότως,
1101 5492 1205 5542 οὐδ’
1232 5492 1299 5544 ἂν
1325 5491 1434 5543 ἀπὸ
1461 5490 1617 5558 λόγου
1639 5489 1941 5560 συμϐαίνοι.
1966 5489 2097 5543 Cer—

539 5569 589 5610 te
618 5564 784 5630 coch
827 5559 1024 5630 Regius
1074 5561 1358 5628 συμϐαίνοι
1381 5576 1593 5628 quoque
1621 5559 1890 5630 scriptum
1908 5559 2095 5630 liabet.

607 5628 717 5697 (Ἠ)
753 5627 1204 5698 Ὅσοῐμὲνγ-άρ.
1257 5631 1334 5686 Ab
1388 5629 1473 5683 his
1507 5627 1702 5698 verbis
1746 5643 1868 5697 cap.
1899 5627 1970 5680 26
2019 5629 2100 5682 in-

538 5695 725 5766 choavi
749 5713 815 5766 ex
849 5695 1036 5752 emt’icc
1062 5695 1193 5752 Fuk.
1225 5711 1280 5753 et
1311 5699 1525 5752 sclieilis
1556 5697 1690 5766 Reg.

606 5765 720 5836 (7‘2)
747 5765 902 5837 Vulg.
935 5769 1069 5822 ὅσοι
1093 5768 1159 5820 δὲ
1186 5769 1251 5824 τὸ
1273 5768 1506 5822 δίκαιον
1531 5765 1771 5837 ἀτίμως.
1805 5765 2022 5832 {lectius
2045 5766 2098 5831 in

2202 5001 2406 5053 δίκαιον
2436 4999 2644 5069 ἀτίμως
2672 4997 2940 5067 παρεῖδον,
2968 4996 3002 5065 ἢ
3029 4996 3090 5048 τὸ
3108 4998 3370 5069 Κρεῖττον
3389 4998 3488 5050 οὐκ
3509 4995 3738 5062 ἔγνωσαν.

2204 5070 2317 5125 Hoc
2347 5079 2432 5124 est
2460 5067 2602 5138 quod
2635 5084 2797 5135 supra
2824 5069 2962 5119 dixit
2993 5073 3044 5119 in
3072 5081 3190 5133 cap.
3223 5067 3295 5120 25
3321 5106 3336 5128 ,
3388 5075 3444 5119 ut
3470 5075 3628 5133 supra
3659 5070 3740 5110 no-

2205 5140 2348 5193 lavi.
2388 5139 2513 5193 τοὺς
2553 5137 2598 5190 δ’
2639 5137 2841 5193 ἀδίκοις
2879 5137 3333 5193 ἐπιχειρήσαντας
3370 5135 3635 5193 πόλμαις,
3665 5121 3742 5193 καὶ

2205 5140 2348 5205 lavi,
2388 5136 2513 5201 τοὺς
2553 5137 2598 5190 δ’
2639 5137 2841 5198 ἀδίκοις
2879 5137 3333 5207 ἐπιχειρήσαντας
3370 5136 3474 5188 πόλ
3557 5148 3635 5193 ις,
3665 5136 3742 5177 και

2200 5210 2234 5281 ἢ
2269 5209 2403 5281 πρδς
2429 5208 2488 5260 τὸ
2514 5207 2763 5281 Κρεῖττον
2797 5207 3046 5281 ἀνοήτωςΔ
3066 5207 3429 5281 ἐκμανέντας,
3693 5191 3742 5244 τὸ

2202 5274 2539 5349 ἀνθρώπινον
2555 5274 2713 5349 ,γένος
2741 5276 2994 5349 λογισμὸν
3021 5274 3163 5328 ὅσιον
3187 5277 3375 5349 οὐδένα
3397 5274 3664 5349 λαϐόντας-

2276 5342 2388 5430 (73)
2428 5342 2740 5436 ςΕξιόέῖαζξις
2789 5342 3135 5436 προφάσεις.
3188 5347 3242 5398 In
3279 5349 3469 5436 codice
3509 5342 3743 5436 Muigo

2206 5416 2398 5487 les‘iw'r
2424 5419 2517 5497 ἐφ’,
2537 5417 2616 5479 οῖς
2662 5416 2750 5496 δξά
2771 5416 2892 5497 ,τρες
2935 5416 3186 5497 τῖἱαύττέις
3214 5416 3517 5497 κολάζωντίὲ

2209 5475 2354 5550 σε’ἱς,
2392 5475 2620 5547 rectius,
2659 5489 2709 5539 ni
2730 5475 2939 5555 _fallor.
2974 5485 3096 5540 Mox
3129 5475 3271 5541 idem
3301 5475 3466 5555 (ψει
3495 5475 3646 5536 habet
3673 5475 3745 5536 εις

2205 5557 2492 5626 αἰσχίστην
2515 5555 2697 5627 ἔληξεν
2724 5551 2911 5679 Erro».
3342 5551 3379 5555 ’⁷

2277 5628 2387 5679 (74)
2433 5628 2722 5679 Ἐπηοτηιι
2757 5641 2877 5678 νων
2901 5625 3118 5679 κακῶν.
3147 5625 3329 5679 Codex
3361 5623 3635 5678 Mediczus
3662 5614 3745 5666 ha-

2277 5625 2387 5697 (74)
2433 5625 2877 5694 Ἐπηρτημένων
2901 5625 3118 5680 κακῶν.
3147 5625 3329 5680 Codex
3361 5625 3635 5678 Mediczus
3662 5625 3745 5693 ba-

2206 5698 2298 5751 bet
2327 5697 2488 5768 ἐπηρ.
2528 5695 2734 5749 δεινῶν.
2789 5696 2853 5748 Ει
2899 5697 3057 5762 paulo
3085 5705 3220 5750 ante
3257 5696 3310 5748 in
3356 5697 3532 5749 eodem
3563 5687 3745 5743 codice

2207 5766 2401 5820 legitur
2425 5772 2488 5820 ὲκ
2509 5767 2616 5820 τῶν
2637 5766 2892 5820 τοιούτων
2922 5765 3274 5820 ἀναφύονται.
3310 5775 3414 5820 etc.
3741 5811 3745 5814 .

2228 5775 2401 5836 egitur
2425 5775 2488 5821 ὲκ
2509 5775 2616 5820 των
2637 5775 2892 5820 τοιούτων
2922 5775 3274 5830 ἀναφύονται,
3310 5775 3414 5820 etc.
