3864 6492
213 356 338 416 ⁸025

1283 355 1370 409 DE
1410 355 1567 412 VITA
1605 354 2065 413 CONSTAN’I’INI
2102 354 2234 413 LIB.
2278 357 2343 415 II.

3293 368 3315 421 I
3326 367 3430 423 026

206 476 373 538 τοείας
384 472 495 544 (55)
509 472 714 545 πλάνης
742 474 850 527 τῶν
879 473 986 547 πρὸ
1016 474 1182 529 αὐτοῦ
1211 475 1626 547 κεκρατηκότων
1644 476 1746 545 (54]

1861 474 2118 532 vinciales
2163 476 2461 533 orationem
2502 475 2753 547 misitfde
2794 491 2981 534 errore
3008 479 3187 537 cultus
3219 482 3429 538 simula-

206 570 306 632 τοῖς
325 564 462 621 κατὰ
488 567 595 621 πᾶν
622 565 771 630 ἔθνος
803 565 1172 638 ἐπαρχεὼταις
1200 566 1541 637 κατέπεμπε,
1566 565 1757 636 λογιώ-

205 674 344 731 τερον
377 656 503 719 τοὺς
535 657 864 729 ἀρχομένους
907 658 1253 730 προτρέπων,
1295 656 1386 710 τὸν
1415 656 1507 710 ἐπὶ
1538 655 1755 710 πάντων

203 750 318 804 Θεὸν
345 748 647 821 γνωρίζειν,
676 748 836 802 αὐτόν
861 765 922 801 τε
951 748 1042 801 τὸν
1075 748 1310 821 Χριστὸν
1340 746 1503 801 αὑτοῦ
1531 747 1755 818 διαρρή-

202 842 285 915 δην
309 840 698 912 ἐπιγράφεσθαι
726 840 964 911 σωτῆρα.
984 840 1094 894 Καὶ
1115 839 1319 911 ταύτην
1341 838 1398 892 δὲ
1420 838 1516 910 τὴν
1537 840 1753 909 γραφὴν

203 933 522 1001 αὐτόγραφον
558 928 723 986 οὖσαν
768 930 954 996 αὐτοῦ,
995 934 1062 986 ἐκ
1091 932 1193 1002 τῆς
1236 931 1518 1003 Ῥωμαίων
1567 930 1752 1001 φωνῆς

200 1023 468 1079 ἀπολαϐεῖν
498 1025 791 1093 ἀναγκαῖον
822 1022 899 1094 τῷ
928 1024 1154 1096 παρόντι
1180 1023 1342 1095 λόγῳ,
1374 1024 1449 1087 ὡς
1480 1022 1548 1076 ἂν
1577 1022 1752 1076 δοκοῖ-

202 1134 287 1188 μεν
308 1115 468 1169 αὐτοῦ
504 1115 765 1186 βασιλέως
798 1115 1107 1181 ἐπακούειν,
1141 1118 1261 1179 ταῖς
1291 1115 1506 1169 πάντων
1538 1112 1751 1185 ἀνθρώ-

197 1225 300 1265 πων
327 1208 518 1271 ἀκοαίς
549 1206 738 1262 τοῦτον
770 1206 1065 1273 έκὸοῶντος
1089 1209 1180 1262 τὸν
1209 1208 1430 1280 τρόπον.

668 1499 849 1553 ΚΕΦΑ
859 1500 1061 1553 ΛΑΙΟΝ
1100 1501 1245 1553 ΜΗ’.

154 1643 158 1646 .
194 1591 633 1662 Κωνσταντίνου
677 1592 824 1662 πρὸς
860 1592 964 1662 τὰς
1000 1592 1290 1662 ἐπαρχίας
1321 1592 1454 1660 περὶ
1493 1592 1604 1662 τῆς
1637 1606 1743 1648 πο-

249 1662 460 1733 λυθέςυ
504 1659 746 1733 πλάνης-
770 1659 1085 1733 διάταγμα·
1114 1659 1214 1715 κάλ
1258 1659 1564 1732 προοίμιον
1608 1665 1740 1733 περὶ

251 1730 458 1800 ἀρετῆς
496 1732 596 1785 καὶ
638 1732 868 1806 κακίας.

256 1845 274 1877 ι
298 1825 538 1896 Νικητὴς
554 1827 978 1889 Κωνσταντῖνος,
998 1825 1251 1897 μέγιστος
1273 1823 1550 1888 σεϐαστὺς,
1572 1826 1717 1898 ἐπαρ
1731 1858 1746 1871 ε
1776 1824 1822 1880 Β

114 1922 134 1979 β
191 1916 401 1993 vibrat;
432 1916 794 1981 ἀνατολικοῖς.

256 2006 472 2061 ιΠάντα
521 2008 623 2079 μὲν
670 2008 772 2060 ὅσα
818 2009 929 2072 τοῖς
978 2008 1338 2081 κυριωτάτοις
1382 2009 1480 2080 τῆς
1530 2009 1744 2078 φύσεως

190 2100 481 2171 περιέχεται
514 2100 726 2170 νόμοις,
752 2100 850 2170 τῆς
882 2099 1023 2155 κατὰ
1049 2100 1148 2171 τὴν
1175 2100 1324 2155 θείαν
1348 2100 1584 2165 διάταξιν
1610 2119 1743 2173 προ-

190 2191 317 2257 νοίας
344 2210 402 2245 τε
432 2193 529 2247 καὶ
562 2191 796 2264 θεωρίας
831 2192 1020 2264 ἱκανὴν
1043 2191 1293 2263 αἴσθησιν
1310 2197 1418 2257 τοῖς
1438 2196 1569 2248 πᾶσι
1604 2211 1744 2267 παρο

191 2285 307 2356 έχει,
349 2284 470 2338 οὐδέ
516 2285 637 2338 ἐστί
671 2302 755 2346 τις
782 2284 1081 2354 ἀμφιϐολία
1111 2278 1193 2349 οἷς
1219 2286 1339 2338 κατ’
1365 2285 1577 2339 εὐθεῖαν
1606 2284 1746 2355 γνώ-

189 2391 309 2440 σεως
352 2375 467 2429 ὁδὸν
503 2376 537 2446 ἡ
573 2374 779 2427 διάνοια
811 2373 898 2427 ἐπ’
937 2376 1146 2428 ἐκεῖνον
1179 2374 1370 2442 ᾶγεται
1398 2373 1487 2426 τὸν
1520 2375 1742 2437 σκοπὸν,

189 2464 252 2528 ὡς
289 2467 320 2536 ή
360 2465 454 2518 τοῦ
503 2463 698 2534 ὑγιοῦς
737 2462 993 2535 λογισμοῦ
1024 2464 1118 2517 καὶ
1156 2464 1256 2535 τῆς
1293 2463 1487 2534 ὅψεως,
1514 2466 1680 2537 αὐτῆς
1711 2468 1744 2537 ή

189 2554 397 2629 ἀκριϐὴς
443 2554 785 2625 κατάληψις,
852 2555 950 2627 μιᾷ
1002 2557 1140 2627 ῥοπῇ
1190 2556 1289 2625 τῆς
1340 2554 1571 2627 ἀληθοῦς
1620 2557 1746 2628 ἁρε-

189 2648 271 2718 τῆς
293 2648 397 2719 (55)
445 2649 543 2701 ἐπὶ
577 2649 676 2718 τὴν
708 2646 905 2715 γνῶσιν
939 2647 1199 2719 ἀναφέρει
1231 2646 1325 2700 τοῦ
1349 2646 1504 2702 Θεοῦ.
1547 2648 1745 2722 Διόπερ

189 2742 280 2804 πᾶς
310 2741 524 2805 συνετὸς
554 2740 696 2811 ἀνὴρ
725 2741 824 2795 οὐκ
850 2738 915 2793 ἄν
948 2757 1076 2793 ποτε
1108 2738 1429 2811 ταραχθείη,
1458 2742 1585 2805 τοὺς
1616 2740 1745 2794 πολ-

188 2829 295 2895 λοὺς
323 2831 462 2903 ὁρῶν
506 2831 782 2894 ἐναντίαις
833 2831 1185 2903 προαιρέσεσι
1239 2830 1588 2902 φερομένους.
1638 2832 1747 2884 Ἀν-

188 2918 351 2993 6νητος
376 2922 487 2993 (56)
524 2921 639 2995 γὰρ
669 2920 735 2976 ἂν
763 2923 796 2993 ἡ
830 2922 926 2991 τῆς
962 2922 1166 2994 ἀρετῆς
1194 2922 1449 2975 ἐλάνθανε
1482 2922 1660 2994 χάρις,
1696 2926 1744 2977 εί

189 3013 253 3085 μὴ
274 3016 606 3087 καταντικρὺ
632 3015 724 3068 τὸν
748 3014 848 3085 τῆς
871 3013 1312 3086 διεστραμμένης
1342 3015 1601 3079 ἀπονοίας
1631 3014 1745 3087 βίον

191 3105 395 3174 ἡκακία
425 3107 824 3182 προύϐέδλητο.
859 3108 951 3161 Διὸ
995 3108 1091 3178 τῆς
1124 3107 1222 3178 μὲν
1255 3108 1456 3178 ἀρετῆς
1485 3108 1745 3178 στέφανος

1854 562 2095 634 crorum,
2129 583 2238 639 quo
2282 570 2638 639 imperatores
2672 569 2901 626 Romani
2935 582 3062 625 ante
3101 573 3269 643 ipsius
3297 586 3422 629 arta-

1856 666 1963 713 tem
1999 659 2224 716 involuti
2262 660 2515 717 fuissent.
2554 662 2620 718 Et
2666 663 2914 718 subditos
2938 663 3104 736 466
3142 681 3270 720 suos
3306 682 3427 721 cum

1854 749 2152 805 admirabili
2205 752 2460 808 facundia
2511 755 2833 810 exhortatus
2883 765 3005 821 est,
3043 769 3102 810 ιιι
3159 773 3428 813 sumumut

1852 841 2093 897 omnium
2122 842 2286 898 Deum
2346 854 2725 916 agnoscerent,
2779 846 3005 917 ejusque
3039 847 3234 903 Filium
3269 850 3429 903 Chri-

1851 940 1993 985 stum
2022 932 2125 988 sibi
2149 943 2480 991 servatorem
2520 937 2903 992 adsciscerent.
2941 938 3109 992 Porro
3138 939 3233 992 has
3263 941 3427 994 etiam

1850 1023 2059 1080 litteras
2090 1030 2250 1081 manu
2279 1029 2449 1098 ipsius
2488 1032 2743 1101 scriptas,
2772 1048 2836 1087 ex
2869 1031 3062 1086 Latino
3088 1047 3338 1087 sermone
3375 1032 3425 1085 in

1848 1113 2095 1170 Graecum
2126 1119 2447 1187 transferre,
2479 1130 2533 1176 et
2561 1123 2813 1192 praesenti
2855 1126 3006 1193 operi
3036 1123 3279 1178 intexere
3326 1138 3423 1176 ne-

1848 1207 2143 1262 cessarium
2174 1210 2344 1265 duxi:
2382 1221 2439 1265 ut
2489 1212 2664 1282 ipsum
2710 1214 3108 1283 quodammodo
3140 1216 3426 1283 imperato-

1847 1311 1963 1352 rem
1994 1300 2152 1355 nobis
2209 1304 2399 1359 audire
2426 1305 2729 1372 videamur,
2757 1316 3080 1361 cunctorum
3115 1307 3425 1361 mortalium

1846 1390 2066 1447 auribus
2099 1393 2151 1447 in
2188 1395 2303 1451 haec
2349 1398 2509 1451 verba
2547 1398 2959 1454 inclamautem.

2401 1506 2630 1562 CAPUT
2668 1507 2895 1563 XLVIII.

1843 1594 2175 1671 Constantini
2216 1598 2441 1671 {dictum
2504 1601 2573 1671 ad
2609 1601 2951 1664 provinciales
3003 1602 3067 1654 de
3114 1601 3249 1671 falsa
3281 1602 3425 1656 cultu

1913 1667 2198 1720 multorum
2225 1667 2472 1722 Deorum.
2496 1668 2797 1723 Exordium
2827 1672 2891 1723 de
2920 1667 3186 1725 virtute'et
3210 1675 3353 1727 vitio.

1931 1838 1951 1871 ι
1982 1816 2170 1874 Victor
2204 1818 2594 1876 Constantinus
2627 1819 2894 1877 Maximus
2912 1821 3184 1893 Augustus
3212 1824 3423 1894 provin-

1860 1912 2090 1967 cialibus
2120 1910 2385 1968 Orientis.

1938 2002 2325 2072 «Quaecunque
2356 2003 2683 2059 ﬁrmissimis
2741 2012 2946 2063 naturae
3011 2004 3215 2076 legibus
3263 2004 3429 2062 conti-

1845 2102 2061 2161 nentur,
2117 2092 2312 2149 divinae
2371 2096 2720 2165 providentia
2766 2104 2929 2166 atque
2968 2096 3332 2167 intelligentiae
3375 2096 3426 2150 in

1846 2184 2054 2240 cunctis
2099 2184 2259 2239 rebus
2288 2184 2608 2241 ordinandis
2648 2185 3002 2243 suﬁicicntem
3028 2188 3273 2243 notitiam
3308 2203 3428 2242 om-

1848 2276 2005 2331 nibus
2036 2276 2295 2345 pratbent.
2316 2275 2425 2332 Nec
2447 2276 2551 2331 ulla
2579 2277 2797 2333 exsistit
2825 2278 3086 2334 dubitatio
3105 2278 3169 2333 iis
3197 2293 3425 2348 quorum

1847 2375 2054 2422 mentes
2088 2376 2233 2422 recto
2260 2366 2497 2422 scientiae
2524 2367 2720 2423 itinere
2751 2367 2817 2423 ad
2847 2382 2972 2424 eum
2995 2383 3213 2438 scopum
3246 2365 3429 2423 rerun-

1850 2464 1957 2522 tur,
1984 2456 2110 2525 quin
2152 2470 2295 2511 same
2329 2458 2523 2514 mentis
2548 2458 2824 2529 ipsiusque
2853 2459 3129 2515 oculorum
3159 2460 3307 2515 visus
3334 2473 3428 2515 ac-

1847 2559 2031 2602 curata
2088 2549 2521 2618 comprehensio,
2553 2566 2696 2606 verae
2715 2552 2929 2606 virtutis
2949 2552 3134 2606 eodem
3177 2560 3429 2621 vergente

1850 2648 2012 2711 atque
2065 2640 2353 2697 inclinante
2412 2651 2641 2711 natura,
2722 2644 2789 2698 ad
2872 2644 3117 2699 notitiam
3159 2644 3251 2700 Dei
3307 2660 3428 2715 por-

1849 2731 2032 2787 ducat.
2073 2731 2338 2800 Quocirca
2404 2749 2565 2789 nemo
2615 2751 2852 2797 unquam
2902 2738 2983 2791 vir
3041 2736 3277 2806 prudens
3308 2736 3430 2788 an:-

1847 2841 1936 2881 mo
1957 2827 2534 2892 conturbabitur,cum
2578 2828 2867 2898 plerosque
2915 2830 3158 2884 homines
3213 2839 3429 2883 contra-

1858 2918 1939 2973 ria
1961 2918 2105 2974 inter
2125 2935 2184 2975 se
2216 2917 2339 2975 vitae
2364 2921 2610 2975 instituta
2630 2923 2827 2977 sectari
2864 2921 3260 2975 animadvertit.
3293 2920 3427 2974 Nam

1846 3010 2061 3066 virtutis
2084 3011 2254 3082 gratia
2280 3026 2501 3080 prorsus
2545 3013 2748 3067 inutilis
2782 3012 2970 3068 lateret
2997 3054 3012 3078 ,
3043 3013 3147 3066 nisi
3171 3009 3429 3081 improbi-

1847 3111 1931 3157 tas
1966 3096 2297 3173 perversam'
2342 3119 2406 3159 ac
2459 3104 2796 3175 desperatam
2833 3105 3041 3159 vivendi
3075 3105 3334 3159 rationem
3361 3098 3428 3159 ex

185 3167 482 3272 sponsum:
516 3202 622 3272 τῆς
654 3201 711 3255 δὲ
732 3167 986 3273 ’κρίσεως
1015 3167 1309 3255 αῦθεντείό
1339 3167 1560 3269 ὕψιστος
1592 3167 1740 3265 θεὸς.

1854 3196 2078 3249 adverso
2130 3206 2445 3265 Opponeret.
2498 3195 2706 3250 ldrirco
2761 3196 2940 3250 virtuti
2979 3194 3194 3265 quidem
3229 3209 3430 3250 corona

195 3289 319 3359 Ἐγὼ
356 3292 401 3346 δ’
441 3292 521 3358 ὡς
559 3291 641 3345 ἐνι
692 3291 925 3363 μάλιστα
973 3292 1244 3365 φανερῶς,
1300 3291 1429 3362 περὶ
1470 3290 1579 3344 τῶν
1626 3293 1745 3346 κατ’

183 3386 397 3447 ἐμαυτὸν
439 3387 678 3441 ἐλπίδων
722 3388 886 3441 πᾶσιν
937 3387 1066 3458 ὑμῖν
1112 3385 1441 3457 ὁμολογῆσαι
1492 3385 1747 3459 πειράσο-

189 3494 290 3549 μαι.
312 3498 331 3531 ι

677 3727 1067 3784 ΚΕΦΛΛΑΙΟΝ
1104 3728 1237 3783 ΜΘ.

184 3823 306 3891 Περὶ
349 3824 458 3878 τοῦ
512 3820 800 3893 φιλοθέου
852 3822 1073 3893 πατρὸς
1118 3819 1601 3893 Κωνᾳτιξντίνου,
1622 3823 1745 3893 ῌκαὶ

213 3889 331 3963 περὶ
348 3889 781 3961 Διοκλητιανοῦ
796 3891 895 3944 καὶ
909 3891 1281 3961 Μαξιμιανοῦ
1297 3890 1416 3944 τῶν
1428 3889 1710 3945 διωκτῶν.

246 4002 264 4036 ι
292 3985 489 4057 Ἐσχον
523 3984 703 4052 ἔγωγε
731 3984 858 4045 τοὺς
885 3981 992 4053 πρὸ
1016 3982 1206 4037 τούτου
1234 3982 1557 4054 γενομένους
1590 3983 1747 4036 αὑτο-

182 4074 458 4148 κράτορας,
494 4073 590 4129 διὰ
635 4073 698 4127 τὸ
727 4074 835 4126 τῶν
884 4073 1100 4144 τρόπων
1151 4074 1742 4145 ᾶγριον,ἁποκλήρους·

183 4168 323 4236 μόνος
348 4168 392 4223 δ’
422 4171 453 4222 ὁ
476 4166 668 4238 πατὴρ
693 4168 721 4219 ὁ
745 4165 875 4236 ἐμὸς
912 4165 1250 4238 ἡμερότητος
1282 4164 1418 4237 ἔργα
1445 4166 1747 4236 μετεχειρί-

181 4255 307 4325 ζετο,
340 4260 481 4332 μετὰ
508 4257 830 4329 θαυμαστῆς
857 4256 1139 4320 εὐλαϐείας
1171 4258 1229 4310 ἐν
1251 4257 1454 4320 πάσαις
1480 4260 1601 4325 ταῖς
1627 4259 1751 4309 ἐαυο

178 4351 259 4405 τοῦ
293 4353 529 4424 πράξεσι
563 4351 654 4405 τὸν
699 4349 919 4423 Πατέρα
947 4349 1077 4404 Θεὸν
1117 4349 1563 4420 ἐπικαλούμενος.
1598 4351 1750 4404 Ὅσοι

179 4437 224 4491 δὲ
262 4440 585 4513 λοιποὶ,οῦχ
634 4440 963 4509 ὑγιαίνοντες
1006 4441 1105 4505 τὰς
1151 4439 1370 4511 φρένας,
1426 4440 1751 4512 ἀγριότητος

1847 3283 2123 3354 proposita
2173 3292 2298 3339 est:
2338 3284 2671 3353 improbitati
2729 3294 2908 3339 autem
2954 3284 3314 3352 dijudicandae
3364 3299 3430 3337 ac

1844 3374 2135 3443 punienda:
2165 3384 2361 3444 prmest
2394 3374 2537 3429 Deus
2584 3376 2905 3430 altissimus.
2942 3376 3054 3446 Ego
3091 3390 3222 3431 vero
3249 3375 3317 3430 de
3366 3391 3429 3430 ea

1846 3481 1942 3535 spe
1978 3474 2141 3535 atque
2172 3466 2583 3535 exspectatione
2642 3483 2803 3536 quam
2838 3468 2966 3537 gero
3006 3480 3186 3520 rerum
3222 3464 3429 3519 futura-

1844 3570 1988 3620 rum,
2010 3556 2190 3624 quoad
2221 3564 2412 3626 potero
2457 3556 2803 3627 apertissime
2830 3556 2985 3612 vobis
3008 3550 3305 3611 ‘dissercre
3340 3570 3429 3608 co-

1847 3645 2039 3699 nabor.
2068 3663 2088 3696 ι

2410 3737 2638 3794 CAPUT
2680 3736 2866 3793 XLIX.

1851 3825 1927 3881 De
1964 3825 2157 3898 pio_qc
2213 3827 2305 3882 Dei
2348 3830 2710 3898 amantissimo
2781 3827 3116 3883 Constantini
3169 3837 3347 3898 patre,
3383 3837 3431 3884 et

1952 3900 2017 3948 de
2049 3895 2378 3951 Diocletiano
2403 3908 2451 3952 et
2505 3896 2836 3952 Maximiano
2877 3895 3321 3967 persecutoribus.

1931 4004 1950 4037 ι
1980 3988 2057 4041 Ac
2101 3988 2410 4057 superiores
2437 3988 2652 4059 quidem
2691 3991 3143 4059 imperatores.oh
3162 3989 3429 4043 feritatem

1850 4085 2009 4145 atque
2051 4080 2441 4133 immanitatem
2493 4097 2721 4145 morum,
2774 4081 2982 4135 alienos
3022 4096 3236 4148 semper
3266 4089 3430 4149 atque

1849 4178 2142 4223 extraneos
2172 4170 2353 4224 habui.
2386 4170 2543 4225 Solus
2580 4180 2738 4241 pater
2770 4187 2921 4226 meus
2954 4170 3164 4224 lenitati
3192 4185 3255 4223 ac
3285 4187 3431 4223 Imm-

1850 4259 2119 4313 suetudini
2158 4261 2383 4323 studuit,
2414 4277 2538 4315 cum
2592 4261 2908 4316 admiranda
2960 4260 3220 4329 religione
3261 4258 3428 4312 Deum

1850 4347 2069 4403 Patrem
2111 4350 2163 4404 in
2207 4351 2459 4406 omnibus
2498 4352 2611 4405 suis
2654 4350 2865 4405 actibus
2900 4350 3180 4403 invocans.
3216 4348 3428 4425 Reliqui

1852 4458 1983 4498 vero
2032 4444 2450 4515 haudquaquam
2483 4459 2613 4499 sana
2654 4455 2834 4498 mente
2883 4441 3115 4512 praediti,
3174 4440 3427 4494 immani-

241 4594 347 4668 (53)
406 4596 572 4665 Vulg.
613 4594 1012 4668 διδασκαλίαν
1058 4591 1215 4668 τῆςΔ
1244 4592 1746 4668 εἰδωλολατρείᾳς.

1870 4610 1933 4668 ex
1967 4598 2081 4667 ipsa
2113 4611 2289 4651 rerum
2325 4596 2661 4668 sensibilium
2694 4597 2939 4668 veritate
2983 4594 3437 4668 progreditur,g_et

181 4664 531 4721 Scribentluui
583 4676 668 4721 est
689 4665 789 4718 διδ.
842 4664 984 4718 κατὰ

1005 4667 1105 4735 τῆς
1143 4663 1581 4734 είδωλολατρείας
1619 4664 1757 4718 πλά-

1870 4663 2000 4721 hiue
2048 4670 2113 4720 ad
2161 4669 2355 4721 summi
2400 4668 2489 4720 Dei
2547 4667 2795 4720 notitiam
2848 4663 3112 4732 gradatim
3162 4663 3430 4717 ascendit.

179 4753 286 4808 trag,
331 4747 390 4792 ut
441 4739 497 4791 in
556 4736 740 4792 Mormi
781 4736 921 4808 libro
964 4733 1361 4808 adularginem
1408 4733 1746 4808 emendatum

1856 4734 2044 4791 Potest
2077 4738 2239 4791 etiam
2272 4740 2371 4791 hoc
2408 4737 2548 4800 loco,
2583 4737 2750 4808 ἁρετὴ
2780 4737 2875 4789 τοῦ
2915 4733 3150 4806 ἀληθοῦς
3197 4733 3303 4808 dici
3349 4733 3436 4785 vis

182 4803 372 4860 iuveni.
432 4808 529 4862 Est
567 4815 747 4862 autem
776 4804 1093 4858 διδασκαλία
1133 4803 1321 4867 sermo,
1369 4806 1572 4866 concio,
1609 4803 1755 4858 διδα-

180 4875 427 4947 σκαλικὸς
459 4878 645 4947 λόγος.
696 4875 752 4929 In
791 4875 978 4947 codice
1018 4872 1165 4947 Ριιιι.Δ
1190 4874 1276 4947 hic
1320 4874 1470 4947 locus
1509 4876 1578 4947 ita
1619 4878 1755 4947 seri-

177 4943 331 5011 bitur,
360 4942 716 5003 διδασκαλίαν
743 4945 883 4999 κατὰ
906 4947 1004 5017 τῆς
1028 4942 1467 5014 εἰδωλολατρείας
1494 4944 1588 4997 καὶ
1614 4944 1749 4997 πλάο

321 5028 428 5071 etc.

180 5032 288 5088 νης,
321 5032 428 5071 etc.

244 5087 351 5161 (54)
380 5087 509 5161 Τῶν
533 5083 652 5161 πρό
670 5085 855 5140 αὐτοῦ
877 5082 1338 5161 κεκρατηκότων.
1370 5080 1609 5161 [:essime
1631 5083 1743 5138 lucc

180 5154 342 5212 vertit
369 5154 902 5226 Christbphorsonus
927 5157 1042 5225 qui,
1065 5164 1124 5226 ut
1141 5154 1353 5226 opinor,
1370 5154 1608 5226 Portesii
1631 5169 1745 5207 ver-

182 5228 375 5283 sionem
405 5244 517 5282 non
556 5223 784 5280 viderat.
812 5223 978 5280 Reme
1005 5224 1147 5280 enim
1172 5223 1448 5278 Portesius
1475 5223 1588 5276 inec
1617 5238 1742 5276 ver-

182 5298 243 5354 ba
269 5304 666 5368 interpretatus
694 5306 795 5360 est,
843 5296 1087 5365 quamvis
1112 5307 1328 5350 sensum
1357 5309 1463 5347 non
1497 5294 1746 5347 sit‘asse-

183 5379 350 5423 CIIIIIS.

246 5439 355 5511 (35)
394 5436 521 5505 Μιᾷ
537 5434 702 5505 ῥοπῇ
724 5434 836 5511 τῆς
864 5434 1131 5511 ἀληθοῦς
1158 5431 1393 5502 ἀρετῆς.
1434 5431 1617 5485 Virtus
1654 5433 1745 5511 hic

183 5504 273 5576 pro
307 5504 648 5578 perfectione
691 5504 829 5560 s'utui
867 5508 1096 5578 videtur,
1115 5513 1244 5578 tam
1292 5519 1355 5557 ea
1399 5515 1518 5578 quae
1548 5512 1633 5578 est
1683 5504 1735 5556 in

186 5571 508 5647 visu'quam
547 5593 666 5645 quae
693 5578 743 5631 in
793 5574 1084 5647 intellectu.
1115 5573 1353 5647 Utraque
1382 5571 1527 5647 enim
1560 5573 1645 5626 vis
1674 5587 1737 5647 ac

184 5640 435 5715 perfeciio
476 5640 668 5702 eodem
716 5648 901 5708 tendit,
948 5644 1013 5697 ad
1048 5640 1288 5715 veritatis
1337 5640 1547 5697 scilicet
1589 5644 1736 5715 noti-

187 5712 328 5772 tiam.
374 5720 589 5772 Sensus
620 5719 835 5786 quidem
871 5715 934 5768 ad
967 5714 1466 5786 veritatemreruut
1499 5712 1732 5786 sensibi-

187 5787 339 5854 lium,
369 5782 681 5844 intellectus
716 5802 844 5843 vero
894 5786 960 5840 ad
998 5783 1403 5850 intelligibilium
1450 5782 1735 5839 veritatem

1852 4819 1917 4858 ac
1944 4808 2118 4861 virtus
2152 4808 2418 4861 veritatis.
2468 4809 2596 4873 Qua:
2625 4804 2926 4876 Setpiuntur
2965 4804 3172 4866 tamen,
3218 4804 3285 4857 de
3315 4818 3435 4876 nito-

1853 4878 1953 4951 rali
1997 4878 2195 4931 virtute
2232 4878 2378 4932 hunc
2429 4877 2605 4932 locum
2653 4875 3028 4946 accipiendum
3058 4889 3181 4929 esse
3226 4875 3432 4930 contir-

1848 4957 2231 5089 ’Πῗὲἶὴγιηθ
2279 5016 2748 5089 ἀνόητοςηιθει)
2804 5016 3096 5089 ἀνόνητος,
3148 5024 3205 5089 ut
3243 5021 3325 5089 est
3375 5013 3428 5089 in

1847 5083 2270 5155 Fuk.,lllora3iet
2294 5083 2701 5144 Grutertlibrof
2718 5086 2881 5139 Paulo
2906 5083 3024 5155 post
3052 5087 3233 5141 scribo
3259 5083 3340 5136 διὸ
3360 5085 3426 5153 τῇ

1830 5164 1835 5173 ‘
1851 5163 1948 5234 μὲν
1992 5161 2159 5234 ἀρετῇ
2209 5160 2471 5234 στέφανος
2518 5156 2830 5234 πρόκειται.
2871 5158 3253 5234 ,διιηι-ιιιιιειιι
3308 5156 3427 5234 lucc

1831 5226 2005 5284 'valde
2032 5226 2268 5285 obscura
2308 5226 2365 5283 et
2407 5227 2693 5289 iutricata;
2738 5226 2882 5293 quod
2920 5227 3113 5295 partim
3159 5226 3430 5295 constan-

1850 5303 1964 5354 tino
2014 5302 2112 5367 ipsi
2151 5300 2496 5372 tribuendum
2524 5305 2629 5360 est,
2669 5292 2991 5372 qui_utp_(§te
3034 5292 3333 5372 όψιμαθής,
3373 5293 3423 5372 in

1850 5365 2081 5426 dicendo
2121 5378 2239 5423 erat
2286 5366 2597 5431 obscurior;
2646 5365 2846 5422 partim
2897 5365 3153 5425 Eusebio,
3189 5376 3282 5415 seu
3333 5365 3424 5414 cui

1849 5441 2004 5495 alteri
2029 5440 2119 5509 qui
2138 5455 2203 5493 ex
2218 5438 2425 5509 Latinis
2443 5436 2692 5509 obscuris
2716 5436 2907 5509 Grajca
2936 5434 3062 5487 fecit
3087 5431 3424 5509 obscuriora.

1843 5509 1900 5563 In
1946 5503 2314 5576 tuat'mscripto
2363 5504 2579 5560 Fuketii
2625 5505 2765 5576 libro
2811 5504 3072 5575 ἀνόνητος
3116 5503 3334 5573 legitur,
3372 5509 3431 5555 et.

1841 5579 1921 5634 διὸ
1950 5580 2050 5652 τῆς
2083 5580 2181 5652 μὲν
2216 5575 2439 5650 ἀρετῆς,
2471 5575 2838 5647 ctc.,0ptime.
