  <div class='ocr_page' id='page_1' title='image "/cluster/home/n/w/nwhite01/storage/ocr_20150623/20/hvd.32044012984548/519.png"; bbox 0 0 3864 6486; ppageno 0'>
   <div class='ocr_carea' id='block_1_1' title="bbox 478 316 3721 404">
    <p class='ocr_par' dir='ltr' id='par_1_1' title="bbox 478 316 3721 404">
     <span class='ocr_line' id='line_1_1' title="bbox 478 316 3721 404; baseline 0.004 -14"><span class='ocrx_word' id='word_1_1' title='bbox 478 336 613 391; x_wconf 74' lang='grc' dir='ltr'>ιοετ</span> <span class='ocrx_word' id='word_1_2' title='bbox 1176 334 1445 394; x_wconf 84' lang='lat' dir='ltr'><strong>EUSEBll</strong></span> <span class='ocrx_word' id='word_1_3' title='bbox 1482 316 1955 392; x_wconf 57' lang='lat' dir='ltr'><strong>cmsmisnsxs</strong></span> <span class='ocrx_word' id='word_1_4' title='bbox 1992 333 2142 392; x_wconf 69' lang='lat' dir='ltr'><strong>ore.</strong></span> <span class='ocrx_word' id='word_1_5' title='bbox 2185 335 2365 391; x_wconf 62' lang='lat' dir='ltr'><strong>psus</strong></span> <span class='ocrx_word' id='word_1_6' title='bbox 2400 338 2443 391; x_wconf 83' lang='grc' dir='ltr'><strong>ι.</strong></span> <span class='ocrx_word' id='word_1_7' title='bbox 2483 366 2553 376; x_wconf 90' lang='grc'><strong><em>-</em></strong></span> <span class='ocrx_word' id='word_1_8' title='bbox 2591 337 2984 398; x_wconf 79' lang='lat' dir='ltr'><strong>HISTORICA.</strong></span> <span class='ocrx_word' id='word_1_9' title='bbox 3585 349 3721 404; x_wconf 67' lang='lat'><strong>109.8</strong></span> 
     </span>
    </p>
   </div>
   <div class='ocr_carea' id='block_1_2' title="bbox 474 477 1997 560">
    <p class='ocr_par' dir='ltr' id='par_1_2' title="bbox 474 477 1984 550">
     <span class='ocr_line' id='line_1_2' title="bbox 474 477 1984 550; baseline -0.002 -17"><span class='ocrx_word' id='word_1_10' title='bbox 474 489 637 534; x_wconf 81' lang='lat' dir='ltr'><strong>tatem</strong></span> <span class='ocrx_word' id='word_1_11' title='bbox 685 480 862 550; x_wconf 83' lang='lat' dir='ltr'><strong>potius</strong></span> <span class='ocrx_word' id='word_1_12' title='bbox 912 479 1210 536; x_wconf 86' lang='lat' dir='ltr'><strong>consectati</strong></span> <span class='ocrx_word' id='word_1_13' title='bbox 1252 487 1379 534; x_wconf 89' lang='lat' dir='ltr'><strong>sunt</strong></span> <span class='ocrx_word' id='word_1_14' title='bbox 1429 493 1590 547; x_wconf 86' lang='lat' dir='ltr'><strong>quam</strong></span> <span class='ocrx_word' id='word_1_15' title='bbox 1642 477 1984 533; x_wconf 89' lang='lat' dir='ltr'><strong>clementiam</strong></span> 
     </span>
    </p>
   </div>
   <div class='ocr_carea' id='block_1_3' title="bbox 2118 477 3719 560">
    <p class='ocr_par' dir='ltr' id='par_1_3' title="bbox 2140 477 3719 560">
     <span class='ocr_line' id='line_1_3' title="bbox 2140 477 3719 560; baseline 0.008 -30"><span class='ocrx_word' id='word_1_16' title='bbox 2140 477 2340 547; x_wconf 79' lang='grc' dir='ltr'>μᾶλλον</span> <span class='ocrx_word' id='word_1_17' title='bbox 2371 479 2404 550; x_wconf 83' lang='grc' dir='ltr'>ἢ</span> <span class='ocrx_word' id='word_1_18' title='bbox 2439 478 2752 551; x_wconf 87' lang='grc' dir='ltr'>πραότητος</span> <span class='ocrx_word' id='word_1_19' title='bbox 2782 480 3156 552; x_wconf 79' lang='grc' dir='ltr'>ἐπεμελοῦντο,</span> <span class='ocrx_word' id='word_1_20' title='bbox 3209 484 3304 539; x_wconf 69' lang='grc' dir='ltr'>καὶ</span> <span class='ocrx_word' id='word_1_21' title='bbox 3328 485 3536 560; x_wconf 84' lang='grc' dir='ltr'>ταύτην</span> <span class='ocrx_word' id='word_1_22' title='bbox 3570 488 3719 559; x_wconf 73' lang='grc' dir='ltr'>ἐτρε-</span> 
     </span>
    </p>
   </div>
   <div class='ocr_carea' id='block_1_4' title="bbox 471 567 1997 648">
    <p class='ocr_par' dir='ltr' id='par_1_4' title="bbox 471 572 1997 646">
     <span class='ocr_line' id='line_1_4' title="bbox 471 572 1997 646; baseline 0 -18"><span class='ocrx_word' id='word_1_23' title='bbox 471 590 699 646; x_wconf 89' lang='lat' dir='ltr'><strong>camque</strong></span> <span class='ocrx_word' id='word_1_24' title='bbox 732 575 923 629; x_wconf 90' lang='lat' dir='ltr'><strong>mirum</strong></span> <span class='ocrx_word' id='word_1_25' title='bbox 962 574 1014 627; x_wconf 91' lang='lat' dir='ltr'><strong>in</strong></span> <span class='ocrx_word' id='word_1_26' title='bbox 1055 573 1272 629; x_wconf 89' lang='lat' dir='ltr'><strong>modum</strong></span> <span class='ocrx_word' id='word_1_27' title='bbox 1299 572 1461 645; x_wconf 66' lang='grc'><strong>467</strong></span> <span class='ocrx_word' id='word_1_28' title='bbox 1498 573 1766 638; x_wconf 89' lang='lat' dir='ltr'><strong>aluerunt,</strong></span> <span class='ocrx_word' id='word_1_29' title='bbox 1804 581 1916 628; x_wconf 91' lang='lat' dir='ltr'><strong>toto</strong></span> <span class='ocrx_word' id='word_1_30' title='bbox 1937 574 1997 628; x_wconf 81' lang='lat' dir='ltr'><strong>im</strong></span> 
     </span>
    </p>
   </div>
   <div class='ocr_carea' id='block_1_5' title="bbox 2118 567 3719 648">
    <p class='ocr_par' dir='ltr' id='par_1_5' title="bbox 2141 567 3719 648">
     <span class='ocr_line' id='line_1_5' title="bbox 2141 567 3719 648; baseline 0.01 -30"><span class='ocrx_word' id='word_1_31' title='bbox 2141 582 2240 634; x_wconf 83' lang='grc' dir='ltr'><strong>φον</strong></span> <span class='ocrx_word' id='word_1_32' title='bbox 2267 567 2534 636; x_wconf 80' lang='grc' dir='ltr'>ἀφθόνως,</span> <span class='ocrx_word' id='word_1_33' title='bbox 2565 568 2796 622; x_wconf 76' lang='grc' dir='ltr'>ἐπὶτῶν</span> <span class='ocrx_word' id='word_1_34' title='bbox 2822 569 2964 623; x_wconf 88' lang='grc' dir='ltr'>ίδίων</span> <span class='ocrx_word' id='word_1_35' title='bbox 2997 572 3206 645; x_wconf 83' lang='grc' dir='ltr'>καιρῶν</span> <span class='ocrx_word' id='word_1_36' title='bbox 3241 574 3334 630; x_wconf 67' lang='grc' dir='ltr'>τὸν</span> <span class='ocrx_word' id='word_1_37' title='bbox 3366 576 3542 648; x_wconf 84' lang='grc' dir='ltr'><strong>ἀληθῆ</strong></span> <span class='ocrx_word' id='word_1_38' title='bbox 3568 577 3719 648; x_wconf 80' lang='grc' dir='ltr'>λόγον</span> 
     </span>
    </p>
   </div>
   <div class='ocr_carea' id='block_1_6' title="bbox 472 656 1997 738">
    <p class='ocr_par' dir='ltr' id='par_1_6' title="bbox 472 664 1997 735">
     <span class='ocr_line' id='line_1_6' title="bbox 472 664 1997 735; baseline -0.001 -14"><span class='ocrx_word' id='word_1_39' title='bbox 472 668 604 732; x_wconf 87' lang='lat' dir='ltr'><strong>perii</strong></span> <span class='ocrx_word' id='word_1_40' title='bbox 634 669 714 721; x_wconf 85' lang='lat' dir='ltr'><strong>sui</strong></span> <span class='ocrx_word' id='word_1_41' title='bbox 748 675 988 735; x_wconf 88' lang='lat' dir='ltr'><strong>tempore</strong></span> <span class='ocrx_word' id='word_1_42' title='bbox 1027 680 1212 719; x_wconf 82' lang='lat' dir='ltr'><strong>veram</strong></span> <span class='ocrx_word' id='word_1_43' title='bbox 1269 667 1574 720; x_wconf 82' lang='lat' dir='ltr'><strong>doctrinam</strong></span> <span class='ocrx_word' id='word_1_44' title='bbox 1635 664 1997 720; x_wconf 71' lang='lat' dir='ltr'><strong>subvertente:</strong></span> 
     </span>
    </p>
   </div>
   <div class='ocr_carea' id='block_1_7' title="bbox 2118 656 3719 738">
    <p class='ocr_par' dir='ltr' id='par_1_7' title="bbox 2137 656 3719 738">
     <span class='ocr_line' id='line_1_7' title="bbox 2137 656 3719 738; baseline 0.009 -29"><span class='ocrx_word' id='word_1_45' title='bbox 2137 656 2572 728; x_wconf 79' lang='grc' dir='ltr'><strong>διαστρέφοντες,</strong></span> <span class='ocrx_word' id='word_1_46' title='bbox 2605 659 2706 730; x_wconf 78' lang='grc' dir='ltr'>τῆς</span> <span class='ocrx_word' id='word_1_47' title='bbox 2731 660 2789 713; x_wconf 85' lang='grc' dir='ltr'>δὲ</span> <span class='ocrx_word' id='word_1_48' title='bbox 2819 662 3082 733; x_wconf 81' lang='grc' dir='ltr'><strong>πονηρίας</strong></span> <span class='ocrx_word' id='word_1_49' title='bbox 3104 665 3288 730; x_wconf 80' lang='grc' dir='ltr'>αὐτοῖς</span> <span class='ocrx_word' id='word_1_50' title='bbox 3313 669 3346 736; x_wconf 85' lang='grc' dir='ltr'><strong>ή</strong></span> <span class='ocrx_word' id='word_1_51' title='bbox 3375 667 3619 738; x_wconf 82' lang='grc' dir='ltr'><strong>δεινότης</strong></span> <span class='ocrx_word' id='word_1_52' title='bbox 3641 673 3719 736; x_wconf 81' lang='grc' dir='ltr'><strong>είς</strong></span> 
     </span>
    </p>
   </div>
   <div class='ocr_carea' id='block_1_8' title="bbox 470 748 1997 828">
    <p class='ocr_par' dir='ltr' id='par_1_8' title="bbox 470 755 1997 828">
     <span class='ocr_line' id='line_1_8' title="bbox 470 755 1997 828; baseline -0.001 -16"><span class='ocrx_word' id='word_1_53' title='bbox 470 758 636 814; x_wconf 81' lang='lat' dir='ltr'><strong>Porro</strong></span> <span class='ocrx_word' id='word_1_54' title='bbox 667 757 1028 827; x_wconf 86' lang='lat' dir='ltr'><strong>improbitatis</strong></span> <span class='ocrx_word' id='word_1_55' title='bbox 1049 757 1288 826; x_wconf 85' lang='lat' dir='ltr'><strong>ipsorum</strong></span> <span class='ocrx_word' id='word_1_56' title='bbox 1321 765 1606 828; x_wconf 87' lang='lat' dir='ltr'><strong>tantopere</strong></span> <span class='ocrx_word' id='word_1_57' title='bbox 1630 755 1781 811; x_wconf 78' lang='lat' dir='ltr'><strong>furor</strong></span> <span class='ocrx_word' id='word_1_58' title='bbox 1806 757 1997 811; x_wconf 80' lang='lat' dir='ltr'><strong>exarsi</strong></span> 
     </span>
    </p>
   </div>
   <div class='ocr_carea' id='block_1_9' title="bbox 2118 748 3716 828">
    <p class='ocr_par' dir='ltr' id='par_1_9' title="bbox 2135 748 3716 826">
     <span class='ocr_line' id='line_1_9' title="bbox 2135 748 3716 826; baseline 0.009 -27"><span class='ocrx_word' id='word_1_59' title='bbox 2135 748 2388 801; x_wconf 83' lang='grc' dir='ltr'>τοσοῦτον</span> <span class='ocrx_word' id='word_1_60' title='bbox 2431 749 2716 821; x_wconf 74' lang='grc' dir='ltr'>ἐξήπτετο,</span> <span class='ocrx_word' id='word_1_61' title='bbox 2759 751 2834 815; x_wconf 84' lang='grc' dir='ltr'>ὠς</span> <span class='ocrx_word' id='word_1_62' title='bbox 2881 753 3094 806; x_wconf 86' lang='grc' dir='ltr'>πάντων</span> <span class='ocrx_word' id='word_1_63' title='bbox 3138 756 3275 826; x_wconf 79' lang='grc' dir='ltr'>ὁμοῦ</span> <span class='ocrx_word' id='word_1_64' title='bbox 3315 757 3428 811; x_wconf 83' lang='grc' dir='ltr'><strong>τῶν</strong></span> <span class='ocrx_word' id='word_1_65' title='bbox 3460 758 3620 812; x_wconf 85' lang='grc' dir='ltr'>Θείων</span> <span class='ocrx_word' id='word_1_66' title='bbox 3658 778 3716 815; x_wconf 78' lang='grc' dir='ltr'><strong>τε</strong></span> 
     </span>
    </p>
   </div>
   <div class='ocr_carea' id='block_1_10' title="bbox 468 840 1997 922">
    <p class='ocr_par' dir='ltr' id='par_1_10' title="bbox 468 848 1997 916">
     <span class='ocr_line' id='line_1_10' title="bbox 468 848 1997 916; baseline -0.001 -12"><span class='ocrx_word' id='word_1_67' title='bbox 468 860 526 904; x_wconf 87' lang='lat' dir='ltr'><strong>ut</strong></span> <span class='ocrx_word' id='word_1_68' title='bbox 574 851 784 906; x_wconf 91' lang='lat' dir='ltr'><strong>cunctis</strong></span> <span class='ocrx_word' id='word_1_69' title='bbox 836 858 943 903; x_wconf 89' lang='lat' dir='ltr'><strong>tam</strong></span> <span class='ocrx_word' id='word_1_70' title='bbox 999 848 1195 903; x_wconf 82' lang='lat' dir='ltr'><strong>divinis</strong></span> <span class='ocrx_word' id='word_1_71' title='bbox 1235 863 1398 916; x_wconf 86' lang='lat' dir='ltr'><strong>quam</strong></span> <span class='ocrx_word' id='word_1_72' title='bbox 1451 849 1707 902; x_wconf 82' lang='lat' dir='ltr'><strong>humanis</strong></span> <span class='ocrx_word' id='word_1_73' title='bbox 1763 849 1924 904; x_wconf 87' lang='lat' dir='ltr'><strong>rebus</strong></span> <span class='ocrx_word' id='word_1_74' title='bbox 1982 848 1997 902; x_wconf 92' lang='lat' dir='ltr'><strong>i</strong></span> 
     </span>
    </p>
   </div>
   <div class='ocr_carea' id='block_1_11' title="bbox 2118 840 3717 922">
    <p class='ocr_par' dir='ltr' id='par_1_11' title="bbox 2136 840 3717 922">
     <span class='ocr_line' id='line_1_11' title="bbox 2136 840 3717 922; baseline 0.007 -29"><span class='ocrx_word' id='word_1_75' title='bbox 2136 840 2231 894; x_wconf 73' lang='grc' dir='ltr'>καὶ</span> <span class='ocrx_word' id='word_1_76' title='bbox 2269 841 2622 913; x_wconf 82' lang='grc' dir='ltr'>ἀνθρωπίνων</span> <span class='ocrx_word' id='word_1_77' title='bbox 2665 843 3012 914; x_wconf 81' lang='grc' dir='ltr'><strong>πραγμάτων</strong></span> <span class='ocrx_word' id='word_1_78' title='bbox 3057 849 3514 920; x_wconf 82' lang='grc' dir='ltr'>είρηνευομένων,</span> <span class='ocrx_word' id='word_1_79' title='bbox 3546 852 3717 922; x_wconf 77' lang='grc' dir='ltr'>ἐμφυ-</span> 
     </span>
    </p>
   </div>
   <div class='ocr_carea' id='block_1_12' title="bbox 465 928 1997 1020">
    <p class='ocr_par' dir='ltr' id='par_1_12' title="bbox 465 939 1997 1020">
     <span class='ocr_line' id='line_1_12' title="bbox 465 939 1997 1020; baseline -0.002 -23"><span class='ocrx_word' id='word_1_80' title='bbox 465 958 667 997; x_wconf 86' lang='lat' dir='ltr'><strong>summa</strong></span> <span class='ocrx_word' id='word_1_81' title='bbox 709 956 839 1012; x_wconf 85' lang='lat' dir='ltr'><strong>pace</strong></span> <span class='ocrx_word' id='word_1_82' title='bbox 888 941 1218 1010; x_wconf 87' lang='lat' dir='ltr'><strong>constitutis,</strong></span> <span class='ocrx_word' id='word_1_83' title='bbox 1261 941 1362 1011; x_wconf 90' lang='lat' dir='ltr'><strong>ipsi</strong></span> <span class='ocrx_word' id='word_1_84' title='bbox 1409 939 1550 997; x_wconf 85' lang='lat' dir='ltr'><strong>bella</strong></span> <span class='ocrx_word' id='word_1_85' title='bbox 1599 939 1776 1020; x_wconf 80' lang='lat' dir='ltr'><strong>civilia</strong></span> <span class='ocrx_word' id='word_1_86' title='bbox 1829 940 1997 996; x_wconf 81' lang='lat' dir='ltr'><strong>excita</strong></span> 
     </span>
    </p>
   </div>
   <div class='ocr_carea' id='block_1_13' title="bbox 2118 928 3676 1020">
    <p class='ocr_par' dir='ltr' id='par_1_13' title="bbox 2134 928 3676 1011">
     <span class='ocr_line' id='line_1_13' title="bbox 2134 928 3676 1011; baseline 0.008 -28"><span class='ocrx_word' id='word_1_87' title='bbox 2134 928 2281 994; x_wconf 90' lang='grc' dir='ltr'>λίους</span> <span class='ocrx_word' id='word_1_88' title='bbox 2309 931 2400 984; x_wconf 77' lang='grc' dir='ltr'><strong>ὑπ’</strong></span> <span class='ocrx_word' id='word_1_89' title='bbox 2430 933 2651 987; x_wconf 77' lang='grc' dir='ltr'>ἐκείνων</span> <span class='ocrx_word' id='word_1_90' title='bbox 2681 933 2952 1004; x_wconf 82' lang='grc' dir='ltr'><strong>πολέμους</strong></span> <span class='ocrx_word' id='word_1_91' title='bbox 2985 935 3096 1006; x_wconf 84' lang='grc'>(57)</span> <span class='ocrx_word' id='word_1_92' title='bbox 3134 937 3618 1011; x_wconf 77' lang='grc' dir='ltr'>άναρῤιπίζεσθαι.</span> <span class='ocrx_word' id='word_1_93' title='bbox 3659 962 3676 995; x_wconf 79' lang='grc' dir='ltr'><strong>ι</strong></span> 
     </span>
    </p>
   </div>
   <div class='ocr_carea' id='block_1_14' title="bbox 465 1047 634 1092">
    <p class='ocr_par' dir='ltr' id='par_1_14' title="bbox 465 1047 634 1092">
     <span class='ocr_line' id='line_1_14' title="bbox 465 1047 634 1092; baseline -0.018 -1"><span class='ocrx_word' id='word_1_94' title='bbox 465 1047 598 1092; x_wconf 91' lang='lat' dir='ltr'><strong>rent.</strong></span> <span class='ocrx_word' id='word_1_95' title='bbox 615 1055 634 1088; x_wconf 71' lang='grc' dir='ltr'><strong>ι</strong></span> 
     </span>
    </p>
   </div>
   <div class='ocr_carea' id='block_1_15' title="bbox 2659 1117 3178 1174">
    <p class='ocr_par' dir='ltr' id='par_1_15' title="bbox 2659 1117 3178 1174">
     <span class='ocr_line' id='line_1_15' title="bbox 2659 1117 3178 1174; baseline 0.006 -3"><span class='ocrx_word' id='word_1_96' title='bbox 2659 1117 3055 1172; x_wconf 80' lang='grc' dir='ltr'><strong>ΚΕΦΑΛΑΙΟΝ</strong></span> <span class='ocrx_word' id='word_1_97' title='bbox 3093 1119 3178 1174; x_wconf 90' lang='lat' dir='ltr'><strong>N&#39;.</strong></span> 
     </span>
    </p>
   </div>
   <div class='ocr_carea' id='block_1_16' title="bbox 2135 1204 3713 1289">
    <p class='ocr_par' dir='ltr' id='par_1_16' title="bbox 2135 1204 3713 1289">
     <span class='ocr_line' id='line_1_16' title="bbox 2135 1204 3713 1289; baseline 0.008 -30"><span class='ocrx_word' id='word_1_98' title='bbox 2135 1204 2261 1289; x_wconf 62' lang='grc' dir='ltr'>Ὅτι</span> <span class='ocrx_word' id='word_1_99' title='bbox 2300 1207 2422 1289; x_wconf 47' lang='grc' dir='ltr'>διὰ,</span> <span class='ocrx_word' id='word_1_100' title='bbox 2442 1206 2558 1277; x_wconf 80' lang='grc' dir='ltr'><strong>τὴν</strong></span> <span class='ocrx_word' id='word_1_101' title='bbox 2588 1206 2697 1262; x_wconf 85' lang='grc' dir='ltr'>τοῦ</span> <span class='ocrx_word' id='word_1_102' title='bbox 2758 1210 3124 1289; x_wconf 41' lang='grc' dir='ltr'>ᾎπόὶλλωτος</span> <span class='ocrx_word' id='word_1_103' title='bbox 3161 1215 3481 1289; x_wconf 62' lang='grc' dir='ltr'>μαντείαν,</span> <span class='ocrx_word' id='word_1_104' title='bbox 3518 1218 3606 1289; x_wconf 13' lang='grc' dir='ltr'>γὼς</span> <span class='ocrx_word' id='word_1_105' title='bbox 3628 1217 3713 1289; x_wconf 74' lang='grc' dir='ltr'>μὴ</span> 
     </span>
    </p>
   </div>
   <div class='ocr_carea' id='block_1_17' title="bbox 2197 1277 3712 1356">
    <p class='ocr_par' dir='ltr' id='par_1_17' title="bbox 2197 1277 3712 1356">
     <span class='ocr_line' id='line_1_17' title="bbox 2197 1277 3712 1356; baseline 0.011 -26"><span class='ocrx_word' id='word_1_106' title='bbox 2197 1277 2534 1356; x_wconf 60' lang='grc' dir='ltr'>δυναμένῳ</span> <span class='ocrx_word' id='word_1_107' title='bbox 2566 1281 2967 1356; x_wconf 65' lang='grc' dir='ltr'>μαντεύεσθαι</span> <span class='ocrx_word' id='word_1_108' title='bbox 3013 1280 3111 1335; x_wconf 86' lang='grc' dir='ltr'>διὰ</span> <span class='ocrx_word' id='word_1_109' title='bbox 3160 1277 3305 1350; x_wconf 74' lang='grc' dir='ltr'>τοὺς</span> <span class='ocrx_word' id='word_1_110' title='bbox 3358 1277 3712 1356; x_wconf 53' lang='grc' dir='ltr'>δικάσύςξδ</span> 
     </span>
    </p>
   </div>
   <div class='ocr_carea' id='block_1_18' title="bbox 2197 1347 2831 1416">
    <p class='ocr_par' dir='ltr' id='par_1_18' title="bbox 2197 1347 2831 1416">
     <span class='ocr_line' id='line_1_18' title="bbox 2197 1347 2831 1416; baseline 0.005 -16"><span class='ocrx_word' id='word_1_111' title='bbox 2197 1347 2451 1416; x_wconf 78' lang='grc' dir='ltr'><strong>διωγμὸς</strong></span> <span class='ocrx_word' id='word_1_112' title='bbox 2479 1349 2831 1416; x_wconf 77' lang='grc' dir='ltr'>ἀνεκινήθη.</span> 
     </span>
    </p>
   </div>
   <div class='ocr_carea' id='block_1_19' title="bbox 2203 1440 3709 1522">
    <p class='ocr_par' dir='ltr' id='par_1_19' title="bbox 2203 1440 3709 1522">
     <span class='ocr_line' id='line_1_19' title="bbox 2203 1440 3709 1522; baseline 0.009 -30"><span class='ocrx_word' id='word_1_113' title='bbox 2203 1440 2337 1494; x_wconf 74' lang='grc' dir='ltr'><strong>«Τὸν</strong></span> <span class='ocrx_word' id='word_1_114' title='bbox 2369 1441 2609 1495; x_wconf 82' lang='grc' dir='ltr'>Ἀπόλλω</span> <span class='ocrx_word' id='word_1_115' title='bbox 2629 1442 2692 1495; x_wconf 80' lang='grc' dir='ltr'>τὸ</span> <span class='ocrx_word' id='word_1_116' title='bbox 2718 1443 3016 1513; x_wconf 79' lang='grc' dir='ltr'>τηνικαῦτα</span> <span class='ocrx_word' id='word_1_117' title='bbox 3037 1444 3244 1516; x_wconf 73' lang='grc' dir='ltr'>ἔφασαν</span> <span class='ocrx_word' id='word_1_118' title='bbox 3265 1448 3324 1514; x_wconf 76' lang='grc' dir='ltr'><strong>ἐξ</strong></span> <span class='ocrx_word' id='word_1_119' title='bbox 3349 1449 3549 1522; x_wconf 76' lang='grc' dir='ltr'>ἄντρου</span> <span class='ocrx_word' id='word_1_120' title='bbox 3575 1451 3709 1516; x_wconf 79' lang='grc' dir='ltr'>τινὸς</span> 
     </span>
    </p>
   </div>
   <div class='ocr_carea' id='block_1_20' title="bbox 2126 1532 3706 1612">
    <p class='ocr_par' dir='ltr' id='par_1_20' title="bbox 2126 1532 3706 1612">
     <span class='ocr_line' id='line_1_20' title="bbox 2126 1532 3706 1612; baseline 0.004 -27"><span class='ocrx_word' id='word_1_121' title='bbox 2126 1532 2221 1586; x_wconf 72' lang='grc' dir='ltr'>καὶ</span> <span class='ocrx_word' id='word_1_122' title='bbox 2250 1532 2464 1587; x_wconf 88' lang='grc' dir='ltr'>σκοτίου</span> <span class='ocrx_word' id='word_1_123' title='bbox 2497 1533 2691 1604; x_wconf 83' lang='grc' dir='ltr'>μυχοῦ,</span> <span class='ocrx_word' id='word_1_124' title='bbox 2727 1535 2847 1606; x_wconf 70' lang='grc' dir='ltr'>οὐχὶ</span> <span class='ocrx_word' id='word_1_125' title='bbox 2882 1535 2928 1589; x_wconf 77' lang='grc' dir='ltr'>δ’</span> <span class='ocrx_word' id='word_1_126' title='bbox 2963 1535 3022 1601; x_wconf 77' lang='grc' dir='ltr'><strong>ἐξ</strong></span> <span class='ocrx_word' id='word_1_127' title='bbox 3058 1538 3350 1608; x_wconf 83' lang='grc' dir='ltr'>ἀνθρώπου</span> <span class='ocrx_word' id='word_1_128' title='bbox 3380 1543 3605 1612; x_wconf 81' lang='grc' dir='ltr'>χρῆσαι,</span> <span class='ocrx_word' id='word_1_129' title='bbox 3635 1542 3706 1606; x_wconf 81' lang='grc' dir='ltr'><strong>ὡς</strong></span> 
     </span>
    </p>
   </div>
   <div class='ocr_carea' id='block_1_21' title="bbox 1077 1125 1417 1184">
    <p class='ocr_par' dir='ltr' id='par_1_21' title="bbox 1077 1125 1417 1184">
     <span class='ocr_line' id='line_1_21' title="bbox 1077 1125 1417 1184; baseline -0.003 0"><span class='ocrx_word' id='word_1_130' title='bbox 1077 1125 1305 1184; x_wconf 72' lang='lat' dir='ltr'><strong>CAPUT</strong></span> <span class='ocrx_word' id='word_1_131' title='bbox 1355 1128 1417 1183; x_wconf 88' lang='lat' dir='ltr'><strong>L.</strong></span> 
     </span>
    </p>
   </div>
   <div class='ocr_carea' id='block_1_22' title="bbox 463 1217 2030 1288">
    <p class='ocr_par' dir='ltr' id='par_1_22' title="bbox 463 1217 2030 1288">
     <span class='ocr_line' id='line_1_22' title="bbox 463 1217 2030 1288; baseline -0.001 -15"><span class='ocrx_word' id='word_1_132' title='bbox 463 1223 616 1286; x_wconf 82' lang='lat' dir='ltr'><strong>Quod</strong></span> <span class='ocrx_word' id='word_1_133' title='bbox 664 1238 727 1275; x_wconf 73' lang='lat' dir='ltr'><strong>ea:</strong></span> <span class='ocrx_word' id='word_1_134' title='bbox 776 1220 1035 1285; x_wconf 79' lang='lat' dir='ltr'><strong>Apollinis</strong></span> <span class='ocrx_word' id='word_1_135' title='bbox 1090 1220 1333 1283; x_wconf 85' lang='lat' dir='ltr'><strong>oraculo,</strong></span> <span class='ocrx_word' id='word_1_136' title='bbox 1365 1219 1454 1288; x_wconf 85' lang='lat' dir='ltr'><strong>qui</strong></span> <span class='ocrx_word' id='word_1_137' title='bbox 1500 1220 1563 1270; x_wconf 81' lang='lat' dir='ltr'><strong>ob</strong></span> <span class='ocrx_word' id='word_1_138' title='bbox 1600 1219 1767 1285; x_wconf 76' lang='lat' dir='ltr'><strong>iustos</strong></span> <span class='ocrx_word' id='word_1_139' title='bbox 1797 1217 2030 1272; x_wconf 79' lang='lat' dir='ltr'><strong>homines</strong></span> 
     </span>
    </p>
   </div>
   <div class='ocr_carea' id='block_1_23' title="bbox 531 1291 2030 1373">
    <p class='ocr_par' dir='ltr' id='par_1_23' title="bbox 531 1291 2030 1373">
     <span class='ocr_line' id='line_1_23' title="bbox 531 1291 2030 1373; baseline -0.001 -30"><span class='ocrx_word' id='word_1_140' title='bbox 531 1308 777 1373; x_wconf 64' lang='lat' dir='ltr'><strong>responsa</strong></span> <span class='ocrx_word' id='word_1_141' title='bbox 807 1291 1036 1357; x_wconf 84' lang='lat' dir='ltr'><strong>amplius</strong></span> <span class='ocrx_word' id='word_1_142' title='bbox 1065 1291 1217 1343; x_wconf 81' lang='lat' dir='ltr'><strong>edere</strong></span> <span class='ocrx_word' id='word_1_143' title='bbox 1247 1307 1348 1344; x_wconf 88' lang='lat' dir='ltr'><strong>uou</strong></span> <span class='ocrx_word' id='word_1_144' title='bbox 1379 1298 1607 1360; x_wconf 77' lang='lat' dir='ltr'><strong>poterat,</strong></span> <span class='ocrx_word' id='word_1_145' title='bbox 1635 1300 1779 1342; x_wconf 86' lang='lat' dir='ltr'><strong>mota</strong></span> <span class='ocrx_word' id='word_1_146' title='bbox 1815 1291 1879 1344; x_wconf 80' lang='lat' dir='ltr'><strong>sit</strong></span> <span class='ocrx_word' id='word_1_147' title='bbox 1911 1304 2030 1358; x_wconf 76' lang='lat' dir='ltr'><strong>per-</strong></span> 
     </span>
    </p>
   </div>
   <div class='ocr_carea' id='block_1_24' title="bbox 528 1371 749 1415">
    <p class='ocr_par' dir='ltr' id='par_1_24' title="bbox 528 1371 749 1415">
     <span class='ocr_line' id='line_1_24' title="bbox 528 1371 749 1415; baseline 0.005 -1"><span class='ocrx_word' id='word_1_148' title='bbox 528 1371 749 1415; x_wconf 84' lang='lat' dir='ltr'><strong>secutio.</strong></span> 
     </span>
    </p>
   </div>
   <div class='ocr_carea' id='block_1_25' title="bbox 532 1452 2030 1524">
    <p class='ocr_par' dir='ltr' id='par_1_25' title="bbox 532 1452 2030 1524">
     <span class='ocr_line' id='line_1_25' title="bbox 532 1452 2030 1524; baseline 0.001 -20"><span class='ocrx_word' id='word_1_149' title='bbox 532 1475 550 1504; x_wconf 80' lang='grc' dir='ltr'><strong>ι</strong></span> <span class='ocrx_word' id='word_1_150' title='bbox 573 1453 780 1524; x_wconf 86' lang='lat' dir='ltr'><strong>Quippe</strong></span> <span class='ocrx_word' id='word_1_151' title='bbox 803 1452 1108 1521; x_wconf 87' lang='lat' dir='ltr'><strong>Apollinem</strong></span> <span class='ocrx_word' id='word_1_152' title='bbox 1143 1461 1270 1506; x_wconf 87' lang='lat' dir='ltr'><strong>tunc</strong></span> <span class='ocrx_word' id='word_1_153' title='bbox 1311 1452 1568 1521; x_wconf 81' lang='lat' dir='ltr'><strong>temporis</strong></span> <span class='ocrx_word' id='word_1_154' title='bbox 1591 1466 1656 1505; x_wconf 81' lang='lat' dir='ltr'><strong>ex</strong></span> <span class='ocrx_word' id='word_1_155' title='bbox 1683 1460 1840 1505; x_wconf 89' lang='lat' dir='ltr'><strong>antro</strong></span> <span class='ocrx_word' id='word_1_156' title='bbox 1869 1460 1924 1506; x_wconf 89' lang='lat' dir='ltr'><strong>et</strong></span> <span class='ocrx_word' id='word_1_157' title='bbox 1957 1459 2030 1505; x_wconf 90' lang='lat' dir='ltr'><strong>tc-</strong></span> 
     </span>
    </p>
   </div>
   <div class='ocr_carea' id='block_1_26' title="bbox 458 1543 2026 1614">
    <p class='ocr_par' dir='ltr' id='par_1_26' title="bbox 458 1543 2026 1614">
     <span class='ocr_line' id='line_1_26' title="bbox 458 1543 2026 1614; baseline -0.004 -15"><span class='ocrx_word' id='word_1_158' title='bbox 458 1546 688 1599; x_wconf 82' lang='lat' dir='ltr'><strong>nebmso</strong></span> <span class='ocrx_word' id='word_1_159' title='bbox 719 1545 950 1614; x_wconf 89' lang='lat' dir='ltr'><strong>quodam</strong></span> <span class='ocrx_word' id='word_1_160' title='bbox 981 1559 1175 1614; x_wconf 91' lang='lat' dir='ltr'><strong>specu,</strong></span> <span class='ocrx_word' id='word_1_161' title='bbox 1208 1558 1312 1598; x_wconf 90' lang='lat' dir='ltr'><strong>non</strong></span> <span class='ocrx_word' id='word_1_162' title='bbox 1345 1559 1410 1598; x_wconf 78' lang='lat' dir='ltr'><strong>cx</strong></span> <span class='ocrx_word' id='word_1_163' title='bbox 1443 1543 1676 1598; x_wconf 79' lang='lat' dir='ltr'><strong>hominis</strong></span> <span class='ocrx_word' id='word_1_164' title='bbox 1703 1558 1798 1598; x_wconf 89' lang='lat' dir='ltr'><strong>ore</strong></span> <span class='ocrx_word' id='word_1_165' title='bbox 1831 1557 2026 1597; x_wconf 83' lang='lat' dir='ltr'><strong>oracu-</strong></span> 
     </span>
    </p>
   </div>
   <div class='ocr_carea' id='block_1_27' title="bbox 456 1619 1997 1706">
    <p class='ocr_par' dir='ltr' id='par_1_27' title="bbox 456 1631 1991 1706">
     <span class='ocr_line' id='line_1_27' title="bbox 456 1631 1991 1706; baseline -0.001 -16"><span class='ocrx_word' id='word_1_166' title='bbox 456 1637 564 1691; x_wconf 90' lang='lat' dir='ltr'><strong>lum</strong></span> <span class='ocrx_word' id='word_1_167' title='bbox 591 1636 825 1692; x_wconf 87' lang='lat' dir='ltr'><strong>edidisse</strong></span> <span class='ocrx_word' id='word_1_168' title='bbox 869 1636 1183 1701; x_wconf 84' lang='lat' dir='ltr'><strong>ferebatur,</strong></span> <span class='ocrx_word' id='word_1_169' title='bbox 1220 1651 1328 1706; x_wconf 88' lang='lat' dir='ltr'><strong>quo</strong></span> <span class='ocrx_word' id='word_1_170' title='bbox 1365 1633 1542 1704; x_wconf 76' lang='lat' dir='ltr'><strong>iustos</strong></span> <span class='ocrx_word' id='word_1_171' title='bbox 1583 1635 1728 1690; x_wconf 91' lang='lat' dir='ltr'><strong>viros</strong></span> <span class='ocrx_word' id='word_1_172' title='bbox 1769 1632 1822 1690; x_wconf 90' lang='lat' dir='ltr'><strong>in</strong></span> <span class='ocrx_word' id='word_1_173' title='bbox 1862 1631 1991 1690; x_wconf 90' lang='lat' dir='ltr'><strong>terri</strong></span> 
     </span>
    </p>
   </div>
   <div class='ocr_carea' id='block_1_28' title="bbox 2118 1619 3704 1706">
    <p class='ocr_par' dir='ltr' id='par_1_28' title="bbox 2123 1619 3704 1706">
     <span class='ocr_line' id='line_1_28' title="bbox 2123 1619 3704 1706; baseline 0.009 -31"><span class='ocrx_word' id='word_1_174' title='bbox 2123 1619 2230 1695; x_wconf 84' lang='grc' dir='ltr'>ἄρα</span> <span class='ocrx_word' id='word_1_175' title='bbox 2277 1625 2327 1678; x_wconf 76' lang='lat' dir='ltr'><strong>oi</strong></span> <span class='ocrx_word' id='word_1_176' title='bbox 2371 1627 2464 1680; x_wconf 78' lang='grc' dir='ltr'><strong>ἐπὶ</strong></span> <span class='ocrx_word' id='word_1_177' title='bbox 2495 1627 2594 1698; x_wconf 83' lang='grc' dir='ltr'>τῆς</span> <span class='ocrx_word' id='word_1_178' title='bbox 2628 1627 2734 1698; x_wconf 82' lang='grc' dir='ltr'><strong>γῆς</strong></span> <span class='ocrx_word' id='word_1_179' title='bbox 2763 1627 2957 1682; x_wconf 87' lang='grc' dir='ltr'>δίκαιοι</span> <span class='ocrx_word' id='word_1_180' title='bbox 2989 1629 3248 1700; x_wconf 82' lang='grc' dir='ltr'>ἐμπόδιον</span> <span class='ocrx_word' id='word_1_181' title='bbox 3285 1627 3396 1686; x_wconf 77' lang='grc' dir='ltr'>εἷεν</span> <span class='ocrx_word' id='word_1_182' title='bbox 3441 1632 3538 1688; x_wconf 66' lang='lat' dir='ltr'><strong>toﬁ</strong></span> <span class='ocrx_word' id='word_1_183' title='bbox 3581 1634 3704 1706; x_wconf 69' lang='grc' dir='ltr'>άλη-</span> 
     </span>
    </p>
   </div>
   <div class='ocr_carea' id='block_1_29' title="bbox 455 1713 1997 1806">
    <p class='ocr_par' dir='ltr' id='par_1_29' title="bbox 455 1725 1997 1798">
     <span class='ocr_line' id='line_1_29' title="bbox 455 1725 1997 1798; baseline -0.002 -17"><span class='ocrx_word' id='word_1_184' title='bbox 455 1727 710 1798; x_wconf 80' lang='lat' dir='ltr'><strong>degentes</strong></span> <span class='ocrx_word' id='word_1_185' title='bbox 736 1731 954 1783; x_wconf 90' lang='lat' dir='ltr'><strong>obstare</strong></span> <span class='ocrx_word' id='word_1_186' title='bbox 979 1728 1080 1782; x_wconf 87' lang='lat' dir='ltr'><strong>sibi</strong></span> <span class='ocrx_word' id='word_1_187' title='bbox 1117 1727 1298 1781; x_wconf 83' lang='lat' dir='ltr'><strong>aiebat</strong></span> <span class='ocrx_word' id='word_1_188' title='bbox 1324 1740 1430 1795; x_wconf 88' lang='lat' dir='ltr'><strong>quo</strong></span> <span class='ocrx_word' id='word_1_189' title='bbox 1465 1727 1642 1780; x_wconf 82' lang='lat' dir='ltr'><strong>minus</strong></span> <span class='ocrx_word' id='word_1_190' title='bbox 1671 1741 1795 1780; x_wconf 89' lang='lat' dir='ltr'><strong>vera</strong></span> <span class='ocrx_word' id='word_1_191' title='bbox 1821 1725 1997 1795; x_wconf 31' lang='lat' dir='ltr'><strong>praedii</strong></span> 
     </span>
    </p>
   </div>
   <div class='ocr_carea' id='block_1_30' title="bbox 2118 1713 3703 1806">
    <p class='ocr_par' dir='ltr' id='par_1_30' title="bbox 2123 1713 3703 1806">
     <span class='ocr_line' id='line_1_30' title="bbox 2123 1713 3703 1806; baseline 0.008 -39"><span class='ocrx_word' id='word_1_192' title='bbox 2123 1713 2299 1770; x_wconf 78' lang='grc' dir='ltr'>θεύειν</span> <span class='ocrx_word' id='word_1_193' title='bbox 2329 1718 2489 1772; x_wconf 81' lang='grc' dir='ltr'>αὐτόν</span> <span class='ocrx_word' id='word_1_194' title='bbox 2512 1735 2526 1748; x_wconf 74' lang='grc' dir='ltr'><strong>ο</strong></span> <span class='ocrx_word' id='word_1_195' title='bbox 2583 1721 2676 1774; x_wconf 74' lang='grc' dir='ltr'>καὶ</span> <span class='ocrx_word' id='word_1_196' title='bbox 2706 1721 2794 1774; x_wconf 79' lang='grc' dir='ltr'><strong>διά</strong></span> <span class='ocrx_word' id='word_1_197' title='bbox 2843 1720 3002 1775; x_wconf 77' lang='grc' dir='ltr'>τοῦτο</span> <span class='ocrx_word' id='word_1_198' title='bbox 3036 1723 3251 1806; x_wconf 54' lang='grc' dir='ltr'>ψευδεῖς</span> <span class='ocrx_word' id='word_1_199' title='bbox 3287 1724 3400 1778; x_wconf 84' lang='grc' dir='ltr'><strong>τῶν</strong></span> <span class='ocrx_word' id='word_1_200' title='bbox 3439 1726 3703 1798; x_wconf 76' lang='grc' dir='ltr'>τριπόδων</span> 
     </span>
    </p>
   </div>
   <div class='ocr_carea' id='block_1_31' title="bbox 455 1809 1997 1896">
    <p class='ocr_par' dir='ltr' id='par_1_31' title="bbox 455 1815 1992 1889">
     <span class='ocr_line' id='line_1_31' title="bbox 455 1815 1992 1889; baseline -0.003 -16"><span class='ocrx_word' id='word_1_201' title='bbox 455 1829 641 1882; x_wconf 90' lang='lat' dir='ltr'><strong>ceret,</strong></span> <span class='ocrx_word' id='word_1_202' title='bbox 675 1827 839 1889; x_wconf 85' lang='lat' dir='ltr'><strong>atque</strong></span> <span class='ocrx_word' id='word_1_203' title='bbox 869 1818 1070 1873; x_wconf 92' lang='lat' dir='ltr'><strong>idcirco</strong></span> <span class='ocrx_word' id='word_1_204' title='bbox 1097 1817 1232 1872; x_wconf 77' lang='lat' dir='ltr'><strong>falsa</strong></span> <span class='ocrx_word' id='word_1_205' title='bbox 1257 1833 1324 1870; x_wconf 79' lang='lat' dir='ltr'><strong>ex</strong></span> <span class='ocrx_word' id='word_1_206' title='bbox 1355 1817 1568 1886; x_wconf 85' lang='lat' dir='ltr'><strong>tripode</strong></span> <span class='ocrx_word' id='word_1_207' title='bbox 1595 1815 1812 1871; x_wconf 90' lang='lat' dir='ltr'><strong>oracula</strong></span> <span class='ocrx_word' id='word_1_208' title='bbox 1844 1815 1992 1871; x_wconf 90' lang='lat' dir='ltr'><strong>reddi</strong></span> 
     </span>
    </p>
   </div>
   <div class='ocr_carea' id='block_1_32' title="bbox 2118 1809 3699 1896">
    <p class='ocr_par' dir='ltr' id='par_1_32' title="bbox 2121 1809 3699 1889">
     <span class='ocr_line' id='line_1_32' title="bbox 2121 1809 3699 1889; baseline 0.006 -26"><span class='ocrx_word' id='word_1_209' title='bbox 2121 1809 2220 1874; x_wconf 85' lang='grc' dir='ltr'><strong>τὰς</strong></span> <span class='ocrx_word' id='word_1_210' title='bbox 2254 1809 2512 1880; x_wconf 85' lang='grc' dir='ltr'>μαντείας</span> <span class='ocrx_word' id='word_1_211' title='bbox 2553 1811 2844 1866; x_wconf 82' lang='grc' dir='ltr'>ποιεῖσθαι.</span> <span class='ocrx_word' id='word_1_212' title='bbox 2881 1811 3052 1866; x_wconf 69' lang='grc' dir='ltr'>Τοῦτο</span> <span class='ocrx_word' id='word_1_213' title='bbox 3096 1816 3262 1870; x_wconf 80' lang='grc' dir='ltr'>αὐτοῦ</span> <span class='ocrx_word' id='word_1_214' title='bbox 3294 1821 3565 1888; x_wconf 79' lang='grc' dir='ltr'>κατηφεῖς</span> <span class='ocrx_word' id='word_1_215' title='bbox 3593 1817 3699 1889; x_wconf 77' lang='lat'><strong>(58)</strong></span> 
     </span>
    </p>
   </div>
   <div class='ocr_carea' id='block_1_33' title="bbox 454 1901 1997 1980">
    <p class='ocr_par' dir='ltr' id='par_1_33' title="bbox 454 1906 1997 1970">
     <span class='ocr_line' id='line_1_33' title="bbox 454 1906 1997 1970; baseline -0.004 -4"><span class='ocrx_word' id='word_1_216' title='bbox 454 1911 610 1966; x_wconf 82' lang='lat' dir='ltr'><strong>Hanc</strong></span> <span class='ocrx_word' id='word_1_217' title='bbox 637 1910 708 1965; x_wconf 90' lang='lat' dir='ltr'><strong>ob</strong></span> <span class='ocrx_word' id='word_1_218' title='bbox 741 1925 964 1965; x_wconf 80' lang='lat' dir='ltr'><strong>causam</strong></span> <span class='ocrx_word' id='word_1_219' title='bbox 999 1909 1087 1964; x_wconf 91' lang='lat' dir='ltr'><strong>ille</strong></span> <span class='ocrx_word' id='word_1_220' title='bbox 1127 1923 1340 1964; x_wconf 90' lang='lat' dir='ltr'><strong>comam</strong></span> <span class='ocrx_word' id='word_1_221' title='bbox 1385 1906 1641 1962; x_wconf 90' lang='lat' dir='ltr'><strong>incultam</strong></span> <span class='ocrx_word' id='word_1_222' title='bbox 1674 1907 1895 1962; x_wconf 91' lang='lat' dir='ltr'><strong>demisit</strong></span> <span class='ocrx_word' id='word_1_223' title='bbox 1938 1920 1997 1970; x_wconf 90' lang='lat' dir='ltr'><strong>,e</strong></span> 
     </span>
    </p>
   </div>
   <div class='ocr_carea' id='block_1_34' title="bbox 2118 1901 3698 1980">
    <p class='ocr_par' dir='ltr' id='par_1_34' title="bbox 2122 1901 3698 1980">
     <span class='ocr_line' id='line_1_34' title="bbox 2122 1901 3698 1980; baseline 0.021 -30"><span class='ocrx_word' id='word_1_224' title='bbox 2122 1903 2246 1965; x_wconf 83' lang='grc' dir='ltr'>τοὺς</span> <span class='ocrx_word' id='word_1_225' title='bbox 2279 1901 2589 1973; x_wconf 82' lang='grc' dir='ltr'>πλοκάμους</span> <span class='ocrx_word' id='word_1_226' title='bbox 2629 1903 2836 1958; x_wconf 86' lang='grc' dir='ltr'>ἀνεῖναι</span> <span class='ocrx_word' id='word_1_227' title='bbox 2877 1906 3163 1976; x_wconf 73' lang='grc' dir='ltr'>πεποίηκε.</span> <span class='ocrx_word' id='word_1_228' title='bbox 3207 1908 3310 1977; x_wconf 82' lang='grc' dir='ltr'><strong>τῆς</strong></span> <span class='ocrx_word' id='word_1_229' title='bbox 3363 1911 3623 1980; x_wconf 76' lang='grc' dir='ltr'><strong>μαντείας</strong></span> <span class='ocrx_word' id='word_1_230' title='bbox 3651 1911 3698 1965; x_wconf 64' lang='grc' dir='ltr'><strong>τ’</strong></span> 
     </span>
    </p>
   </div>
   <div class='ocr_carea' id='block_1_35' title="bbox 453 1996 2019 2069">
    <p class='ocr_par' dir='ltr' id='par_1_35' title="bbox 453 1996 2019 2069">
     <span class='ocr_line' id='line_1_35' title="bbox 453 1996 2019 2069; baseline -0.004 -13"><span class='ocrx_word' id='word_1_231' title='bbox 453 2001 674 2069; x_wconf 80' lang='lat' dir='ltr'><strong>expulsa</strong></span> <span class='ocrx_word' id='word_1_232' title='bbox 715 2000 988 2054; x_wconf 87' lang='lat' dir='ltr'><strong>divinandi</strong></span> <span class='ocrx_word' id='word_1_233' title='bbox 1019 2010 1162 2063; x_wconf 85' lang='lat' dir='ltr'><strong>arte,</strong></span> <span class='ocrx_word' id='word_1_234' title='bbox 1196 2007 1402 2054; x_wconf 87' lang='lat' dir='ltr'><strong>tantum</strong></span> <span class='ocrx_word' id='word_1_235' title='bbox 1446 1996 1593 2052; x_wconf 76' lang='lat' dir='ltr'><strong>inter</strong></span> <span class='ocrx_word' id='word_1_236' title='bbox 1619 1996 1868 2051; x_wconf 85' lang='lat' dir='ltr'><strong>homines</strong></span> <span class='ocrx_word' id='word_1_237' title='bbox 1900 2011 2019 2049; x_wconf 91' lang='lat' dir='ltr'><strong>ma-</strong></span> 
     </span>
    </p>
   </div>
   <div class='ocr_carea' id='block_1_36' title="bbox 455 2088 2020 2159">
    <p class='ocr_par' dir='ltr' id='par_1_36' title="bbox 455 2088 2020 2159">
     <span class='ocr_line' id='line_1_36' title="bbox 455 2088 2020 2159; baseline -0.003 -13"><span class='ocrx_word' id='word_1_238' title='bbox 455 2093 566 2146; x_wconf 92' lang='lat' dir='ltr'><strong>lum</strong></span> <span class='ocrx_word' id='word_1_239' title='bbox 600 2091 1018 2148; x_wconf 87' lang='lat' dir='ltr'><strong>lamentabatur.</strong></span> <span class='ocrx_word' id='word_1_240' title='bbox 1051 2093 1155 2146; x_wconf 86' lang='lat' dir='ltr'><strong>Sed</strong></span> <span class='ocrx_word' id='word_1_241' title='bbox 1188 2092 1469 2147; x_wconf 83' lang='lat' dir='ltr'><strong>videamus</strong></span> <span class='ocrx_word' id='word_1_242' title='bbox 1501 2104 1660 2159; x_wconf 85' lang='lat' dir='ltr'><strong>quem</strong></span> <span class='ocrx_word' id='word_1_243' title='bbox 1683 2089 1784 2143; x_wconf 88' lang='lat' dir='ltr'><strong>ista</strong></span> <span class='ocrx_word' id='word_1_244' title='bbox 1813 2088 2020 2144; x_wconf 75' lang='lat' dir='ltr'><strong>exitum</strong></span> 
     </span>
    </p>
   </div>
   <div class='ocr_carea' id='block_1_37' title="bbox 453 2185 808 2240">
    <p class='ocr_par' dir='ltr' id='par_1_37' title="bbox 453 2185 808 2240">
     <span class='ocr_line' id='line_1_37' title="bbox 453 2185 808 2240; baseline -0.006 -2"><span class='ocrx_word' id='word_1_245' title='bbox 453 2185 761 2240; x_wconf 83' lang='lat' dir='ltr'><strong>habuerint.</strong></span> <span class='ocrx_word' id='word_1_246' title='bbox 789 2203 808 2236; x_wconf 74' lang='grc' dir='ltr'><strong>ι</strong></span> 
     </span>
    </p>
   </div>
   <div class='ocr_carea' id='block_1_38' title="bbox 1065 2273 1420 2331">
    <p class='ocr_par' dir='ltr' id='par_1_38' title="bbox 1065 2273 1420 2331">
     <span class='ocr_line' id='line_1_38' title="bbox 1065 2273 1420 2331; baseline -0.003 0"><span class='ocrx_word' id='word_1_247' title='bbox 1065 2274 1293 2331; x_wconf 75' lang='lat' dir='ltr'><strong>CAPUT</strong></span> <span class='ocrx_word' id='word_1_248' title='bbox 1335 2273 1420 2330; x_wconf 91' lang='lat' dir='ltr'><strong>Ll.</strong></span> 
     </span>
    </p>
   </div>
   <div class='ocr_carea' id='block_1_39' title="bbox 452 2387 2018 2457">
    <p class='ocr_par' dir='ltr' id='par_1_39' title="bbox 452 2387 2018 2457">
     <span class='ocr_line' id='line_1_39' title="bbox 452 2387 2018 2457; baseline 0 -13"><span class='ocrx_word' id='word_1_249' title='bbox 452 2390 726 2457; x_wconf 81' lang='lat' dir='ltr'><strong>Quomodo</strong></span> <span class='ocrx_word' id='word_1_250' title='bbox 757 2391 1137 2446; x_wconf 81' lang='lat' dir='ltr'><strong>Constantinus</strong></span> <span class='ocrx_word' id='word_1_251' title='bbox 1180 2390 1352 2441; x_wconf 72' lang='lat' dir='ltr'><strong>adhuc</strong></span> <span class='ocrx_word' id='word_1_252' title='bbox 1378 2387 1681 2442; x_wconf 74' lang='lat' dir='ltr'><strong>adolescens</strong></span> <span class='ocrx_word' id='word_1_253' title='bbox 1715 2387 1882 2449; x_wconf 84' lang='lat' dir='ltr'><strong>iustos</strong></span> <span class='ocrx_word' id='word_1_254' title='bbox 1907 2402 2018 2444; x_wconf 82' lang='lat' dir='ltr'><strong>esse</strong></span> 
     </span>
    </p>
   </div>
   <div class='ocr_carea' id='block_1_40' title="bbox 944 2459 1520 2514">
    <p class='ocr_par' dir='ltr' id='par_1_40' title="bbox 944 2459 1520 2514">
     <span class='ocr_line' id='line_1_40' title="bbox 944 2459 1520 2514; baseline 0.002 -1"><span class='ocrx_word' id='word_1_255' title='bbox 944 2459 1272 2513; x_wconf 80' lang='lat' dir='ltr'><strong>Christianos</strong></span> <span class='ocrx_word' id='word_1_256' title='bbox 1299 2460 1520 2514; x_wconf 78' lang='lat' dir='ltr'><strong>audivit.</strong></span> 
     </span>
    </p>
   </div>
   <div class='ocr_carea' id='block_1_41' title="bbox 528 2591 2016 2664">
    <p class='ocr_par' dir='ltr' id='par_1_41' title="bbox 528 2591 2016 2664">
     <span class='ocr_line' id='line_1_41' title="bbox 528 2591 2016 2664; baseline -0.001 -17"><span class='ocrx_word' id='word_1_257' title='bbox 528 2615 545 2647; x_wconf 78' lang='grc' dir='ltr'><strong>ι</strong></span> <span class='ocrx_word' id='word_1_258' title='bbox 575 2596 650 2651; x_wconf 88' lang='lat' dir='ltr'><strong>Te</strong></span> <span class='ocrx_word' id='word_1_259' title='bbox 665 2612 808 2649; x_wconf 90' lang='lat' dir='ltr'><strong>nunc</strong></span> <span class='ocrx_word' id='word_1_260' title='bbox 831 2605 1018 2648; x_wconf 80' lang='lat' dir='ltr'><strong>testem</strong></span> <span class='ocrx_word' id='word_1_261' title='bbox 1041 2594 1272 2664; x_wconf 87' lang='lat' dir='ltr'><strong>appello,</strong></span> <span class='ocrx_word' id='word_1_262' title='bbox 1297 2592 1436 2647; x_wconf 90' lang='lat' dir='ltr'><strong>Deus</strong></span> <span class='ocrx_word' id='word_1_263' title='bbox 1449 2591 1732 2648; x_wconf 86' lang='lat' dir='ltr'><strong>altissime.</strong></span> <span class='ocrx_word' id='word_1_264' title='bbox 1748 2591 1866 2648; x_wconf 91' lang='lat' dir='ltr'><strong>Scis</strong></span> <span class='ocrx_word' id='word_1_265' title='bbox 1882 2607 2016 2663; x_wconf 89' lang='lat' dir='ltr'><strong>qua-</strong></span> 
     </span>
    </p>
   </div>
   <div class='ocr_carea' id='block_1_42' title="bbox 446 2679 2012 2757">
    <p class='ocr_par' dir='ltr' id='par_1_42' title="bbox 446 2679 2012 2757">
     <span class='ocr_line' id='line_1_42' title="bbox 446 2679 2012 2757; baseline -0.002 -16"><span class='ocrx_word' id='word_1_266' title='bbox 446 2688 574 2742; x_wconf 80' lang='lat' dir='ltr'><strong>liter</strong></span> <span class='ocrx_word' id='word_1_267' title='bbox 608 2703 708 2757; x_wconf 93' lang='lat' dir='ltr'><strong>ego</strong></span> <span class='ocrx_word' id='word_1_268' title='bbox 739 2696 865 2741; x_wconf 88' lang='lat' dir='ltr'><strong>tunc</strong></span> <span class='ocrx_word' id='word_1_269' title='bbox 896 2687 1154 2755; x_wconf 87' lang='lat' dir='ltr'><strong>temporis</strong></span> <span class='ocrx_word' id='word_1_270' title='bbox 1183 2685 1469 2739; x_wconf 88' lang='lat' dir='ltr'><strong>admodum</strong></span> <span class='ocrx_word' id='word_1_271' title='bbox 1493 2683 1832 2749; x_wconf 88' lang='lat' dir='ltr'><strong>adolescens,</strong></span> <span class='ocrx_word' id='word_1_272' title='bbox 1861 2679 2012 2738; x_wconf 88' lang='lat' dir='ltr'><strong>illum</strong></span> 
     </span>
    </p>
   </div>
   <div class='ocr_carea' id='block_1_43' title="bbox 445 2775 2014 2850">
    <p class='ocr_par' dir='ltr' id='par_1_43' title="bbox 445 2775 2014 2850">
     <span class='ocr_line' id='line_1_43' title="bbox 445 2775 2014 2850; baseline -0.001 -19"><span class='ocrx_word' id='word_1_273' title='bbox 445 2781 537 2850; x_wconf 85' lang='lat' dir='ltr'><strong>qui</strong></span> <span class='ocrx_word' id='word_1_274' title='bbox 572 2779 712 2834; x_wconf 90' lang='lat' dir='ltr'><strong>inter</strong></span> <span class='ocrx_word' id='word_1_275' title='bbox 732 2779 1087 2848; x_wconf 87' lang='lat' dir='ltr'><strong>imperatores</strong></span> <span class='ocrx_word' id='word_1_276' title='bbox 1109 2775 1382 2831; x_wconf 81' lang='lat' dir='ltr'><strong>Romanos</strong></span> <span class='ocrx_word' id='word_1_277' title='bbox 1399 2778 1660 2845; x_wconf 82' lang='lat' dir='ltr'><strong>potiorem</strong></span> <span class='ocrx_word' id='word_1_278' title='bbox 1687 2775 1861 2831; x_wconf 90' lang='lat' dir='ltr'><strong>locum</strong></span> <span class='ocrx_word' id='word_1_279' title='bbox 1887 2785 2014 2830; x_wconf 92' lang='lat' dir='ltr'><strong>tunc</strong></span> 
     </span>
    </p>
   </div>
   <div class='ocr_carea' id='block_1_44' title="bbox 445 2869 2014 2940">
    <p class='ocr_par' dir='ltr' id='par_1_44' title="bbox 445 2869 2014 2940">
     <span class='ocr_line' id='line_1_44' title="bbox 445 2869 2014 2940; baseline -0.001 -15"><span class='ocrx_word' id='word_1_280' title='bbox 445 2871 746 2935; x_wconf 85' lang='lat' dir='ltr'><strong>obtinebat,</strong></span> <span class='ocrx_word' id='word_1_281' title='bbox 781 2871 1068 2933; x_wconf 91' lang='lat' dir='ltr'><strong>miserum,</strong></span> <span class='ocrx_word' id='word_1_282' title='bbox 1095 2869 1337 2940; x_wconf 66' lang='lat' dir='ltr'><strong>proferto</strong></span> <span class='ocrx_word' id='word_1_283' title='bbox 1351 2870 1631 2934; x_wconf 88' lang='lat' dir='ltr'><strong>miserum,</strong></span> <span class='ocrx_word' id='word_1_284' title='bbox 1661 2869 1794 2924; x_wconf 78' lang='lat' dir='ltr'><strong>falso</strong></span> <span class='ocrx_word' id='word_1_285' title='bbox 1821 2869 2014 2924; x_wconf 84' lang='lat' dir='ltr'><strong>mentis</strong></span> 
     </span>
    </p>
   </div>
   <div class='ocr_carea' id='block_1_45' title="bbox 442 2960 2012 3030">
    <p class='ocr_par' dir='ltr' id='par_1_45' title="bbox 442 2960 2012 3030">
     <span class='ocr_line' id='line_1_45' title="bbox 442 2960 2012 3030; baseline -0.001 -15"><span class='ocrx_word' id='word_1_286' title='bbox 442 2976 632 3016; x_wconf 90' lang='lat' dir='ltr'><strong>errore</strong></span> <span class='ocrx_word' id='word_1_287' title='bbox 664 2961 946 3030; x_wconf 89' lang='lat' dir='ltr'><strong>deceptum</strong></span> <span class='ocrx_word' id='word_1_288' title='bbox 966 3001 980 3025; x_wconf 92' lang='lat'><strong>,</strong></span> <span class='ocrx_word' id='word_1_289' title='bbox 1007 2976 1075 3015; x_wconf 75' lang='lat' dir='ltr'><strong>ex</strong></span> <span class='ocrx_word' id='word_1_290' title='bbox 1101 2961 1501 3030; x_wconf 86' lang='lat' dir='ltr'><strong>protectoribus</strong></span> <span class='ocrx_word' id='word_1_291' title='bbox 1527 2961 1638 3014; x_wconf 89' lang='lat' dir='ltr'><strong>suis</strong></span> <span class='ocrx_word' id='word_1_292' title='bbox 1664 2961 1876 3014; x_wconf 89' lang='lat' dir='ltr'><strong>curiose</strong></span> <span class='ocrx_word' id='word_1_293' title='bbox 1906 2960 2012 3014; x_wconf 88' lang='lat' dir='ltr'><strong>sci-</strong></span> 
     </span>
    </p>
   </div>
   <div class='ocr_carea' id='block_1_46' title="bbox 440 3050 2009 3121">
    <p class='ocr_par' dir='ltr' id='par_1_46' title="bbox 440 3050 2009 3121">
     <span class='ocr_line' id='line_1_46' title="bbox 440 3050 2009 3121; baseline 0 -15"><span class='ocrx_word' id='word_1_294' title='bbox 440 3054 727 3108; x_wconf 82' lang='lat' dir='ltr'><strong>scitantem</strong></span> <span class='ocrx_word' id='word_1_295' title='bbox 756 3053 1042 3117; x_wconf 88' lang='lat' dir='ltr'><strong>audierim,</strong></span> <span class='ocrx_word' id='word_1_296' title='bbox 1063 3053 1282 3121; x_wconf 83' lang='lat' dir='ltr'><strong>quinam</strong></span> <span class='ocrx_word' id='word_1_297' title='bbox 1309 3050 1381 3104; x_wconf 91' lang='lat' dir='ltr'><strong>illi</strong></span> <span class='ocrx_word' id='word_1_298' title='bbox 1410 3051 1740 3118; x_wconf 80' lang='lat' dir='ltr'><strong>essentjusti</strong></span> <span class='ocrx_word' id='word_1_299' title='bbox 1765 3051 1819 3105; x_wconf 92' lang='lat' dir='ltr'><strong>in</strong></span> <span class='ocrx_word' id='word_1_300' title='bbox 1847 3051 2009 3106; x_wconf 86' lang='lat' dir='ltr'><strong>terris</strong></span> 
     </span>
    </p>
   </div>
   <div class='ocr_carea' id='block_1_47' title="bbox 2122 1992 3695 2075">
    <p class='ocr_par' dir='ltr' id='par_1_47' title="bbox 2122 1992 3695 2075">
     <span class='ocr_line' id='line_1_47' title="bbox 2122 1992 3695 2075; baseline 0.008 -28"><span class='ocrx_word' id='word_1_301' title='bbox 2122 1992 2500 2066; x_wconf 81' lang='grc' dir='ltr'>ὲλαυνομένης,</span> <span class='ocrx_word' id='word_1_302' title='bbox 2552 1994 2614 2048; x_wconf 82' lang='grc' dir='ltr'>τὸ</span> <span class='ocrx_word' id='word_1_303' title='bbox 2670 1996 2730 2048; x_wconf 83' lang='grc' dir='ltr'>ὲν</span> <span class='ocrx_word' id='word_1_304' title='bbox 2779 1994 3085 2066; x_wconf 83' lang='grc' dir='ltr'>ἀνθρώποις</span> <span class='ocrx_word' id='word_1_305' title='bbox 3130 1999 3302 2053; x_wconf 75' lang='grc' dir='ltr'>κακὸν</span> <span class='ocrx_word' id='word_1_306' title='bbox 3362 2002 3695 2075; x_wconf 73' lang='grc' dir='ltr'>ἀπωδύρετο.</span> 
     </span>
    </p>
   </div>
   <div class='ocr_carea' id='block_1_48' title="bbox 2133 2084 3592 2160">
    <p class='ocr_par' dir='ltr' id='par_1_48' title="bbox 2133 2084 3592 2160">
     <span class='ocr_line' id='line_1_48' title="bbox 2133 2084 3592 2160; baseline 0.008 -23"><span class='ocrx_word' id='word_1_307' title='bbox 2133 2084 2273 2138; x_wconf 77' lang='grc' dir='ltr'>Ἀλλ’</span> <span class='ocrx_word' id='word_1_308' title='bbox 2300 2084 2497 2156; x_wconf 72' lang='grc' dir='ltr'>ἴδωμεν</span> <span class='ocrx_word' id='word_1_309' title='bbox 2534 2085 2706 2140; x_wconf 82' lang='grc' dir='ltr'>ταῦτα</span> <span class='ocrx_word' id='word_1_310' title='bbox 2738 2089 2816 2151; x_wconf 88' lang='grc' dir='ltr'><strong>είς</strong></span> <span class='ocrx_word' id='word_1_311' title='bbox 2848 2091 3030 2144; x_wconf 76' lang='grc' dir='ltr'>ὁποῖον</span> <span class='ocrx_word' id='word_1_312' title='bbox 3061 2091 3212 2156; x_wconf 84' lang='grc' dir='ltr'>τέλος</span> <span class='ocrx_word' id='word_1_313' title='bbox 3244 2092 3524 2160; x_wconf 75' lang='grc' dir='ltr'>ἐξώκειλε.</span> <span class='ocrx_word' id='word_1_314' title='bbox 3574 2117 3592 2148; x_wconf 76' lang='grc' dir='ltr'><strong>ι</strong></span> 
     </span>
    </p>
   </div>
   <div class='ocr_carea' id='block_1_49' title="bbox 2639 2269 3189 2328">
    <p class='ocr_par' dir='ltr' id='par_1_49' title="bbox 2639 2269 3189 2328">
     <span class='ocr_line' id='line_1_49' title="bbox 2639 2269 3189 2328; baseline 0.011 -7"><span class='ocrx_word' id='word_1_315' title='bbox 2639 2269 3035 2325; x_wconf 79' lang='grc' dir='ltr'><strong>ΚΕΦΑΛΑΙΟΝ</strong></span> <span class='ocrx_word' id='word_1_316' title='bbox 3061 2272 3189 2328; x_wconf 82' lang='lat' dir='ltr'><strong>NA&#39;.</strong></span> 
     </span>
    </p>
   </div>
   <div class='ocr_carea' id='block_1_50' title="bbox 2121 2355 3687 2433">
    <p class='ocr_par' dir='ltr' id='par_1_50' title="bbox 2121 2355 3687 2433">
     <span class='ocr_line' id='line_1_50' title="bbox 2121 2355 3687 2433; baseline 0.005 -21"><span class='ocrx_word' id='word_1_317' title='bbox 2121 2355 2244 2433; x_wconf 59' lang='grc' dir='ltr'>Ὀτι</span> <span class='ocrx_word' id='word_1_318' title='bbox 2279 2358 2438 2433; x_wconf 28' lang='grc' dir='ltr'>νέοςᾼ</span> <span class='ocrx_word' id='word_1_319' title='bbox 2460 2357 2546 2413; x_wconf 80' lang='grc' dir='ltr'><strong>ὢν</strong></span> <span class='ocrx_word' id='word_1_320' title='bbox 2594 2360 2682 2414; x_wconf 73' lang='grc' dir='ltr'>ἔτι</span> <span class='ocrx_word' id='word_1_321' title='bbox 2723 2363 3176 2433; x_wconf 72' lang='grc' dir='ltr'>Κωνσταντῖνος</span> <span class='ocrx_word' id='word_1_322' title='bbox 3232 2364 3379 2430; x_wconf 76' lang='grc' dir='ltr'>τοὺς</span> <span class='ocrx_word' id='word_1_323' title='bbox 3431 2364 3687 2433; x_wconf 80' lang='grc' dir='ltr'>δικαίους</span> 
     </span>
    </p>
   </div>
   <div class='ocr_carea' id='block_1_51' title="bbox 2186 2425 3686 2505">
    <p class='ocr_par' dir='ltr' id='par_1_51' title="bbox 2186 2425 3686 2505">
     <span class='ocr_line' id='line_1_51' title="bbox 2186 2425 3686 2505; baseline 0.006 -24"><span class='ocrx_word' id='word_1_324' title='bbox 2186 2425 2337 2505; x_wconf 66' lang='grc' dir='ltr'>εἶναι</span> <span class='ocrx_word' id='word_1_325' title='bbox 2390 2430 2784 2505; x_wconf 60' lang='grc' dir='ltr'>ξρισιςιανοὺς</span> <span class='ocrx_word' id='word_1_326' title='bbox 2833 2432 3123 2501; x_wconf 76' lang='grc' dir='ltr'>ἤκουσεν,</span> <span class='ocrx_word' id='word_1_327' title='bbox 3152 2425 3242 2489; x_wconf 67' lang='grc' dir='ltr'><strong>⁷ἐκ</strong></span> <span class='ocrx_word' id='word_1_328' title='bbox 3287 2425 3398 2489; x_wconf 68' lang='grc' dir='ltr'>τοῦ</span> <span class='ocrx_word' id='word_1_329' title='bbox 3446 2437 3518 2490; x_wconf 89' lang='grc' dir='ltr'>τὰ</span> <span class='ocrx_word' id='word_1_330' title='bbox 3561 2425 3686 2505; x_wconf 71' lang='grc' dir='ltr'>περὶ</span> 
     </span>
    </p>
   </div>
   <div class='ocr_carea' id='block_1_52' title="bbox 2185 2499 2831 2569">
    <p class='ocr_par' dir='ltr' id='par_1_52' title="bbox 2185 2499 2831 2569">
     <span class='ocr_line' id='line_1_52' title="bbox 2185 2499 2831 2569; baseline 0.005 -17"><span class='ocrx_word' id='word_1_331' title='bbox 2185 2499 2442 2569; x_wconf 77' lang='grc' dir='ltr'>διωγμοῦ</span> <span class='ocrx_word' id='word_1_332' title='bbox 2467 2499 2831 2569; x_wconf 73' lang='grc' dir='ltr'>γράψαντος.</span> 
     </span>
    </p>
   </div>
   <div class='ocr_carea' id='block_1_53' title="bbox 2193 2587 3685 2669">
    <p class='ocr_par' dir='ltr' id='par_1_53' title="bbox 2193 2587 3685 2669">
     <span class='ocr_line' id='line_1_53' title="bbox 2193 2587 3685 2669; baseline 0.005 -27"><span class='ocrx_word' id='word_1_333' title='bbox 2193 2609 2212 2640; x_wconf 78' lang='grc' dir='ltr'><strong>ι</strong></span> <span class='ocrx_word' id='word_1_334' title='bbox 2240 2591 2306 2643; x_wconf 82' lang='grc' dir='ltr'><strong>Σὲ</strong></span> <span class='ocrx_word' id='word_1_335' title='bbox 2347 2589 2462 2653; x_wconf 82' lang='grc' dir='ltr'>νῦν,</span> <span class='ocrx_word' id='word_1_336' title='bbox 2497 2590 2585 2644; x_wconf 69' lang='grc' dir='ltr'>τὸν</span> <span class='ocrx_word' id='word_1_337' title='bbox 2617 2587 2838 2661; x_wconf 74' lang='grc' dir='ltr'>ὕψιστον</span> <span class='ocrx_word' id='word_1_338' title='bbox 2883 2593 3213 2659; x_wconf 80' lang='grc' dir='ltr'>Θεὸν,καλῶ,</span> <span class='ocrx_word' id='word_1_339' title='bbox 3247 2596 3548 2669; x_wconf 79' lang='grc' dir='ltr'>ἠκροώμην</span> <span class='ocrx_word' id='word_1_340' title='bbox 3573 2597 3685 2651; x_wconf 75' lang='grc' dir='ltr'>τότε</span> 
     </span>
    </p>
   </div>
   <div class='ocr_carea' id='block_1_54' title="bbox 2116 2683 3680 2761">
    <p class='ocr_par' dir='ltr' id='par_1_54' title="bbox 2116 2683 3680 2761">
     <span class='ocr_line' id='line_1_54' title="bbox 2116 2683 3680 2761; baseline 0.004 -25"><span class='ocrx_word' id='word_1_341' title='bbox 2116 2683 2311 2754; x_wconf 83' lang='grc' dir='ltr'>κομιδῆ</span> <span class='ocrx_word' id='word_1_342' title='bbox 2347 2683 2476 2746; x_wconf 83' lang='grc' dir='ltr'>παῖς</span> <span class='ocrx_word' id='word_1_343' title='bbox 2498 2683 2759 2755; x_wconf 78' lang='grc' dir='ltr'>ὑπάρχων</span> <span class='ocrx_word' id='word_1_344' title='bbox 2781 2683 2912 2756; x_wconf 75' lang='grc'>(59),</span> <span class='ocrx_word' id='word_1_345' title='bbox 2945 2687 3061 2750; x_wconf 85' lang='grc' dir='ltr'><strong>πῶς</strong></span> <span class='ocrx_word' id='word_1_346' title='bbox 3086 2689 3114 2740; x_wconf 87' lang='grc' dir='ltr'>ὁ</span> <span class='ocrx_word' id='word_1_347' title='bbox 3145 2688 3266 2741; x_wconf 84' lang='grc' dir='ltr'>κατ’</span> <span class='ocrx_word' id='word_1_348' title='bbox 3298 2690 3477 2742; x_wconf 78' lang='grc' dir='ltr'>ἐκεῖνο</span> <span class='ocrx_word' id='word_1_349' title='bbox 3501 2683 3680 2761; x_wconf 78' lang='grc' dir='ltr'>καιροῦ</span> 
     </span>
    </p>
   </div>
   <div class='ocr_carea' id='block_1_55' title="bbox 2115 2771 3679 2850">
    <p class='ocr_par' dir='ltr' id='par_1_55' title="bbox 2115 2771 3679 2850">
     <span class='ocr_line' id='line_1_55' title="bbox 2115 2771 3679 2850; baseline 0.006 -26"><span class='ocrx_word' id='word_1_350' title='bbox 2115 2771 2264 2843; x_wconf 82' lang='grc' dir='ltr'>παρὰ</span> <span class='ocrx_word' id='word_1_351' title='bbox 2298 2773 2410 2836; x_wconf 85' lang='grc' dir='ltr'>τοῖς</span> <span class='ocrx_word' id='word_1_352' title='bbox 2461 2772 2744 2844; x_wconf 86' lang='grc' dir='ltr'>Ῥωμαίων</span> <span class='ocrx_word' id='word_1_353' title='bbox 2788 2773 3210 2848; x_wconf 74' lang='grc' dir='ltr'>αὐτοκράτορσιν</span> <span class='ocrx_word' id='word_1_354' title='bbox 3255 2777 3398 2848; x_wconf 76' lang='grc' dir='ltr'>ἔχων</span> <span class='ocrx_word' id='word_1_355' title='bbox 3445 2779 3514 2832; x_wconf 87' lang='grc' dir='ltr'><strong>τά</strong></span> <span class='ocrx_word' id='word_1_356' title='bbox 3541 2797 3679 2850; x_wconf 88' lang='grc' dir='ltr'>πρω-</span> 
     </span>
    </p>
   </div>
   <div class='ocr_carea' id='block_1_56' title="bbox 2111 2863 3680 2942">
    <p class='ocr_par' dir='ltr' id='par_1_56' title="bbox 2111 2863 3680 2942">
     <span class='ocr_line' id='line_1_56' title="bbox 2111 2863 3680 2942; baseline 0.003 -25"><span class='ocrx_word' id='word_1_357' title='bbox 2111 2864 2250 2926; x_wconf 73' lang='grc' dir='ltr'>τεῖα,</span> <span class='ocrx_word' id='word_1_358' title='bbox 2303 2863 2553 2927; x_wconf 88' lang='grc' dir='ltr'>δείλαιος,</span> <span class='ocrx_word' id='word_1_359' title='bbox 2608 2864 2824 2935; x_wconf 76' lang='grc' dir='ltr'>ἀληθῶς</span> <span class='ocrx_word' id='word_1_360' title='bbox 2859 2867 3110 2933; x_wconf 86' lang='grc' dir='ltr'>δείλαιος,</span> <span class='ocrx_word' id='word_1_361' title='bbox 3153 2869 3332 2941; x_wconf 82' lang='grc' dir='ltr'>πλάνῃ</span> <span class='ocrx_word' id='word_1_362' title='bbox 3380 2871 3480 2942; x_wconf 76' lang='grc' dir='ltr'>τὴν</span> <span class='ocrx_word' id='word_1_363' title='bbox 3515 2869 3680 2940; x_wconf 74' lang='grc' dir='ltr'>ψυχὴν</span> 
     </span>
    </p>
   </div>
   <div class='ocr_carea' id='block_1_57' title="bbox 2111 2954 3679 3030">
    <p class='ocr_par' dir='ltr' id='par_1_57' title="bbox 2111 2954 3679 3030">
     <span class='ocr_line' id='line_1_57' title="bbox 2111 2954 3679 3030; baseline 0.003 -23"><span class='ocrx_word' id='word_1_364' title='bbox 2111 2955 2481 3026; x_wconf 75' lang='grc' dir='ltr'>ὴπατημένος,</span> <span class='ocrx_word' id='word_1_365' title='bbox 2512 2954 2661 3026; x_wconf 82' lang='grc' dir='ltr'>παρὰ</span> <span class='ocrx_word' id='word_1_366' title='bbox 2702 2956 2809 3009; x_wconf 83' lang='grc' dir='ltr'><strong>τῶν</strong></span> <span class='ocrx_word' id='word_1_367' title='bbox 2838 2957 3279 3030; x_wconf 78' lang='grc' dir='ltr'>δορυφορούντων</span> <span class='ocrx_word' id='word_1_368' title='bbox 3326 2959 3514 3026; x_wconf 83' lang='grc' dir='ltr'>αὑτὸν,</span> <span class='ocrx_word' id='word_1_369' title='bbox 3549 2959 3679 3022; x_wconf 85' lang='grc' dir='ltr'>τίνες</span> 
     </span>
    </p>
   </div>
   <div class='ocr_carea' id='block_1_58' title="bbox 2110 3043 3678 3122">
    <p class='ocr_par' dir='ltr' id='par_1_58' title="bbox 2110 3043 3678 3122">
     <span class='ocr_line' id='line_1_58' title="bbox 2110 3043 3678 3122; baseline 0.001 -22"><span class='ocrx_word' id='word_1_370' title='bbox 2110 3045 2176 3100; x_wconf 85' lang='grc' dir='ltr'><strong>ἃν</strong></span> <span class='ocrx_word' id='word_1_371' title='bbox 2210 3043 2318 3100; x_wconf 84' lang='grc' dir='ltr'>εἶεν</span> <span class='ocrx_word' id='word_1_372' title='bbox 2346 3048 2394 3100; x_wconf 80' lang='lat' dir='ltr'><strong>oi</strong></span> <span class='ocrx_word' id='word_1_373' title='bbox 2427 3046 2562 3118; x_wconf 77' lang='grc' dir='ltr'>πρὸς</span> <span class='ocrx_word' id='word_1_374' title='bbox 2592 3050 2656 3118; x_wconf 79' lang='grc' dir='ltr'>τῇ</span> <span class='ocrx_word' id='word_1_375' title='bbox 2685 3049 2755 3120; x_wconf 79' lang='grc' dir='ltr'><strong>γῇ</strong></span> <span class='ocrx_word' id='word_1_376' title='bbox 2780 3049 2996 3111; x_wconf 86' lang='grc' dir='ltr'>δίκαιοι,</span> <span class='ocrx_word' id='word_1_377' title='bbox 3017 3049 3492 3122; x_wconf 80' lang='grc' dir='ltr'>πολυπραγμονῶν</span> <span class='ocrx_word' id='word_1_378' title='bbox 3524 3053 3678 3104; x_wconf 81' lang='grc' dir='ltr'>ἐπυν-</span> 
     </span>
    </p>
   </div>
   <div class='ocr_carea' id='block_1_59' title="bbox 441 3137 1997 3237">
    <p class='ocr_par' dir='ltr' id='par_1_59' title="bbox 441 3143 1997 3215">
     <span class='ocr_line' id='line_1_59' title="bbox 441 3143 1997 3215; baseline 0 -19"><span class='ocrx_word' id='word_1_379' title='bbox 441 3147 792 3215; x_wconf 79' lang='lat' dir='ltr'><strong>degenteszet</strong></span> <span class='ocrx_word' id='word_1_380' title='bbox 815 3146 1100 3214; x_wconf 78' lang='lat' dir='ltr'><strong>quemdam</strong></span> <span class='ocrx_word' id='word_1_381' title='bbox 1128 3159 1192 3198; x_wconf 78' lang='lat' dir='ltr'><strong>ex</strong></span> <span class='ocrx_word' id='word_1_382' title='bbox 1219 3143 1544 3198; x_wconf 82' lang='lat' dir='ltr'><strong>sacriﬁculis</strong></span> <span class='ocrx_word' id='word_1_383' title='bbox 1567 3145 1656 3212; x_wconf 88' lang='lat' dir='ltr'><strong>qui</strong></span> <span class='ocrx_word' id='word_1_384' title='bbox 1686 3145 1831 3198; x_wconf 83' lang='lat' dir='ltr'><strong>circa</strong></span> <span class='ocrx_word' id='word_1_385' title='bbox 1859 3143 1997 3196; x_wconf 89' lang='lat' dir='ltr'><strong>illum</strong></span> 
     </span>
    </p>
   </div>
   <div class='ocr_carea' id='block_1_60' title="bbox 2118 3137 3673 3237">
    <p class='ocr_par' dir='ltr' id='par_1_60' title="bbox 2118 3137 3673 3212">
     <span class='ocr_line' id='line_1_60' title="bbox 2118 3137 3673 3212; baseline 0.001 -21"><span class='ocrx_word' id='word_1_386' title='bbox 2118 3137 2333 3192; x_wconf 76' lang='grc' dir='ltr'>Βάνετο⁶</span> <span class='ocrx_word' id='word_1_387' title='bbox 2375 3137 2467 3190; x_wconf 87' lang='grc' dir='ltr'><strong>καί</strong></span> <span class='ocrx_word' id='word_1_388' title='bbox 2499 3154 2584 3201; x_wconf 88' lang='grc' dir='ltr'><strong>τις</strong></span> <span class='ocrx_word' id='word_1_389' title='bbox 2625 3137 2734 3190; x_wconf 85' lang='grc' dir='ltr'>τῶν</span> <span class='ocrx_word' id='word_1_390' title='bbox 2779 3138 2904 3210; x_wconf 80' lang='grc' dir='ltr'>περὶ</span> <span class='ocrx_word' id='word_1_391' title='bbox 2937 3139 3097 3191; x_wconf 79' lang='grc' dir='ltr'>αὐτὸν</span> <span class='ocrx_word' id='word_1_392' title='bbox 3134 3139 3422 3212; x_wconf 84' lang='grc' dir='ltr'>Θυηπόλων</span> <span class='ocrx_word' id='word_1_393' title='bbox 3456 3141 3673 3211; x_wconf 82' lang='grc' dir='ltr'>ἀποκρι-</span> 
     </span>
    </p>
   </div>
   <div class='ocr_carea' id='block_1_61' title="bbox 439 3229 2005 3307">
    <p class='ocr_par' dir='ltr' id='par_1_61' title="bbox 439 3229 2005 3307">
     <span class='ocr_line' id='line_1_61' title="bbox 439 3229 2005 3307; baseline -0.003 -13"><span class='ocrx_word' id='word_1_394' title='bbox 439 3247 614 3298; x_wconf 87' lang='lat' dir='ltr'><strong>erant.</strong></span> <span class='ocrx_word' id='word_1_395' title='bbox 665 3237 1010 3307; x_wconf 87' lang='lat' dir='ltr'><strong>respondisse</strong></span> <span class='ocrx_word' id='word_1_396' title='bbox 1053 3250 1147 3291; x_wconf 92' lang='lat' dir='ltr'><strong>eos</strong></span> <span class='ocrx_word' id='word_1_397' title='bbox 1219 3250 1336 3291; x_wconf 90' lang='lat' dir='ltr'><strong>esse</strong></span> <span class='ocrx_word' id='word_1_398' title='bbox 1365 3233 1719 3290; x_wconf 88' lang='lat' dir='ltr'><strong>Christianos.</strong></span> <span class='ocrx_word' id='word_1_399' title='bbox 1767 3229 1857 3288; x_wconf 91' lang='lat' dir='ltr'><strong>llle</strong></span> <span class='ocrx_word' id='word_1_400' title='bbox 1889 3250 2005 3289; x_wconf 85' lang='lat' dir='ltr'><strong>res-</strong></span> 
     </span>
    </p>
   </div>
   <div class='ocr_carea' id='block_1_62' title="bbox 439 3323 2002 3396">
    <p class='ocr_par' dir='ltr' id='par_1_62' title="bbox 439 3323 2002 3396">
     <span class='ocr_line' id='line_1_62' title="bbox 439 3323 2002 3396; baseline -0.003 -15"><span class='ocrx_word' id='word_1_401' title='bbox 439 3342 608 3390; x_wconf 90' lang='lat' dir='ltr'><strong>ponso</strong></span> <span class='ocrx_word' id='word_1_402' title='bbox 640 3328 878 3381; x_wconf 88' lang='lat' dir='ltr'><strong>hominis</strong></span> <span class='ocrx_word' id='word_1_403' title='bbox 905 3328 1057 3396; x_wconf 86' lang='lat' dir='ltr'><strong>quasi</strong></span> <span class='ocrx_word' id='word_1_404' title='bbox 1090 3324 1248 3380; x_wconf 88' lang='lat' dir='ltr'><strong>melle</strong></span> <span class='ocrx_word' id='word_1_405' title='bbox 1280 3325 1514 3394; x_wconf 83' lang='lat' dir='ltr'><strong>quodam</strong></span> <span class='ocrx_word' id='word_1_406' title='bbox 1541 3323 1696 3378; x_wconf 87' lang='lat' dir='ltr'><strong>avide</strong></span> <span class='ocrx_word' id='word_1_407' title='bbox 1724 3323 2002 3392; x_wconf 83' lang='lat' dir='ltr'><strong>absorpto.</strong></span> 
     </span>
    </p>
   </div>
   <div class='ocr_carea' id='block_1_63' title="bbox 436 3417 2005 3486">
    <p class='ocr_par' dir='ltr' id='par_1_63' title="bbox 436 3417 2005 3486">
     <span class='ocr_line' id='line_1_63' title="bbox 436 3417 2005 3486; baseline -0.002 -16"><span class='ocrx_word' id='word_1_408' title='bbox 436 3417 644 3485; x_wconf 78' lang='lat' dir='ltr'><strong>gladios</strong></span> <span class='ocrx_word' id='word_1_409' title='bbox 667 3418 732 3470; x_wconf 88' lang='lat' dir='ltr'><strong>ad</strong></span> <span class='ocrx_word' id='word_1_410' title='bbox 752 3417 1020 3486; x_wconf 88' lang='lat' dir='ltr'><strong>punienda</strong></span> <span class='ocrx_word' id='word_1_411' title='bbox 1049 3418 1277 3472; x_wconf 89' lang='lat' dir='ltr'><strong>crimina</strong></span> <span class='ocrx_word' id='word_1_412' title='bbox 1305 3428 1548 3486; x_wconf 85' lang='lat' dir='ltr'><strong>paratos,</strong></span> <span class='ocrx_word' id='word_1_413' title='bbox 1567 3417 1823 3469; x_wconf 89' lang='lat' dir='ltr'><strong>adversus</strong></span> <span class='ocrx_word' id='word_1_414' title='bbox 1847 3429 2005 3467; x_wconf 83' lang='lat' dir='ltr'><strong>sanc-</strong></span> 
     </span>
    </p>
   </div>
   <div class='ocr_carea' id='block_1_64' title="bbox 438 3501 2000 3573">
    <p class='ocr_par' dir='ltr' id='par_1_64' title="bbox 438 3501 2000 3573">
     <span class='ocr_line' id='line_1_64' title="bbox 438 3501 2000 3573; baseline 0 -17"><span class='ocrx_word' id='word_1_415' title='bbox 438 3505 643 3557; x_wconf 84' lang='lat' dir='ltr'><strong>titatem</strong></span> <span class='ocrx_word' id='word_1_416' title='bbox 707 3504 854 3557; x_wconf 90' lang='lat' dir='ltr'><strong>omni</strong></span> <span class='ocrx_word' id='word_1_417' title='bbox 915 3506 1336 3573; x_wconf 83' lang='lat' dir='ltr'><strong>reprehensione</strong></span> <span class='ocrx_word' id='word_1_418' title='bbox 1409 3521 1636 3560; x_wconf 83' lang='lat' dir='ltr'><strong>vacuam</strong></span> <span class='ocrx_word' id='word_1_419' title='bbox 1699 3501 2000 3558; x_wconf 78' lang='lat' dir='ltr'><strong>distrinxit.</strong></span> 
     </span>
    </p>
   </div>
   <div class='ocr_carea' id='block_1_65' title="bbox 436 3592 2000 3663">
    <p class='ocr_par' dir='ltr' id='par_1_65' title="bbox 436 3592 2000 3663">
     <span class='ocr_line' id='line_1_65' title="bbox 436 3592 2000 3663; baseline 0.001 -17"><span class='ocrx_word' id='word_1_420' title='bbox 436 3592 632 3646; x_wconf 85' lang='lat' dir='ltr'><strong>Statim</strong></span> <span class='ocrx_word' id='word_1_421' title='bbox 665 3593 831 3659; x_wconf 82' lang='lat' dir='ltr'><strong>igitur</strong></span> <span class='ocrx_word' id='word_1_422' title='bbox 875 3594 1285 3663; x_wconf 85' lang='lat' dir='ltr'><strong>sanguinolenta</strong></span> <span class='ocrx_word' id='word_1_423' title='bbox 1333 3595 1507 3650; x_wconf 88' lang='lat' dir='ltr'><strong>edicta</strong></span> <span class='ocrx_word' id='word_1_424' title='bbox 1549 3595 1808 3659; x_wconf 87' lang='lat' dir='ltr'><strong>cruentis,</strong></span> <span class='ocrx_word' id='word_1_425' title='bbox 1837 3605 1894 3648; x_wconf 88' lang='lat' dir='ltr'><strong>ut</strong></span> <span class='ocrx_word' id='word_1_426' title='bbox 1927 3595 2000 3648; x_wconf 93' lang='lat' dir='ltr'><strong>ita</strong></span> 
     </span>
    </p>
   </div>
   <div class='ocr_carea' id='block_1_66' title="bbox 436 3665 2002 3754">
    <p class='ocr_par' dir='ltr' id='par_1_66' title="bbox 436 3665 2002 3754">
     <span class='ocr_line' id='line_1_66' title="bbox 436 3665 2002 3754; baseline 0.002 -20"><span class='ocrx_word' id='word_1_427' title='bbox 436 3683 689 3747; x_wconf 79' lang='lat' dir='ltr'><strong>dixerim,</strong></span> <span class='ocrx_word' id='word_1_428' title='bbox 723 3665 1324 3752; x_wconf 57' lang='lat' dir='ltr'><strong>mucronibussci-ipsit</strong></span> <span class='ocrx_word' id='word_1_429' title='bbox 1358 3703 1372 3738; x_wconf 91' lang='lat'>:</span> <span class='ocrx_word' id='word_1_430' title='bbox 1401 3693 1455 3738; x_wconf 90' lang='lat' dir='ltr'><strong>et</strong></span> <span class='ocrx_word' id='word_1_431' title='bbox 1489 3685 1761 3752; x_wconf 85' lang='lat' dir='ltr'><strong>judicihns</strong></span> <span class='ocrx_word' id='word_1_432' title='bbox 1800 3700 2002 3754; x_wconf 60' lang='lat' dir='ltr'><strong>prame-</strong></span> 
     </span>
    </p>
   </div>
   <div class='ocr_carea' id='block_1_67' title="bbox 435 3775 1999 3844">
    <p class='ocr_par' dir='ltr' id='par_1_67' title="bbox 435 3775 1999 3844">
     <span class='ocr_line' id='line_1_67' title="bbox 435 3775 1999 3844; baseline 0.003 -18"><span class='ocrx_word' id='word_1_433' title='bbox 435 3775 534 3843; x_wconf 88' lang='lat' dir='ltr'><strong>pit,</strong></span> <span class='ocrx_word' id='word_1_434' title='bbox 579 3785 636 3828; x_wconf 93' lang='lat' dir='ltr'><strong>ut</strong></span> <span class='ocrx_word' id='word_1_435' title='bbox 665 3775 860 3844; x_wconf 78' lang='lat' dir='ltr'><strong>ingenii</strong></span> <span class='ocrx_word' id='word_1_436' title='bbox 889 3775 1166 3829; x_wconf 86' lang='lat' dir='ltr'><strong>solertiam</strong></span> <span class='ocrx_word' id='word_1_437' title='bbox 1205 3776 1307 3828; x_wconf 82' lang='lat' dir='ltr'><strong>sibi</strong></span> <span class='ocrx_word' id='word_1_438' title='bbox 1353 3792 1380 3827; x_wconf 90' lang='lat' dir='ltr'><strong>a</strong></span> <span class='ocrx_word' id='word_1_439' title='bbox 1415 3786 1604 3829; x_wconf 84' lang='lat' dir='ltr'><strong>natura</strong></span> <span class='ocrx_word' id='word_1_440' title='bbox 1650 3777 1892 3838; x_wconf 87' lang='lat' dir='ltr'><strong>insitam,</strong></span> <span class='ocrx_word' id='word_1_441' title='bbox 1932 3779 1999 3832; x_wconf 91' lang='lat' dir='ltr'><strong>ad</strong></span> 
     </span>
    </p>
   </div>
   <div class='ocr_carea' id='block_1_68' title="bbox 435 3868 1844 3936">
    <p class='ocr_par' dir='ltr' id='par_1_68' title="bbox 435 3868 1844 3936">
     <span class='ocr_line' id='line_1_68' title="bbox 435 3868 1844 3936; baseline 0.001 -18"><span class='ocrx_word' id='word_1_442' title='bbox 435 3869 715 3922; x_wconf 85' lang='lat' dir='ltr'><strong>acerbiora</strong></span> <span class='ocrx_word' id='word_1_443' title='bbox 751 3868 1009 3936; x_wconf 84' lang='lat' dir='ltr'><strong>supplicia</strong></span> <span class='ocrx_word' id='word_1_444' title='bbox 1039 3868 1392 3934; x_wconf 71' lang='lat' dir='ltr'><strong>excogitanda</strong></span> <span class='ocrx_word' id='word_1_445' title='bbox 1420 3869 1786 3923; x_wconf 85' lang='lat' dir='ltr'><strong>intenderent.</strong></span> <span class='ocrx_word' id='word_1_446' title='bbox 1825 3888 1844 3920; x_wconf 73' lang='grc' dir='ltr'><strong>ι</strong></span> 
     </span>
    </p>
   </div>
   <div class='ocr_carea' id='block_1_69' title="bbox 1034 3958 1404 4014">
    <p class='ocr_par' dir='ltr' id='par_1_69' title="bbox 1034 3958 1404 4014">
     <span class='ocr_line' id='line_1_69' title="bbox 1034 3958 1404 4014; baseline 0.003 -1"><span class='ocrx_word' id='word_1_447' title='bbox 1034 3958 1259 4013; x_wconf 73' lang='lat' dir='ltr'><strong>CAPUT</strong></span> <span class='ocrx_word' id='word_1_448' title='bbox 1300 3958 1404 4014; x_wconf 70' lang='grc' dir='ltr'>ιιι.</span> 
     </span>
    </p>
   </div>
   <div class='ocr_carea' id='block_1_70' title="bbox 434 4050 1998 4120">
    <p class='ocr_par' dir='ltr' id='par_1_70' title="bbox 434 4050 1998 4120">
     <span class='ocr_line' id='line_1_70' title="bbox 434 4050 1998 4120; baseline 0.003 -17"><span class='ocrx_word' id='word_1_449' title='bbox 434 4050 572 4115; x_wconf 84' lang='lat' dir='ltr'><strong>Quot</strong></span> <span class='ocrx_word' id='word_1_450' title='bbox 616 4061 993 4104; x_wconf 77' lang='lat' dir='ltr'><strong>tormentorum</strong></span> <span class='ocrx_word' id='word_1_451' title='bbox 1027 4062 1074 4104; x_wconf 87' lang='lat' dir='ltr'><strong>et</strong></span> <span class='ocrx_word' id='word_1_452' title='bbox 1118 4051 1491 4118; x_wconf 82' lang='lat' dir='ltr'><strong>suppliciorum</strong></span> <span class='ocrx_word' id='word_1_453' title='bbox 1533 4068 1720 4120; x_wconf 85' lang='lat' dir='ltr'><strong>genera</strong></span> <span class='ocrx_word' id='word_1_454' title='bbox 1746 4054 1998 4108; x_wconf 71' lang='lat' dir='ltr'><strong>adrasus</strong></span> 
     </span>
    </p>
   </div>
   <div class='ocr_carea' id='block_1_71' title="bbox 807 4122 1621 4188">
    <p class='ocr_par' dir='ltr' id='par_1_71' title="bbox 807 4122 1621 4188">
     <span class='ocr_line' id='line_1_71' title="bbox 807 4122 1621 4188; baseline -0.002 -13"><span class='ocrx_word' id='word_1_455' title='bbox 807 4123 1136 4175; x_wconf 77' lang='lat' dir='ltr'><strong>Christianos</strong></span> <span class='ocrx_word' id='word_1_456' title='bbox 1173 4122 1467 4188; x_wconf 76' lang='lat' dir='ltr'><strong>excogitata</strong></span> <span class='ocrx_word' id='word_1_457' title='bbox 1497 4127 1621 4174; x_wconf 86' lang='lat' dir='ltr'><strong>sint.</strong></span> 
     </span>
    </p>
   </div>
   <div class='ocr_carea' id='block_1_72' title="bbox 509 4211 1993 4282">
    <p class='ocr_par' dir='ltr' id='par_1_72' title="bbox 509 4211 1993 4282">
     <span class='ocr_line' id='line_1_72' title="bbox 509 4211 1993 4282; baseline 0.004 -20"><span class='ocrx_word' id='word_1_458' title='bbox 509 4231 526 4262; x_wconf 82' lang='grc' dir='ltr'><strong>ι</strong></span> <span class='ocrx_word' id='word_1_459' title='bbox 553 4211 728 4268; x_wconf 88' lang='lat' dir='ltr'><strong>Licuit</strong></span> <span class='ocrx_word' id='word_1_460' title='bbox 755 4225 902 4278; x_wconf 87' lang='lat' dir='ltr'><strong>tunc,</strong></span> <span class='ocrx_word' id='word_1_461' title='bbox 941 4213 1111 4274; x_wconf 85' lang='lat' dir='ltr'><strong>licuit,</strong></span> <span class='ocrx_word' id='word_1_462' title='bbox 1139 4213 1379 4282; x_wconf 88' lang='lat' dir='ltr'><strong>inquam,</strong></span> <span class='ocrx_word' id='word_1_463' title='bbox 1409 4213 1610 4278; x_wconf 84' lang='lat' dir='ltr'><strong>videre,</strong></span> <span class='ocrx_word' id='word_1_464' title='bbox 1643 4224 1844 4282; x_wconf 89' lang='lat' dir='ltr'><strong>quanta</strong></span> <span class='ocrx_word' id='word_1_465' title='bbox 1874 4231 1993 4268; x_wconf 91' lang='lat' dir='ltr'><strong>cum</strong></span> 
     </span>
    </p>
   </div>
   <div class='ocr_carea' id='block_1_73' title="bbox 430 4303 1996 4362">
    <p class='ocr_par' dir='ltr' id='par_1_73' title="bbox 430 4303 1996 4362">
     <span class='ocr_line' id='line_1_73' title="bbox 430 4303 1996 4362; baseline 0.002 -4"><span class='ocrx_word' id='word_1_466' title='bbox 430 4304 679 4360; x_wconf 83' lang='lat' dir='ltr'><strong>libertate</strong></span> <span class='ocrx_word' id='word_1_467' title='bbox 704 4306 1042 4361; x_wconf 83' lang='lat' dir='ltr'><strong>venerabiles</strong></span> <span class='ocrx_word' id='word_1_468' title='bbox 1065 4305 1157 4359; x_wconf 88' lang='lat' dir='ltr'><strong>Dei</strong></span> <span class='ocrx_word' id='word_1_469' title='bbox 1185 4303 1426 4358; x_wconf 88' lang='lat' dir='ltr'><strong>cultores</strong></span> <span class='ocrx_word' id='word_1_470' title='bbox 1449 4306 1518 4358; x_wconf 85' lang='lat' dir='ltr'><strong>ob</strong></span> <span class='ocrx_word' id='word_1_471' title='bbox 1542 4309 1848 4360; x_wconf 90' lang='lat' dir='ltr'><strong>continuam</strong></span> <span class='ocrx_word' id='word_1_472' title='bbox 1874 4324 1996 4362; x_wconf 87' lang='lat' dir='ltr'><strong>crn-</strong></span> 
     </span>
    </p>
   </div>
   <div class='ocr_carea' id='block_1_74' title="bbox 428 4395 1982 4468">
    <p class='ocr_par' dir='ltr' id='par_1_74' title="bbox 428 4395 1982 4468">
     <span class='ocr_line' id='line_1_74' title="bbox 428 4395 1982 4468; baseline 0.003 -20"><span class='ocrx_word' id='word_1_473' title='bbox 428 4397 707 4454; x_wconf 91' lang='lat' dir='ltr'><strong>delitatem</strong></span> <span class='ocrx_word' id='word_1_474' title='bbox 743 4397 1094 4468; x_wconf 83' lang='lat' dir='ltr'><strong>gravissimas</strong></span> <span class='ocrx_word' id='word_1_475' title='bbox 1131 4395 1376 4467; x_wconf 86' lang='lat' dir='ltr'><strong>quotidie</strong></span> <span class='ocrx_word' id='word_1_476' title='bbox 1401 4397 1753 4452; x_wconf 85' lang='lat' dir='ltr'><strong>contumelias</strong></span> <span class='ocrx_word' id='word_1_477' title='bbox 1787 4398 1982 4453; x_wconf 88' lang='lat' dir='ltr'><strong>tolera-</strong></span> 
     </span>
    </p>
   </div>
   <div class='ocr_carea' id='block_1_75' title="bbox 2113 3229 3676 3304">
    <p class='ocr_par' dir='ltr' id='par_1_75' title="bbox 2113 3229 3676 3304">
     <span class='ocr_line' id='line_1_75' title="bbox 2113 3229 3676 3304; baseline 0.003 -22"><span class='ocrx_word' id='word_1_478' title='bbox 2113 3229 2245 3293; x_wconf 68' lang='lat' dir='ltr'><strong>Oelc,</strong></span> <span class='ocrx_word' id='word_1_479' title='bbox 2281 3231 2594 3302; x_wconf 69' lang='grc' dir='ltr'>Χριστιανοὶ</span> <span class='ocrx_word' id='word_1_480' title='bbox 2640 3229 2927 3301; x_wconf 78' lang='grc' dir='ltr'>δήπουθεν,</span> <span class='ocrx_word' id='word_1_481' title='bbox 2972 3231 3098 3302; x_wconf 76' lang='grc' dir='ltr'>ἔφη.</span> <span class='ocrx_word' id='word_1_482' title='bbox 3140 3229 3197 3285; x_wconf 76' lang='grc' dir='ltr'><strong>Ὀ</strong></span> <span class='ocrx_word' id='word_1_483' title='bbox 3240 3232 3298 3285; x_wconf 85' lang='grc' dir='ltr'>δὲ</span> <span class='ocrx_word' id='word_1_484' title='bbox 3331 3233 3432 3304; x_wconf 78' lang='grc' dir='ltr'>τὴν</span> <span class='ocrx_word' id='word_1_485' title='bbox 3465 3234 3676 3304; x_wconf 79' lang='grc' dir='ltr'>άπόκρι·</span> 
     </span>
    </p>
   </div>
   <div class='ocr_carea' id='block_1_76' title="bbox 2114 3322 3654 3395">
    <p class='ocr_par' dir='ltr' id='par_1_76' title="bbox 2114 3322 3654 3395">
     <span class='ocr_line' id='line_1_76' title="bbox 2114 3322 3654 3395; baseline 0.004 -19"><span class='ocrx_word' id='word_1_486' title='bbox 2114 3334 2195 3376; x_wconf 87' lang='grc' dir='ltr'><strong>σιν</strong></span> <span class='ocrx_word' id='word_1_487' title='bbox 2236 3322 2420 3395; x_wconf 79' lang='grc' dir='ltr'>ὥσπερ</span> <span class='ocrx_word' id='word_1_488' title='bbox 2463 3341 2516 3376; x_wconf 86' lang='grc' dir='ltr'><strong>τι</strong></span> <span class='ocrx_word' id='word_1_489' title='bbox 2557 3323 2846 3394; x_wconf 80' lang='grc' dir='ltr'>βροχϐίσας</span> <span class='ocrx_word' id='word_1_490' title='bbox 2880 3324 2997 3394; x_wconf 82' lang='grc' dir='ltr'>μέλι</span> <span class='ocrx_word' id='word_1_491' title='bbox 3019 3324 3148 3395; x_wconf 76' lang='grc'>(60),</span> <span class='ocrx_word' id='word_1_492' title='bbox 3177 3325 3247 3379; x_wconf 73' lang='grc' dir='ltr'><strong>τά</strong></span> <span class='ocrx_word' id='word_1_493' title='bbox 3275 3327 3421 3380; x_wconf 84' lang='grc' dir='ltr'>κατὰ</span> <span class='ocrx_word' id='word_1_494' title='bbox 3450 3328 3554 3380; x_wconf 86' lang='grc' dir='ltr'><strong>τῶν</strong></span> <span class='ocrx_word' id='word_1_495' title='bbox 3576 3329 3654 3382; x_wconf 85' lang='grc' dir='ltr'><strong>άδι</strong></span> 
     </span>
    </p>
   </div>
   <div class='ocr_carea' id='block_1_77' title="bbox 2111 3414 3668 3491">
    <p class='ocr_par' dir='ltr' id='par_1_77' title="bbox 2111 3414 3668 3491">
     <span class='ocr_line' id='line_1_77' title="bbox 2111 3414 3668 3491; baseline 0.002 -23"><span class='ocrx_word' id='word_1_496' title='bbox 2111 3416 2368 3485; x_wconf 85' lang='grc' dir='ltr'>κημάτων</span> <span class='ocrx_word' id='word_1_497' title='bbox 2412 3414 2701 3486; x_wconf 79' lang='grc' dir='ltr'>εὑρεθέντα</span> <span class='ocrx_word' id='word_1_498' title='bbox 2758 3415 2907 3486; x_wconf 80' lang='grc' dir='ltr'>ξίφη,</span> <span class='ocrx_word' id='word_1_499' title='bbox 2961 3416 3101 3470; x_wconf 68' lang='grc' dir='ltr'>κατὰ</span> <span class='ocrx_word' id='word_1_500' title='bbox 3162 3417 3262 3487; x_wconf 82' lang='grc' dir='ltr'>τῆς</span> <span class='ocrx_word' id='word_1_501' title='bbox 3315 3419 3668 3491; x_wconf 73' lang='grc' dir='ltr'>άνεπιλήπτου</span> 
     </span>
    </p>
   </div>
   <div class='ocr_carea' id='block_1_78' title="bbox 2109 3497 3672 3581">
    <p class='ocr_par' dir='ltr' id='par_1_78' title="bbox 2109 3497 3672 3581">
     <span class='ocr_line' id='line_1_78' title="bbox 2109 3497 3672 3581; baseline 0.002 -21"><span class='ocrx_word' id='word_1_502' title='bbox 2109 3508 2383 3578; x_wconf 83' lang='grc' dir='ltr'>ὁσιότητος</span> <span class='ocrx_word' id='word_1_503' title='bbox 2428 3506 2708 3571; x_wconf 81' lang='grc' dir='ltr'>ἐξέτεινεν.</span> <span class='ocrx_word' id='word_1_504' title='bbox 2739 3507 2946 3561; x_wconf 79' lang='grc' dir='ltr'>Αὐτίκα</span> <span class='ocrx_word' id='word_1_505' title='bbox 2992 3508 3054 3580; x_wconf 83' lang='grc' dir='ltr'>δὴ</span> <span class='ocrx_word' id='word_1_506' title='bbox 3105 3503 3197 3562; x_wconf 77' lang='grc' dir='ltr'><strong>οὖν</strong></span> <span class='ocrx_word' id='word_1_507' title='bbox 3225 3497 3572 3581; x_wconf 65' lang='grc' dir='ltr'>διατάγματα</span> <span class='ocrx_word' id='word_1_508' title='bbox 3593 3509 3672 3564; x_wconf 76' lang='grc' dir='ltr'><strong>λύ’</strong></span> 
     </span>
    </p>
   </div>
   <div class='ocr_carea' id='block_1_79' title="bbox 2111 3598 3666 3671">
    <p class='ocr_par' dir='ltr' id='par_1_79' title="bbox 2111 3598 3666 3671">
     <span class='ocr_line' id='line_1_79' title="bbox 2111 3598 3666 3671; baseline 0.001 -18"><span class='ocrx_word' id='word_1_509' title='bbox 2111 3599 2254 3671; x_wconf 84' lang='grc' dir='ltr'>θρων</span> <span class='ocrx_word' id='word_1_510' title='bbox 2285 3599 2609 3671; x_wconf 83' lang='grc' dir='ltr'>μιαιφόνοις,</span> <span class='ocrx_word' id='word_1_511' title='bbox 2626 3598 2702 3662; x_wconf 85' lang='grc' dir='ltr'>ὡς</span> <span class='ocrx_word' id='word_1_512' title='bbox 2731 3600 2924 3662; x_wconf 79' lang='grc' dir='ltr'>εἰπεῖν,</span> <span class='ocrx_word' id='word_1_513' title='bbox 2955 3600 3198 3662; x_wconf 86' lang='grc' dir='ltr'>ἀκωκαῖς</span> <span class='ocrx_word' id='word_1_514' title='bbox 3218 3599 3331 3670; x_wconf 80' lang='lat' dir='ltr'><strong>(Gl)</strong></span> <span class='ocrx_word' id='word_1_515' title='bbox 3369 3603 3666 3662; x_wconf 83' lang='grc' dir='ltr'>συνέταττε,</span> 
     </span>
    </p>
   </div>
   <div class='ocr_carea' id='block_1_80' title="bbox 2107 3690 3666 3762">
    <p class='ocr_par' dir='ltr' id='par_1_80' title="bbox 2107 3690 3666 3762">
     <span class='ocr_line' id='line_1_80' title="bbox 2107 3690 3666 3762; baseline 0.001 -18"><span class='ocrx_word' id='word_1_516' title='bbox 2107 3694 2219 3754; x_wconf 82' lang='grc' dir='ltr'>τοῖς</span> <span class='ocrx_word' id='word_1_517' title='bbox 2247 3709 2306 3744; x_wconf 88' lang='grc' dir='ltr'><strong>τε</strong></span> <span class='ocrx_word' id='word_1_518' title='bbox 2337 3691 2618 3754; x_wconf 80' lang='grc' dir='ltr'>δικασταῖς</span> <span class='ocrx_word' id='word_1_519' title='bbox 2669 3690 2769 3762; x_wconf 81' lang='grc' dir='ltr'>τὴν</span> <span class='ocrx_word' id='word_1_520' title='bbox 2803 3690 2942 3744; x_wconf 79' lang='grc' dir='ltr'>κατὰ</span> <span class='ocrx_word' id='word_1_521' title='bbox 2971 3691 3130 3760; x_wconf 79' lang='grc' dir='ltr'>φύσιν</span> <span class='ocrx_word' id='word_1_522' title='bbox 3163 3691 3446 3762; x_wconf 80' lang='grc' dir='ltr'>ἀγχίνοιαν</span> <span class='ocrx_word' id='word_1_523' title='bbox 3482 3696 3560 3757; x_wconf 87' lang='grc' dir='ltr'><strong>εἰς</strong></span> <span class='ocrx_word' id='word_1_524' title='bbox 3584 3693 3666 3746; x_wconf 63' lang='lat' dir='ltr'><strong>silo-</strong></span> 
     </span>
    </p>
   </div>
   <div class='ocr_carea' id='block_1_81' title="bbox 2111 3779 3666 3855">
    <p class='ocr_par' dir='ltr' id='par_1_81' title="bbox 2111 3779 3666 3855">
     <span class='ocr_line' id='line_1_81' title="bbox 2111 3779 3666 3855; baseline 0 -19"><span class='ocrx_word' id='word_1_525' title='bbox 2111 3800 2260 3855; x_wconf 89' lang='grc' dir='ltr'>ρεσιν</span> <span class='ocrx_word' id='word_1_526' title='bbox 2313 3781 2688 3854; x_wconf 88' lang='grc' dir='ltr'>κολαστηρίων</span> <span class='ocrx_word' id='word_1_527' title='bbox 2738 3781 3050 3852; x_wconf 84' lang='grc' dir='ltr'>δεινοτέρων</span> <span class='ocrx_word' id='word_1_528' title='bbox 3120 3779 3384 3836; x_wconf 79' lang='grc' dir='ltr'>ἐκτείνειν</span> <span class='ocrx_word' id='word_1_529' title='bbox 3445 3801 3666 3855; x_wconf 77' lang='grc' dir='ltr'><strong>παρεκε⁴</strong></span> 
     </span>
    </p>
   </div>
   <div class='ocr_carea' id='block_1_82' title="bbox 2106 3875 2514 3946">
    <p class='ocr_par' dir='ltr' id='par_1_82' title="bbox 2106 3875 2514 3946">
     <span class='ocr_line' id='line_1_82' title="bbox 2106 3875 2514 3946; baseline -0.01 -17"><span class='ocrx_word' id='word_1_530' title='bbox 2106 3875 2290 3929; x_wconf 77' lang='grc' dir='ltr'>λεύετο</span> <span class='ocrx_word' id='word_1_531' title='bbox 2313 3875 2442 3946; x_wconf 72' lang='lat'><strong>(69.).</strong></span> <span class='ocrx_word' id='word_1_532' title='bbox 2496 3893 2514 3924; x_wconf 75' lang='grc' dir='ltr'><strong>ι</strong></span> 
     </span>
    </p>
   </div>
   <div class='ocr_carea' id='block_1_83' title="bbox 2611 3965 3159 4021">
    <p class='ocr_par' dir='ltr' id='par_1_83' title="bbox 2611 3965 3159 4021">
     <span class='ocr_line' id='line_1_83' title="bbox 2611 3965 3159 4021; baseline 0.005 -4"><span class='ocrx_word' id='word_1_533' title='bbox 2611 3965 3004 4018; x_wconf 79' lang='grc' dir='ltr'><strong>ΚΕΦΑΛΛΙΟΝ</strong></span> <span class='ocrx_word' id='word_1_534' title='bbox 3034 3965 3159 4021; x_wconf 84' lang='grc' dir='ltr'>ΝΒ’.</span> 
     </span>
    </p>
   </div>
   <div class='ocr_carea' id='block_1_84' title="bbox 2107 4055 3659 4126">
    <p class='ocr_par' dir='ltr' id='par_1_84' title="bbox 2107 4055 3659 4126">
     <span class='ocr_line' id='line_1_84' title="bbox 2107 4055 3659 4126; baseline -0.003 -13"><span class='ocrx_word' id='word_1_535' title='bbox 2107 4060 2254 4115; x_wconf 80' lang='grc' dir='ltr'>Ὅσα</span> <span class='ocrx_word' id='word_1_536' title='bbox 2280 4058 2408 4125; x_wconf 77' lang='grc' dir='ltr'>εἴδη</span> <span class='ocrx_word' id='word_1_537' title='bbox 2432 4055 2726 4126; x_wconf 77' lang='grc' dir='ltr'>,βασάνων</span> <span class='ocrx_word' id='word_1_538' title='bbox 2758 4057 2855 4110; x_wconf 78' lang='grc' dir='ltr'>καὶ</span> <span class='ocrx_word' id='word_1_539' title='bbox 2891 4056 3176 4126; x_wconf 77' lang='grc' dir='ltr'>τιμωριῶν</span> <span class='ocrx_word' id='word_1_540' title='bbox 3209 4057 3361 4112; x_wconf 81' lang='grc' dir='ltr'>κατὰ</span> <span class='ocrx_word' id='word_1_541' title='bbox 3397 4059 3659 4126; x_wconf 79' lang='grc' dir='ltr'>Χριστια-</span> 
     </span>
    </p>
   </div>
   <div class='ocr_carea' id='block_1_85' title="bbox 2647 4125 3118 4195">
    <p class='ocr_par' dir='ltr' id='par_1_85' title="bbox 2647 4125 3118 4195">
     <span class='ocr_line' id='line_1_85' title="bbox 2647 4125 3118 4195; baseline 0.004 -17"><span class='ocrx_word' id='word_1_542' title='bbox 2647 4125 2769 4180; x_wconf 76' lang='grc' dir='ltr'><strong>νῶν</strong></span> <span class='ocrx_word' id='word_1_543' title='bbox 2798 4125 3118 4195; x_wconf 75' lang='grc' dir='ltr'><strong>ἐτολμήθη.</strong></span> 
     </span>
    </p>
   </div>
   <div class='ocr_carea' id='block_1_86' title="bbox 2172 4213 3660 4290">
    <p class='ocr_par' dir='ltr' id='par_1_86' title="bbox 2172 4213 3660 4290">
     <span class='ocr_line' id='line_1_86' title="bbox 2172 4213 3660 4290; baseline -0.002 -17"><span class='ocrx_word' id='word_1_544' title='bbox 2172 4216 2279 4273; x_wconf 85' lang='grc' dir='ltr'>Ἦν</span> <span class='ocrx_word' id='word_1_545' title='bbox 2317 4219 2455 4285; x_wconf 79' lang='grc' dir='ltr'>τότε,</span> <span class='ocrx_word' id='word_1_546' title='bbox 2488 4213 2556 4290; x_wconf 79' lang='grc' dir='ltr'>ἦν</span> <span class='ocrx_word' id='word_1_547' title='bbox 2589 4218 2736 4283; x_wconf 76' lang='grc' dir='ltr'>ἰδεῖν,</span> <span class='ocrx_word' id='word_1_548' title='bbox 2779 4217 2896 4288; x_wconf 74' lang='grc' dir='ltr'>μεθ’</span> <span class='ocrx_word' id='word_1_549' title='bbox 2922 4218 3052 4289; x_wconf 82' lang='grc' dir='ltr'>ὅσης</span> <span class='ocrx_word' id='word_1_550' title='bbox 3070 4217 3319 4282; x_wconf 74' lang='grc' dir='ltr'>ἐξουσίας</span> <span class='ocrx_word' id='word_1_551' title='bbox 3342 4218 3378 4288; x_wconf 86' lang='grc' dir='ltr'><strong>ἡ</strong></span> <span class='ocrx_word' id='word_1_552' title='bbox 3414 4217 3660 4289; x_wconf 79' lang='grc' dir='ltr'>σεμνότης</span> 
     </span>
    </p>
   </div>
   <div class='ocr_carea' id='block_1_87' title="bbox 2103 4309 3654 4384">
    <p class='ocr_par' dir='ltr' id='par_1_87' title="bbox 2103 4309 3654 4384">
     <span class='ocr_line' id='line_1_87' title="bbox 2103 4309 3654 4384; baseline -0.003 -18"><span class='ocrx_word' id='word_1_553' title='bbox 2103 4313 2280 4384; x_wconf 77' lang='grc' dir='ltr'>ἐκείνη</span> <span class='ocrx_word' id='word_1_554' title='bbox 2324 4311 2422 4380; x_wconf 77' lang='grc' dir='ltr'>τῆς</span> <span class='ocrx_word' id='word_1_555' title='bbox 2469 4310 2797 4374; x_wconf 77' lang='grc' dir='ltr'>Θεοσεϐείας,</span> <span class='ocrx_word' id='word_1_556' title='bbox 2831 4311 2896 4380; x_wconf 82' lang='grc' dir='ltr'>τῇ</span> <span class='ocrx_word' id='word_1_557' title='bbox 2933 4309 3035 4379; x_wconf 79' lang='grc' dir='ltr'>τῆς</span> <span class='ocrx_word' id='word_1_558' title='bbox 3084 4311 3363 4381; x_wconf 80' lang='grc' dir='ltr'>ὠμότητος</span> <span class='ocrx_word' id='word_1_559' title='bbox 3399 4310 3654 4380; x_wconf 71' lang='grc' dir='ltr'>συνεχείᾳ,</span> 
     </span>
    </p>
   </div>
   <div class='ocr_carea' id='block_1_88' title="bbox 2101 4398 3659 4474">
    <p class='ocr_par' dir='ltr' id='par_1_88' title="bbox 2101 4398 3659 4474">
     <span class='ocr_line' id='line_1_88' title="bbox 2101 4398 3659 4474; baseline -0.001 -19"><span class='ocrx_word' id='word_1_560' title='bbox 2101 4403 2164 4454; x_wconf 82' lang='grc' dir='ltr'>οὐ</span> <span class='ocrx_word' id='word_1_561' title='bbox 2213 4403 2310 4466; x_wconf 77' lang='grc' dir='ltr'><strong>τὰς</strong></span> <span class='ocrx_word' id='word_1_562' title='bbox 2352 4399 2622 4472; x_wconf 80' lang='grc' dir='ltr'>τυχούσας</span> <span class='ocrx_word' id='word_1_563' title='bbox 2659 4399 2743 4468; x_wconf 75' lang='grc' dir='ltr'><strong>ἐφ’</strong></span> <span class='ocrx_word' id='word_1_564' title='bbox 2793 4398 3030 4472; x_wconf 76' lang='grc' dir='ltr'>ἑκάστης</span> <span class='ocrx_word' id='word_1_565' title='bbox 3073 4400 3287 4473; x_wconf 77' lang='grc' dir='ltr'>ἡμέρας</span> <span class='ocrx_word' id='word_1_566' title='bbox 3329 4400 3515 4474; x_wconf 75' lang='grc' dir='ltr'>ὕϐρεις</span> <span class='ocrx_word' id='word_1_567' title='bbox 3565 4401 3659 4468; x_wconf 64' lang='grc' dir='ltr'><strong>ὐφ-</strong></span> 
     </span>
    </p>
   </div>
   <div class='ocr_carea' id='block_1_89' title="bbox 496 4572 1997 4659">
    <p class='ocr_par' dir='ltr' id='par_1_89' title="bbox 496 4575 1995 4659">
     <span class='ocr_line' id='line_1_89' title="bbox 496 4575 1995 4659; baseline 0 -28"><span class='ocrx_word' id='word_1_568' title='bbox 496 4575 609 4650; x_wconf 82' lang='grc'>(57)</span> <span class='ocrx_word' id='word_1_569' title='bbox 652 4577 1076 4659; x_wconf 59' lang='grc' dir='ltr'>Ἑμφυλίρυς...</span> <span class='ocrx_word' id='word_1_570' title='bbox 1109 4575 1799 4659; x_wconf 34' lang='grc' dir='ltr'><strong>πολέμουςτρξτίιῑθιῑκιῐο</strong></span> <span class='ocrx_word' id='word_1_571' title='bbox 1836 4584 1995 4659; x_wconf 65' lang='lat' dir='ltr'><strong>vocat</strong></span> 
     </span>
    </p>
   </div>
   <div class='ocr_carea' id='block_1_90' title="bbox 2118 4572 3651 4659">
    <p class='ocr_par' dir='ltr' id='par_1_90' title="bbox 2118 4572 3651 4659">
     <span class='ocr_line' id='line_1_90' title="bbox 2118 4572 3651 4659; baseline -0.005 -27"><span class='ocrx_word' id='word_1_572' title='bbox 2118 4579 2305 4659; x_wconf 72' lang='lat' dir='ltr'><strong>ilisidis</strong></span> <span class='ocrx_word' id='word_1_573' title='bbox 2334 4577 2454 4634; x_wconf 93' lang='lat' dir='ltr'><strong>loco</strong></span> <span class='ocrx_word' id='word_1_574' title='bbox 2488 4584 2825 4659; x_wconf 41' lang='lat' dir='ltr'><strong>versa-retur.</strong></span> <span class='ocrx_word' id='word_1_575' title='bbox 2864 4573 3072 4644; x_wconf 86' lang='lat' dir='ltr'><strong>Quippe</strong></span> <span class='ocrx_word' id='word_1_576' title='bbox 3098 4584 3317 4659; x_wconf 36' lang='lat' dir='ltr'><strong>taﬂpatre</strong></span> <span class='ocrx_word' id='word_1_577' title='bbox 3343 4572 3651 4659; x_wconf 55' lang='lat' dir='ltr'><strong>Constantio</strong></span> 
     </span>
    </p>
   </div>
   <div class='ocr_carea' id='block_1_91' title="bbox 426 4647 1982 4717">
    <p class='ocr_par' dir='ltr' id='par_1_91' title="bbox 426 4647 1982 4717">
     <span class='ocr_line' id='line_1_91' title="bbox 426 4647 1982 4717; baseline 0 -15"><span class='ocrx_word' id='word_1_578' title='bbox 426 4647 831 4717; x_wconf 83' lang='lat' dir='ltr'><strong>persecutiones</strong></span> <span class='ocrx_word' id='word_1_579' title='bbox 875 4647 1330 4717; x_wconf 88' lang='lat' dir='ltr'><strong>Christianorum.</strong></span> <span class='ocrx_word' id='word_1_580' title='bbox 1377 4648 1517 4702; x_wconf 83' lang='lat' dir='ltr'><strong>Nihil</strong></span> <span class='ocrx_word' id='word_1_581' title='bbox 1565 4648 1705 4701; x_wconf 90' lang='lat' dir='ltr'><strong>enim</strong></span> <span class='ocrx_word' id='word_1_582' title='bbox 1750 4647 1982 4702; x_wconf 89' lang='lat' dir='ltr'><strong>similius</strong></span> 
     </span>
    </p>
   </div>
   <div class='ocr_carea' id='block_1_92' title="bbox 426 4716 1979 4786">
    <p class='ocr_par' dir='ltr' id='par_1_92' title="bbox 426 4716 1979 4786">
     <span class='ocr_line' id='line_1_92' title="bbox 426 4716 1979 4786; baseline 0 -16"><span class='ocrx_word' id='word_1_583' title='bbox 426 4716 568 4770; x_wconf 80' lang='lat' dir='ltr'><strong>civili</strong></span> <span class='ocrx_word' id='word_1_584' title='bbox 603 4718 758 4783; x_wconf 89' lang='lat' dir='ltr'><strong>bello,</strong></span> <span class='ocrx_word' id='word_1_585' title='bbox 794 4731 952 4786; x_wconf 88' lang='lat' dir='ltr'><strong>quam</strong></span> <span class='ocrx_word' id='word_1_586' title='bbox 993 4731 1115 4770; x_wconf 91' lang='lat' dir='ltr'><strong>cum</strong></span> <span class='ocrx_word' id='word_1_587' title='bbox 1158 4716 1448 4771; x_wconf 86' lang='lat' dir='ltr'><strong>Christiani</strong></span> <span class='ocrx_word' id='word_1_588' title='bbox 1505 4719 1556 4770; x_wconf 91' lang='lat' dir='ltr'><strong>in</strong></span> <span class='ocrx_word' id='word_1_589' title='bbox 1593 4717 1818 4786; x_wconf 79' lang='lat' dir='ltr'><strong>singulis</strong></span> <span class='ocrx_word' id='word_1_590' title='bbox 1842 4718 1979 4771; x_wconf 85' lang='lat' dir='ltr'><strong>civi-</strong></span> 
     </span>
    </p>
   </div>
   <div class='ocr_carea' id='block_1_93' title="bbox 429 4786 1977 4851">
    <p class='ocr_par' dir='ltr' id='par_1_93' title="bbox 429 4786 1977 4851">
     <span class='ocr_line' id='line_1_93' title="bbox 429 4786 1977 4851; baseline 0.001 -11"><span class='ocrx_word' id='word_1_591' title='bbox 429 4789 649 4851; x_wconf 77' lang='lat' dir='ltr'><strong>tatibus,</strong></span> <span class='ocrx_word' id='word_1_592' title='bbox 695 4803 799 4840; x_wconf 91' lang='lat' dir='ltr'><strong>non</strong></span> <span class='ocrx_word' id='word_1_593' title='bbox 835 4786 1070 4839; x_wconf 88' lang='lat' dir='ltr'><strong>hostium</strong></span> <span class='ocrx_word' id='word_1_594' title='bbox 1099 4796 1192 4840; x_wconf 91' lang='lat' dir='ltr'><strong>aut</strong></span> <span class='ocrx_word' id='word_1_595' title='bbox 1222 4787 1609 4849; x_wconf 87' lang='lat' dir='ltr'><strong>Barbarorum,</strong></span> <span class='ocrx_word' id='word_1_596' title='bbox 1648 4788 1741 4841; x_wconf 83' lang='lat' dir='ltr'><strong>sed</strong></span> <span class='ocrx_word' id='word_1_597' title='bbox 1776 4787 1977 4841; x_wconf 89' lang='lat' dir='ltr'><strong>civium</strong></span> 
     </span>
    </p>
   </div>
   <div class='ocr_carea' id='block_1_94' title="bbox 426 4855 1870 4924">
    <p class='ocr_par' dir='ltr' id='par_1_94' title="bbox 426 4855 1870 4924">
     <span class='ocr_line' id='line_1_94' title="bbox 426 4855 1870 4924; baseline -0.001 -14"><span class='ocrx_word' id='word_1_598' title='bbox 426 4872 646 4910; x_wconf 79' lang='lat' dir='ltr'><strong>SIIOI‘IIII:</strong></span> <span class='ocrx_word' id='word_1_599' title='bbox 679 4857 990 4911; x_wconf 84' lang='lat' dir='ltr'><strong>incursione</strong></span> <span class='ocrx_word' id='word_1_600' title='bbox 1023 4855 1350 4924; x_wconf 80' lang='lat' dir='ltr'><strong>fugabantur</strong></span> <span class='ocrx_word' id='word_1_601' title='bbox 1382 4873 1446 4911; x_wconf 90' lang='lat' dir='ltr'><strong>ac</strong></span> <span class='ocrx_word' id='word_1_602' title='bbox 1473 4857 1870 4910; x_wconf 86' lang='lat' dir='ltr'><strong>mactabantur.</strong></span> 
     </span>
    </p>
   </div>
   <div class='ocr_carea' id='block_1_95' title="bbox 487 4924 1980 5007">
    <p class='ocr_par' dir='ltr' id='par_1_95' title="bbox 487 4924 1980 5007">
     <span class='ocr_line' id='line_1_95' title="bbox 487 4924 1980 5007; baseline 0 -27"><span class='ocrx_word' id='word_1_603' title='bbox 487 4927 610 5007; x_wconf 61' lang='grc'>(58)</span> <span class='ocrx_word' id='word_1_604' title='bbox 656 4924 832 5007; x_wconf 58' lang='grc' dir='ltr'>Τοιξτο</span> <span class='ocrx_word' id='word_1_605' title='bbox 893 4925 1078 5006; x_wconf 63' lang='lat' dir='ltr'><strong>aiin</strong></span> <span class='ocrx_word' id='word_1_606' title='bbox 1126 4927 1447 5007; x_wconf 41' lang='grc' dir='ltr'>κατηφεῖς..</span> <span class='ocrx_word' id='word_1_607' title='bbox 1486 4926 1838 5007; x_wconf 57' lang='grc' dir='ltr'>ῆᾳνὶῠεηᾶυιη</span> <span class='ocrx_word' id='word_1_608' title='bbox 1901 4935 1980 5007; x_wconf 70' lang='lat' dir='ltr'><strong>est</strong></span> 
     </span>
    </p>
   </div>
   <div class='ocr_carea' id='block_1_96' title="bbox 421 4995 1982 5068">
    <p class='ocr_par' dir='ltr' id='par_1_96' title="bbox 421 4995 1982 5068">
     <span class='ocr_line' id='line_1_96' title="bbox 421 4995 1982 5068; baseline -0.001 -18"><span class='ocrx_word' id='word_1_609' title='bbox 421 4995 581 5050; x_wconf 80' lang='grc' dir='ltr'>τοῦτο</span> <span class='ocrx_word' id='word_1_610' title='bbox 614 4995 776 5068; x_wconf 77' lang='grc' dir='ltr'>αὑτοῦ</span> <span class='ocrx_word' id='word_1_611' title='bbox 806 4996 1094 5067; x_wconf 74' lang='grc' dir='ltr'>προφῆτις,</span> <span class='ocrx_word' id='word_1_612' title='bbox 1131 4998 1212 5051; x_wconf 85' lang='lat' dir='ltr'><strong>vel</strong></span> <span class='ocrx_word' id='word_1_613' title='bbox 1235 4995 1296 5051; x_wconf 73' lang='lat' dir='ltr'><strong>si</strong></span> <span class='ocrx_word' id='word_1_614' title='bbox 1315 4999 1482 5050; x_wconf 87' lang='lat' dir='ltr'><strong>mavis</strong></span> <span class='ocrx_word' id='word_1_615' title='bbox 1505 4997 1679 5067; x_wconf 80' lang='grc' dir='ltr'>ἱέρεια</span> <span class='ocrx_word' id='word_1_616' title='bbox 1709 4999 1982 5068; x_wconf 81' lang='grc' dir='ltr'>κατηφής,</span> 
     </span>
    </p>
   </div>
   <div class='ocr_carea' id='block_1_97' title="bbox 422 5067 1974 5135">
    <p class='ocr_par' dir='ltr' id='par_1_97' title="bbox 422 5067 1974 5135">
     <span class='ocr_line' id='line_1_97' title="bbox 422 5067 1974 5135; baseline 0 -15"><span class='ocrx_word' id='word_1_617' title='bbox 422 5083 583 5135; x_wconf 86' lang='lat' dir='ltr'><strong>quam</strong></span> <span class='ocrx_word' id='word_1_618' title='bbox 617 5067 895 5119; x_wconf 84' lang='lat' dir='ltr'><strong>lectionem</strong></span> <span class='ocrx_word' id='word_1_619' title='bbox 936 5072 986 5120; x_wconf 91' lang='lat' dir='ltr'><strong>in</strong></span> <span class='ocrx_word' id='word_1_620' title='bbox 1031 5069 1475 5135; x_wconf 80' lang='lat' dir='ltr'><strong>interpretatione</strong></span> <span class='ocrx_word' id='word_1_621' title='bbox 1514 5083 1626 5120; x_wconf 85' lang='lat' dir='ltr'><strong>mea</strong></span> <span class='ocrx_word' id='word_1_622' title='bbox 1663 5082 1781 5119; x_wconf 92' lang='lat' dir='ltr'><strong>sum</strong></span> <span class='ocrx_word' id='word_1_623' title='bbox 1819 5067 1974 5120; x_wconf 86' lang='lat' dir='ltr'><strong>secu-</strong></span> 
     </span>
    </p>
   </div>
   <div class='ocr_carea' id='block_1_98' title="bbox 426 5136 1972 5206">
    <p class='ocr_par' dir='ltr' id='par_1_98' title="bbox 426 5136 1972 5206">
     <span class='ocr_line' id='line_1_98' title="bbox 426 5136 1972 5206; baseline -0.001 -17"><span class='ocrx_word' id='word_1_624' title='bbox 426 5147 528 5190; x_wconf 91' lang='lat' dir='ltr'><strong>tus.</strong></span> <span class='ocrx_word' id='word_1_625' title='bbox 579 5138 852 5190; x_wconf 79' lang='lat' dir='ltr'><strong>Portesius</strong></span> <span class='ocrx_word' id='word_1_626' title='bbox 884 5151 1099 5206; x_wconf 89' lang='lat' dir='ltr'><strong>quoque</strong></span> <span class='ocrx_word' id='word_1_627' title='bbox 1137 5147 1191 5190; x_wconf 91' lang='lat' dir='ltr'><strong>et</strong></span> <span class='ocrx_word' id='word_1_628' title='bbox 1237 5137 1476 5192; x_wconf 82' lang='lat' dir='ltr'><strong>Moriuus</strong></span> <span class='ocrx_word' id='word_1_629' title='bbox 1522 5139 1589 5192; x_wconf 88' lang='lat' dir='ltr'><strong>de</strong></span> <span class='ocrx_word' id='word_1_630' title='bbox 1636 5136 1830 5206; x_wconf 85' lang='lat' dir='ltr'><strong>Pythia</strong></span> <span class='ocrx_word' id='word_1_631' title='bbox 1879 5153 1972 5192; x_wconf 89' lang='lat' dir='ltr'><strong>seu</strong></span> 
     </span>
    </p>
   </div>
   <div class='ocr_carea' id='block_1_99' title="bbox 423 5206 1978 5274">
    <p class='ocr_par' dir='ltr' id='par_1_99' title="bbox 423 5206 1978 5274">
     <span class='ocr_line' id='line_1_99' title="bbox 423 5206 1978 5274; baseline 0.003 -18"><span class='ocrx_word' id='word_1_632' title='bbox 423 5207 1016 5274; x_wconf 10' lang='lat' dir='ltr'><strong>sacerdotefﬁpollinis</strong></span> <span class='ocrx_word' id='word_1_633' title='bbox 1063 5208 1178 5259; x_wconf 67' lang='lat' dir='ltr'><strong>hinc</strong></span> <span class='ocrx_word' id='word_1_634' title='bbox 1216 5207 1624 5262; x_wconf 86' lang='lat' dir='ltr'><strong>intellexerunt.</strong></span> <span class='ocrx_word' id='word_1_635' title='bbox 1669 5206 1724 5259; x_wconf 90' lang='lat' dir='ltr'><strong>ln</strong></span> <span class='ocrx_word' id='word_1_636' title='bbox 1772 5209 1978 5274; x_wconf 83' lang='lat' dir='ltr'><strong>Optimo</strong></span> 
     </span>
    </p>
   </div>
   <div class='ocr_carea' id='block_1_100' title="bbox 425 5273 1974 5332">
    <p class='ocr_par' dir='ltr' id='par_1_100' title="bbox 425 5273 1974 5332">
     <span class='ocr_line' id='line_1_100' title="bbox 425 5273 1974 5332; baseline 0.004 -8"><span class='ocrx_word' id='word_1_637' title='bbox 425 5286 604 5328; x_wconf 86' lang='lat' dir='ltr'><strong>tamen</strong></span> <span class='ocrx_word' id='word_1_638' title='bbox 640 5273 848 5329; x_wconf 27' lang='lat' dir='ltr'><strong>Fuket’ii</strong></span> <span class='ocrx_word' id='word_1_639' title='bbox 898 5276 1036 5329; x_wconf 90' lang='lat' dir='ltr'><strong>libro</strong></span> <span class='ocrx_word' id='word_1_640' title='bbox 1081 5285 1228 5330; x_wconf 85' lang='lat' dir='ltr'><strong>lotus</strong></span> <span class='ocrx_word' id='word_1_641' title='bbox 1265 5279 1350 5330; x_wconf 90' lang='lat' dir='ltr'><strong>hic</strong></span> <span class='ocrx_word' id='word_1_642' title='bbox 1387 5278 1539 5332; x_wconf 89' lang='lat' dir='ltr'><strong>locus</strong></span> <span class='ocrx_word' id='word_1_643' title='bbox 1570 5277 1642 5329; x_wconf 89' lang='lat' dir='ltr'><strong>ita</strong></span> <span class='ocrx_word' id='word_1_644' title='bbox 1671 5273 1928 5330; x_wconf 86' lang='lat' dir='ltr'><strong>scribitur</strong></span> <span class='ocrx_word' id='word_1_645' title='bbox 1960 5294 1974 5330; x_wconf 90' lang='lat'><strong>:</strong></span> 
     </span>
    </p>
   </div>
   <div class='ocr_carea' id='block_1_101' title="bbox 421 5345 1984 5418">
    <p class='ocr_par' dir='ltr' id='par_1_101' title="bbox 421 5345 1984 5418">
     <span class='ocr_line' id='line_1_101' title="bbox 421 5345 1984 5418; baseline 0.001 -21"><span class='ocrx_word' id='word_1_646' title='bbox 421 5345 590 5418; x_wconf 65' lang='grc' dir='ltr'>Τοῦτο</span> <span class='ocrx_word' id='word_1_647' title='bbox 619 5345 783 5418; x_wconf 77' lang='grc' dir='ltr'>αὑτοῦ</span> <span class='ocrx_word' id='word_1_648' title='bbox 829 5348 1091 5418; x_wconf 74' lang='grc' dir='ltr'>κατηφεῖς</span> <span class='ocrx_word' id='word_1_649' title='bbox 1127 5346 1253 5418; x_wconf 66' lang='grc' dir='ltr'>τους</span> <span class='ocrx_word' id='word_1_650' title='bbox 1297 5348 1605 5418; x_wconf 81' lang='grc' dir='ltr'>πλοκάμους</span> <span class='ocrx_word' id='word_1_651' title='bbox 1639 5347 1843 5399; x_wconf 81' lang='grc' dir='ltr'>ἀνεῖναι</span> <span class='ocrx_word' id='word_1_652' title='bbox 1886 5363 1984 5399; x_wconf 81' lang='grc' dir='ltr'>πε-</span> 
     </span>
    </p>
   </div>
   <div class='ocr_carea' id='block_1_102' title="bbox 421 5416 1979 5488">
    <p class='ocr_par' dir='ltr' id='par_1_102' title="bbox 421 5416 1979 5488">
     <span class='ocr_line' id='line_1_102' title="bbox 421 5416 1979 5488; baseline 0.003 -22"><span class='ocrx_word' id='word_1_653' title='bbox 421 5416 636 5486; x_wconf 86' lang='grc' dir='ltr'>ποίηκε·</span> <span class='ocrx_word' id='word_1_654' title='bbox 671 5417 771 5486; x_wconf 81' lang='grc' dir='ltr'>τῆς</span> <span class='ocrx_word' id='word_1_655' title='bbox 806 5417 1136 5488; x_wconf 38' lang='grc' dir='ltr'>μαντείας-τ’</span> <span class='ocrx_word' id='word_1_656' title='bbox 1167 5416 1547 5488; x_wconf 79' lang='grc' dir='ltr'>ἐλαυνομένης,</span> <span class='ocrx_word' id='word_1_657' title='bbox 1580 5429 1683 5472; x_wconf 80' lang='lat' dir='ltr'><strong>etc.</strong></span> <span class='ocrx_word' id='word_1_658' title='bbox 1725 5419 1820 5471; x_wconf 84' lang='lat' dir='ltr'><strong>Cui</strong></span> <span class='ocrx_word' id='word_1_659' title='bbox 1849 5432 1979 5471; x_wconf 80' lang='lat' dir='ltr'><strong>con-</strong></span> 
     </span>
    </p>
   </div>
   <div class='ocr_carea' id='block_1_103' title="bbox 423 5485 1977 5554">
    <p class='ocr_par' dir='ltr' id='par_1_103' title="bbox 423 5485 1977 5554">
     <span class='ocr_line' id='line_1_103' title="bbox 423 5485 1977 5554; baseline 0.003 -18"><span class='ocrx_word' id='word_1_660' title='bbox 423 5485 770 5542; x_wconf 74' lang='lat' dir='ltr'><strong>sentitcodex</strong></span> <span class='ocrx_word' id='word_1_661' title='bbox 800 5485 1010 5541; x_wconf 82' lang='lat' dir='ltr'><strong>Savilii.</strong></span> <span class='ocrx_word' id='word_1_662' title='bbox 1037 5485 1153 5539; x_wconf 76' lang='lat' dir='ltr'><strong>Mox</strong></span> <span class='ocrx_word' id='word_1_663' title='bbox 1190 5489 1240 5539; x_wconf 94' lang='lat' dir='ltr'><strong>in</strong></span> <span class='ocrx_word' id='word_1_664' title='bbox 1267 5485 1453 5541; x_wconf 74' lang='lat' dir='ltr'><strong>iisdem</strong></span> <span class='ocrx_word' id='word_1_665' title='bbox 1485 5485 1977 5554; x_wconf 53' lang='lat' dir='ltr'><strong>codicibuslegitur</strong></span> 
     </span>
    </p>
   </div>
   <div class='ocr_carea' id='block_1_104' title="bbox 423 5555 1211 5626">
    <p class='ocr_par' dir='ltr' id='par_1_104' title="bbox 423 5555 1211 5626">
     <span class='ocr_line' id='line_1_104' title="bbox 423 5555 1211 5626; baseline -0.01 -10"><span class='ocrx_word' id='word_1_666' title='bbox 423 5557 510 5626; x_wconf 57' lang='lat' dir='ltr'><strong>Si»:</strong></span> <span class='ocrx_word' id='word_1_667' title='bbox 524 5557 702 5626; x_wconf 70' lang='grc' dir='ltr'>ὁποῖον</span> <span class='ocrx_word' id='word_1_668' title='bbox 730 5557 879 5621; x_wconf 80' lang='grc' dir='ltr'>τέλος</span> <span class='ocrx_word' id='word_1_669' title='bbox 901 5555 1211 5626; x_wconf 81' lang='grc' dir='ltr'>κατέληξεν.</span> 
     </span>
    </p>
   </div>
   <div class='ocr_carea' id='block_1_105' title="bbox 467 5624 1975 5702">
    <p class='ocr_par' dir='ltr' id='par_1_105' title="bbox 467 5624 1975 5702">
     <span class='ocr_line' id='line_1_105' title="bbox 467 5624 1975 5702; baseline 0.002 -25"><span class='ocrx_word' id='word_1_670' title='bbox 467 5625 613 5702; x_wconf 77' lang='lat'><strong>_(_59)_</strong></span> <span class='ocrx_word' id='word_1_671' title='bbox 632 5627 852 5702; x_wconf 73' lang='grc' dir='ltr'>κομιδῆ</span> <span class='ocrx_word' id='word_1_672' title='bbox 880 5627 1020 5702; x_wconf 51' lang='grc' dir='ltr'>,τεαῖς</span> <span class='ocrx_word' id='word_1_673' title='bbox 1045 5624 1350 5702; x_wconf 65' lang='grc' dir='ltr'>χωις.</span> <span class='ocrx_word' id='word_1_674' title='bbox 1389 5624 1662 5702; x_wconf 70' lang='lat' dir='ltr'><strong>ln__Grteco</strong></span> <span class='ocrx_word' id='word_1_675' title='bbox 1694 5624 1865 5702; x_wconf 63' lang='lat' dir='ltr'><strong>huius</strong></span> <span class='ocrx_word' id='word_1_676' title='bbox 1883 5641 1975 5680; x_wconf 84' lang='lat' dir='ltr'><strong>ca-</strong></span> 
     </span>
    </p>
   </div>
   <div class='ocr_carea' id='block_1_106' title="bbox 429 5695 1972 5763">
    <p class='ocr_par' dir='ltr' id='par_1_106' title="bbox 429 5695 1972 5763">
     <span class='ocr_line' id='line_1_106' title="bbox 429 5695 1972 5763; baseline 0.004 -21"><span class='ocrx_word' id='word_1_677' title='bbox 429 5695 554 5757; x_wconf 84' lang='lat' dir='ltr'><strong>pitis</strong></span> <span class='ocrx_word' id='word_1_678' title='bbox 582 5695 732 5749; x_wconf 70' lang='lat' dir='ltr'><strong>titulo</strong></span> <span class='ocrx_word' id='word_1_679' title='bbox 765 5700 959 5751; x_wconf 80' lang='lat' dir='ltr'><strong>rectius</strong></span> <span class='ocrx_word' id='word_1_680' title='bbox 987 5699 1241 5750; x_wconf 86' lang='lat' dir='ltr'><strong>scribitur</strong></span> <span class='ocrx_word' id='word_1_681' title='bbox 1274 5697 1413 5759; x_wconf 83' lang='grc' dir='ltr'>νέος.</span> <span class='ocrx_word' id='word_1_682' title='bbox 1446 5695 1629 5763; x_wconf 78' lang='lat' dir='ltr'><strong>Neque</strong></span> <span class='ocrx_word' id='word_1_683' title='bbox 1652 5698 1794 5750; x_wconf 90' lang='lat' dir='ltr'><strong>enim</strong></span> <span class='ocrx_word' id='word_1_684' title='bbox 1827 5697 1972 5751; x_wconf 86' lang='lat' dir='ltr'><strong>Con-</strong></span> 
     </span>
    </p>
   </div>
   <div class='ocr_carea' id='block_1_107' title="bbox 427 5764 1971 5836">
    <p class='ocr_par' dir='ltr' id='par_1_107' title="bbox 427 5764 1971 5836">
     <span class='ocr_line' id='line_1_107' title="bbox 427 5764 1971 5836; baseline 0.006 -23"><span class='ocrx_word' id='word_1_685' title='bbox 427 5764 694 5819; x_wconf 83' lang='lat' dir='ltr'><strong>stantinus</strong></span> <span class='ocrx_word' id='word_1_686' title='bbox 739 5781 870 5836; x_wconf 89' lang='lat' dir='ltr'><strong>puer</strong></span> <span class='ocrx_word' id='word_1_687' title='bbox 901 5776 1026 5820; x_wconf 91' lang='lat' dir='ltr'><strong>tunc</strong></span> <span class='ocrx_word' id='word_1_688' title='bbox 1057 5777 1196 5832; x_wconf 84' lang='lat' dir='ltr'><strong>erat,</strong></span> <span class='ocrx_word' id='word_1_689' title='bbox 1226 5782 1348 5822; x_wconf 91' lang='lat' dir='ltr'><strong>cum</strong></span> <span class='ocrx_word' id='word_1_690' title='bbox 1382 5768 1435 5820; x_wconf 93' lang='lat' dir='ltr'><strong>in</strong></span> <span class='ocrx_word' id='word_1_691' title='bbox 1481 5767 1603 5820; x_wconf 88' lang='lat' dir='ltr'><strong>aula</strong></span> <span class='ocrx_word' id='word_1_692' title='bbox 1649 5766 1971 5822; x_wconf 85' lang='lat' dir='ltr'><strong>Diocletiani</strong></span> 
     </span>
    </p>
   </div>
   <div class='ocr_carea' id='block_1_108' title="bbox 2099 4645 3647 4709">
    <p class='ocr_par' dir='ltr' id='par_1_108' title="bbox 2099 4645 3647 4709">
     <span class='ocr_line' id='line_1_108' title="bbox 2099 4645 3647 4709; baseline -0.006 -7"><span class='ocrx_word' id='word_1_693' title='bbox 2099 4650 2331 4702; x_wconf 86' lang='lat' dir='ltr'><strong>traditus</strong></span> <span class='ocrx_word' id='word_1_694' title='bbox 2377 4656 2461 4703; x_wconf 88' lang='lat' dir='ltr'><strong>est</strong></span> <span class='ocrx_word' id='word_1_695' title='bbox 2508 4647 2864 4709; x_wconf 82' lang='lat' dir='ltr'><strong>Diocletiano,</strong></span> <span class='ocrx_word' id='word_1_696' title='bbox 2912 4660 3057 4699; x_wconf 87' lang='lat' dir='ltr'><strong>anno</strong></span> <span class='ocrx_word' id='word_1_697' title='bbox 3095 4645 3302 4699; x_wconf 83' lang='lat' dir='ltr'><strong>Christi</strong></span> <span class='ocrx_word' id='word_1_698' title='bbox 3360 4646 3486 4707; x_wconf 77' lang='lat'><strong>291,</strong></span> <span class='ocrx_word' id='word_1_699' title='bbox 3533 4659 3647 4696; x_wconf 86' lang='lat' dir='ltr'><strong>cum</strong></span> 
     </span>
    </p>
   </div>
   <div class='ocr_carea' id='block_1_109' title="bbox 2087 4713 3648 4777">
    <p class='ocr_par' dir='ltr' id='par_1_109' title="bbox 2087 4713 3648 4777">
     <span class='ocr_line' id='line_1_109' title="bbox 2087 4713 3648 4777; baseline -0.004 -4"><span class='ocrx_word' id='word_1_700' title='bbox 2087 4719 2439 4773; x_wconf 88' lang='lat' dir='ltr'><strong>Constantius</strong></span> <span class='ocrx_word' id='word_1_701' title='bbox 2468 4733 2498 4772; x_wconf 84' lang='lat' dir='ltr'><strong>a</strong></span> <span class='ocrx_word' id='word_1_702' title='bbox 2538 4715 2871 4770; x_wconf 88' lang='lat' dir='ltr'><strong>Diocletiano</strong></span> <span class='ocrx_word' id='word_1_703' title='bbox 2899 4717 3080 4770; x_wconf 69' lang='lat' dir='ltr'><strong>Cmsar</strong></span> <span class='ocrx_word' id='word_1_704' title='bbox 3101 4715 3278 4768; x_wconf 82' lang='lat' dir='ltr'><strong>tactus</strong></span> <span class='ocrx_word' id='word_1_705' title='bbox 3305 4714 3511 4768; x_wconf 79' lang='lat' dir='ltr'><strong>luisset.</strong></span> <span class='ocrx_word' id='word_1_706' title='bbox 3537 4713 3648 4777; x_wconf 86' lang='lat' dir='ltr'><strong>Quo</strong></span> 
     </span>
    </p>
   </div>
   <div class='ocr_carea' id='block_1_110' title="bbox 2087 4783 3645 4858">
    <p class='ocr_par' dir='ltr' id='par_1_110' title="bbox 2087 4783 3645 4858">
     <span class='ocr_line' id='line_1_110' title="bbox 2087 4783 3645 4858; baseline -0.006 -17"><span class='ocrx_word' id='word_1_707' title='bbox 2087 4789 2306 4858; x_wconf 85' lang='lat' dir='ltr'><strong>quidem</strong></span> <span class='ocrx_word' id='word_1_708' title='bbox 2339 4799 2582 4858; x_wconf 89' lang='lat' dir='ltr'><strong>tempore</strong></span> <span class='ocrx_word' id='word_1_709' title='bbox 2612 4785 3015 4858; x_wconf 65' lang='lat' dir='ltr'><strong>Constantinus</strong></span> <span class='ocrx_word' id='word_1_710' title='bbox 3043 4799 3242 4858; x_wconf 72' lang='lat' dir='ltr'><strong>annum</strong></span> <span class='ocrx_word' id='word_1_711' title='bbox 3283 4786 3462 4838; x_wconf 62' lang='lat' dir='ltr'><strong>mtatis</strong></span> <span class='ocrx_word' id='word_1_712' title='bbox 3488 4783 3645 4858; x_wconf 79' lang='lat' dir='ltr'><strong>circi-</strong></span> 
     </span>
    </p>
   </div>
   <div class='ocr_carea' id='block_1_111' title="bbox 2089 4852 3643 4926">
    <p class='ocr_par' dir='ltr' id='par_1_111' title="bbox 2089 4852 3643 4926">
     <span class='ocr_line' id='line_1_111' title="bbox 2089 4852 3643 4926; baseline -0.005 -16"><span class='ocrx_word' id='word_1_713' title='bbox 2089 4852 2170 4913; x_wconf 71' lang='lat' dir='ltr'><strong>ter</strong></span> <span class='ocrx_word' id='word_1_714' title='bbox 2210 4852 2465 4926; x_wconf 67' lang='lat' dir='ltr'><strong>quintum&#39;</strong></span> <span class='ocrx_word' id='word_1_715' title='bbox 2504 4857 2774 4910; x_wconf 86' lang='lat' dir='ltr'><strong>decimum</strong></span> <span class='ocrx_word' id='word_1_716' title='bbox 2826 4855 3041 4926; x_wconf 83' lang='lat' dir='ltr'><strong>agebat.</strong></span> <span class='ocrx_word' id='word_1_717' title='bbox 3099 4853 3339 4926; x_wconf 73' lang='lat' dir='ltr'><strong>Mortuus</strong></span> <span class='ocrx_word' id='word_1_718' title='bbox 3379 4863 3460 4908; x_wconf 86' lang='lat' dir='ltr'><strong>est</strong></span> <span class='ocrx_word' id='word_1_719' title='bbox 3509 4852 3643 4906; x_wconf 89' lang='lat' dir='ltr'><strong>enim</strong></span> 
     </span>
    </p>
   </div>
   <div class='ocr_carea' id='block_1_112' title="bbox 2089 4925 3644 4992">
    <p class='ocr_par' dir='ltr' id='par_1_112' title="bbox 2089 4925 3644 4992">
     <span class='ocr_line' id='line_1_112' title="bbox 2089 4925 3644 4992; baseline -0.004 -12"><span class='ocrx_word' id='word_1_720' title='bbox 2089 4925 2240 4982; x_wconf 83' lang='lat' dir='ltr'><strong>anno</strong></span> <span class='ocrx_word' id='word_1_721' title='bbox 2264 4927 2468 4982; x_wconf 89' lang='lat' dir='ltr'><strong>Christi</strong></span> <span class='ocrx_word' id='word_1_722' title='bbox 2501 4926 2627 4990; x_wconf 82' lang='grc'>557,</span> <span class='ocrx_word' id='word_1_723' title='bbox 2673 4925 3003 4980; x_wconf 65' lang='grc' dir='ltr'>ωιοιίεευιο</span> <span class='ocrx_word' id='word_1_724' title='bbox 3049 4925 3294 4978; x_wconf 89' lang='lat' dir='ltr'><strong>secundo</strong></span> <span class='ocrx_word' id='word_1_725' title='bbox 3333 4939 3398 4978; x_wconf 89' lang='lat' dir='ltr'><strong>ac</strong></span> <span class='ocrx_word' id='word_1_726' title='bbox 3425 4936 3644 4992; x_wconf 79' lang='lat' dir='ltr'><strong>sexage-</strong></span> 
     </span>
    </p>
   </div>
   <div class='ocr_carea' id='block_1_113' title="bbox 2088 5013 3642 5138">
    <p class='ocr_par' dir='ltr' id='par_1_113' title="bbox 2088 5013 3642 5138">
     <span class='ocr_line' id='line_1_113' title="bbox 2088 5013 3642 5138; baseline -0.006 -16"><span class='ocrx_word' id='word_1_727' title='bbox 2088 5013 2265 5138; x_wconf 51' lang='grc' dir='ltr'>δι’(ἕδ)</span> <span class='ocrx_word' id='word_1_728' title='bbox 2317 5064 2481 5138; x_wconf 64' lang='lat' dir='ltr'><strong>Vulg.</strong></span> <span class='ocrx_word' id='word_1_729' title='bbox 2524 5064 2901 5138; x_wconf 55' lang='lat' dir='ltr'><strong>ﬁpozmio&#39;aq</strong></span> <span class='ocrx_word' id='word_1_730' title='bbox 2925 5064 3088 5138; x_wconf 68' lang='grc' dir='ltr'>μέλι.</span> <span class='ocrx_word' id='word_1_731' title='bbox 3163 5061 3216 5138; x_wconf 81' lang='lat' dir='ltr'><strong>In</strong></span> <span class='ocrx_word' id='word_1_732' title='bbox 3269 5060 3642 5138; x_wconf 56' lang='lat' dir='ltr'><strong>manuscriptis</strong></span> 
     </span>
    </p>
   </div>
   <div class='ocr_carea' id='block_1_114' title="bbox 2082 5128 3634 5201">
    <p class='ocr_par' dir='ltr' id='par_1_114' title="bbox 2082 5128 3634 5201">
     <span class='ocr_line' id='line_1_114' title="bbox 2082 5128 3634 5201; baseline -0.008 -9"><span class='ocrx_word' id='word_1_733' title='bbox 2082 5128 2357 5192; x_wconf 80' lang='lat' dir='ltr'><strong>codicibus</strong></span> <span class='ocrx_word' id='word_1_734' title='bbox 2389 5128 2599 5190; x_wconf 70' lang='lat' dir='ltr'><strong>Fnketii</strong></span> <span class='ocrx_word' id='word_1_735' title='bbox 2637 5128 2689 5190; x_wconf 66' lang='lat'><strong>.31</strong></span> <span class='ocrx_word' id='word_1_736' title='bbox 2720 5128 3156 5190; x_wconf 46' lang='lat' dir='ltr'><strong>Savitli&#39;rectius</strong></span> <span class='ocrx_word' id='word_1_737' title='bbox 3198 5133 3394 5198; x_wconf 80' lang='lat' dir='ltr'><strong>legitur</strong></span> <span class='ocrx_word' id='word_1_738' title='bbox 3430 5128 3634 5201; x_wconf 82' lang='grc' dir='ltr'>βροχθί-</span> 
     </span>
    </p>
   </div>
   <div class='ocr_carea' id='block_1_115' title="bbox 2085 5202 3582 5273">
    <p class='ocr_par' dir='ltr' id='par_1_115' title="bbox 2085 5202 3582 5273">
     <span class='ocr_line' id='line_1_115' title="bbox 2085 5202 3582 5273; baseline -0.005 -13"><span class='ocrx_word' id='word_1_739' title='bbox 2085 5225 2182 5272; x_wconf 89' lang='grc' dir='ltr'><strong>σας</strong></span> <span class='ocrx_word' id='word_1_740' title='bbox 2206 5248 2221 5271; x_wconf 91' lang='grc'><strong>,</strong></span> <span class='ocrx_word' id='word_1_741' title='bbox 2255 5222 2432 5270; x_wconf 80' lang='lat' dir='ltr'><strong>neque</strong></span> <span class='ocrx_word' id='word_1_742' title='bbox 2455 5211 2613 5260; x_wconf 83' lang='lat' dir='ltr'><strong>aliter</strong></span> <span class='ocrx_word' id='word_1_743' title='bbox 2636 5209 2893 5272; x_wconf 84' lang='lat' dir='ltr'><strong>scriptum</strong></span> <span class='ocrx_word' id='word_1_744' title='bbox 2923 5204 3146 5273; x_wconf 81' lang='lat' dir='ltr'><strong>exhibet</strong></span> <span class='ocrx_word' id='word_1_745' title='bbox 3181 5202 3378 5273; x_wconf 81' lang='lat' dir='ltr'><strong>Regius</strong></span> <span class='ocrx_word' id='word_1_746' title='bbox 3398 5207 3582 5256; x_wconf 75' lang='lat' dir='ltr'><strong>codex.</strong></span> 
     </span>
    </p>
   </div>
   <div class='ocr_carea' id='block_1_116' title="bbox 2156 5272 3633 5345">
    <p class='ocr_par' dir='ltr' id='par_1_116' title="bbox 2156 5272 3633 5345">
     <span class='ocr_line' id='line_1_116' title="bbox 2156 5272 3633 5345; baseline -0.006 -15"><span class='ocrx_word' id='word_1_747' title='bbox 2156 5281 2266 5343; x_wconf 75' lang='lat' dir='ltr'><strong>(tit)</strong></span> <span class='ocrx_word' id='word_1_748' title='bbox 2297 5277 2714 5345; x_wconf 73' lang='grc' dir='ltr'>Μιαιςρόνοις...</span> <span class='ocrx_word' id='word_1_749' title='bbox 2735 5274 3014 5340; x_wconf 79' lang='grc' dir='ltr'>ἀκωκαῖς.</span> <span class='ocrx_word' id='word_1_750' title='bbox 3029 5272 3230 5326; x_wconf 83' lang='lat' dir='ltr'><strong>Alludit</strong></span> <span class='ocrx_word' id='word_1_751' title='bbox 3243 5272 3311 5345; x_wconf 77' lang='lat' dir='ltr'><strong>ad</strong></span> <span class='ocrx_word' id='word_1_752' title='bbox 3335 5283 3633 5345; x_wconf 74' lang='lat' dir='ltr'><strong>mucronem</strong></span> 
     </span>
    </p>
   </div>
   <div class='ocr_carea' id='block_1_117' title="bbox 2089 5341 3633 5418">
    <p class='ocr_par' dir='ltr' id='par_1_117' title="bbox 2089 5341 3633 5418">
     <span class='ocr_line' id='line_1_117' title="bbox 2089 5341 3633 5418; baseline -0.008 -15"><span class='ocrx_word' id='word_1_753' title='bbox 2089 5341 2234 5418; x_wconf 84' lang='lat' dir='ltr'><strong>styli.</strong></span> <span class='ocrx_word' id='word_1_754' title='bbox 2264 5341 2454 5400; x_wconf 52' lang='lat' dir='ltr'><strong>Porro&#39;</strong></span> <span class='ocrx_word' id='word_1_755' title='bbox 2484 5341 2762 5418; x_wconf 72' lang='lat' dir='ltr'><strong>eleganter</strong></span> <span class='ocrx_word' id='word_1_756' title='bbox 2795 5345 3206 5418; x_wconf 83' lang='lat' dir='ltr'><strong>Constantinus,</strong></span> <span class='ocrx_word' id='word_1_757' title='bbox 3243 5341 3388 5418; x_wconf 74' lang='lat' dir='ltr'><strong>leges</strong></span> <span class='ocrx_word' id='word_1_758' title='bbox 3419 5341 3633 5418; x_wconf 79' lang='lat' dir='ltr'><strong>illas__d_e</strong></span> 
     </span>
    </p>
   </div>
   <div class='ocr_carea' id='block_1_118' title="bbox 2091 5409 3632 5487">
    <p class='ocr_par' dir='ltr' id='par_1_118' title="bbox 2091 5409 3632 5487">
     <span class='ocr_line' id='line_1_118' title="bbox 2091 5409 3632 5487; baseline -0.005 -18"><span class='ocrx_word' id='word_1_759' title='bbox 2091 5409 2470 5487; x_wconf 75' lang='lat' dir='ltr'><strong>persecutione</strong></span> <span class='ocrx_word' id='word_1_760' title='bbox 2509 5409 2940 5487; x_wconf 73' lang='lat' dir='ltr'><strong>Christianorum</strong></span> <span class='ocrx_word' id='word_1_761' title='bbox 2991 5415 3226 5487; x_wconf 72' lang='lat' dir='ltr'><strong>scriptas</strong></span> <span class='ocrx_word' id='word_1_762' title='bbox 3283 5412 3450 5487; x_wconf 79' lang='lat' dir='ltr'><strong>fuisse</strong></span> <span class='ocrx_word' id='word_1_763' title='bbox 3495 5409 3632 5487; x_wconf 74' lang='lat' dir='ltr'><strong>dicit</strong></span> 
     </span>
    </p>
   </div>
   <div class='ocr_carea' id='block_1_119' title="bbox 2084 5479 3632 5556">
    <p class='ocr_par' dir='ltr' id='par_1_119' title="bbox 2084 5479 3632 5556">
     <span class='ocr_line' id='line_1_119' title="bbox 2084 5479 3632 5556; baseline -0.007 -15"><span class='ocrx_word' id='word_1_764' title='bbox 2084 5479 2324 5542; x_wconf 79' lang='lat' dir='ltr'><strong>eruentis</strong></span> <span class='ocrx_word' id='word_1_765' title='bbox 2354 5487 2654 5556; x_wconf 82' lang='lat' dir='ltr'><strong>gladiorum</strong></span> <span class='ocrx_word' id='word_1_766' title='bbox 2679 5485 3043 5556; x_wconf 88' lang='lat' dir='ltr'><strong>mucronibus.</strong></span> <span class='ocrx_word' id='word_1_767' title='bbox 3078 5479 3448 5556; x_wconf 77' lang='lat' dir='ltr'><strong>SieDraconis</strong></span> <span class='ocrx_word' id='word_1_768' title='bbox 3494 5479 3632 5548; x_wconf 82' lang='lat' dir='ltr'><strong>leges</strong></span> 
     </span>
    </p>
   </div>
   <div class='ocr_carea' id='block_1_120' title="bbox 2085 5552 3628 5628">
    <p class='ocr_par' dir='ltr' id='par_1_120' title="bbox 2085 5552 3628 5628">
     <span class='ocr_line' id='line_1_120' title="bbox 2085 5552 3628 5628; baseline -0.006 -17"><span class='ocrx_word' id='word_1_769' title='bbox 2085 5552 2377 5628; x_wconf 59' lang='lat' dir='ltr'><strong>Sanguine:</strong></span> <span class='ocrx_word' id='word_1_770' title='bbox 2404 5572 2507 5610; x_wconf 91' lang='lat' dir='ltr'><strong>non</strong></span> <span class='ocrx_word' id='word_1_771' title='bbox 2531 5565 2834 5620; x_wconf 81' lang='lat' dir='ltr'><strong>atramento</strong></span> <span class='ocrx_word' id='word_1_772' title='bbox 2857 5555 3085 5624; x_wconf 84' lang='lat' dir='ltr'><strong>scriptas</strong></span> <span class='ocrx_word' id='word_1_773' title='bbox 3111 5553 3278 5608; x_wconf 83' lang='lat' dir='ltr'><strong>fuisse</strong></span> <span class='ocrx_word' id='word_1_774' title='bbox 3299 5552 3509 5622; x_wconf 88' lang='lat' dir='ltr'><strong>quidam</strong></span> <span class='ocrx_word' id='word_1_775' title='bbox 3540 5562 3628 5602; x_wconf 84' lang='lat' dir='ltr'><strong>ve-</strong></span> 
     </span>
    </p>
   </div>
   <div class='ocr_carea' id='block_1_121' title="bbox 2085 5630 2554 5682">
    <p class='ocr_par' dir='ltr' id='par_1_121' title="bbox 2085 5630 2554 5682">
     <span class='ocr_line' id='line_1_121' title="bbox 2085 5630 2554 5682; baseline 0 -1"><span class='ocrx_word' id='word_1_776' title='bbox 2085 5639 2256 5682; x_wconf 78' lang='lat' dir='ltr'><strong>terum</strong></span> <span class='ocrx_word' id='word_1_777' title='bbox 2288 5630 2554 5682; x_wconf 77' lang='lat' dir='ltr'><strong>dixerunt.</strong></span> 
     </span>
    </p>
   </div>
   <div class='ocr_carea' id='block_1_122' title="bbox 2153 5689 3626 5767">
    <p class='ocr_par' dir='ltr' id='par_1_122' title="bbox 2153 5689 3626 5767">
     <span class='ocr_line' id='line_1_122' title="bbox 2153 5689 3626 5767; baseline -0.009 -15"><span class='ocrx_word' id='word_1_778' title='bbox 2153 5698 2264 5767; x_wconf 70' lang='grc'>(62)</span> <span class='ocrx_word' id='word_1_779' title='bbox 2327 5698 2647 5752; x_wconf 78' lang='grc' dir='ltr'>Ἐκτείνειν</span> <span class='ocrx_word' id='word_1_780' title='bbox 2687 5694 3135 5767; x_wconf 72' lang='grc' dir='ltr'>παρεκελεύετο.</span> <span class='ocrx_word' id='word_1_781' title='bbox 3193 5692 3397 5748; x_wconf 76' lang='lat' dir='ltr'><strong>Mallem</strong></span> <span class='ocrx_word' id='word_1_782' title='bbox 3448 5689 3626 5743; x_wconf 76' lang='lat' dir='ltr'><strong>dicere</strong></span> 
     </span>
    </p>
   </div>
   <div class='ocr_carea' id='block_1_123' title="bbox 2081 5766 3130 5837">
    <p class='ocr_par' dir='ltr' id='par_1_123' title="bbox 2081 5766 3130 5837">
     <span class='ocr_line' id='line_1_123' title="bbox 2081 5766 3130 5837; baseline -0.004 -15"><span class='ocrx_word' id='word_1_783' title='bbox 2081 5766 2388 5835; x_wconf 75' lang='grc' dir='ltr'>ἐπιτείνειν,</span> <span class='ocrx_word' id='word_1_784' title='bbox 2419 5779 2474 5824; x_wconf 89' lang='lat' dir='ltr'><strong>ut</strong></span> <span class='ocrx_word' id='word_1_785' title='bbox 2502 5769 2644 5837; x_wconf 90' lang='lat' dir='ltr'><strong>loqui</strong></span> <span class='ocrx_word' id='word_1_786' title='bbox 2678 5772 2817 5822; x_wconf 85' lang='lat' dir='ltr'><strong>solet</strong></span> <span class='ocrx_word' id='word_1_787' title='bbox 2843 5766 3130 5820; x_wconf 82' lang='lat' dir='ltr'><strong>Eusebius.</strong></span> 
     </span>
    </p>
   </div>
  </div>
