3864 6486
184 360 306 417 1029

1249 353 1336 407 DE
1377 351 1536 408 VlTA
1573 347 2028 407 CONSTANTINI
2066 350 2196 408 LIB.
2233 350 2297 408 ll.

3246 351 3384 410 {050

183 477 365 529 ίστατοο
390 471 708 546 σωφροσύνη
728 472 772 526 δ’
791 474 857 545 ἢν
888 471 994 526 τῶν
1017 471 1286 543 πολεμίων
1314 471 1486 535 οὐδεὶς
1512 470 1724 542 ἠδίκησε

1838 479 1976 526 rent.
2011 470 2214 540 Quippe
2274 469 2610 535 modestiam,
2644 484 2804 539 quam
2841 467 3008 541 468
3053 483 3152 525 nec
3205 469 3386 526 hostes

184 567 400 631 πώποτε,
434 565 666 636 ὀργίλων
713 565 945 617 πολιτῶν
989 565 1276 636 παροινίας
1320 565 1593 634 πάρεργον
1623 564 1731 632 ἐγί-

183 675 285 712 νετο
304 655 432 728 (65).
468 657 629 710 Ποῖον
660 655 792 727 πῦρ,
827 658 972 711 ποῖαι
1008 655 1248 725 βάσανοι,
1285 658 1432 708 ποῖον
1462 654 1728 726 στρεϐλωο

183 752 363 823 τηρίων
394 747 530 812 εἶδος
551 750 674 821 οὐχὶ
693 749 858 802 παντὶ
880 747 1090 818 σώματι
1117 749 1210 802 καὶ
1233 747 1418 819 ἡλικίᾳ
1447 746 1593 817 πάσῃ
1613 746 1725 818 (64)

181 843 487 914 ἀδιακρίτως
521 843 858 913 προσήγετο;
907 840 979 893 Τὸ
1028 838 1328 912 τηνικαῦτα
1365 839 1590 910 ἐδάκρυε
1628 839 1726 910 μὲν

181 933 543 1007 ἀναμφιϐόλως
599 936 634 1004 ὴ
686 935 780 1004 γῆ,
814 935 842 988 ὁ
884 933 941 986 δέ
995 933 1067 986 τὰ
1122 932 1409 1002 σύμπαντα
1456 932 1724 1003 περιέχων

181 1029 364 1098 κόσμος
408 1024 486 1096 τῷ
509 1025 690 1100 λύθρῳ
709 1025 1062 1102 χραινὸμενος
1091 1025 1422 1095 ἀπεκλᾴετο·
1454 1024 1489 1094 ἦ
1523 1039 1587 1092 γε
1620 1023 1724 1094 μὴν

180 1118 340 1190 ἡμέρα
369 1117 506 1188 αὐτὴ
539 1115 620 1186 τῷ
651 1115 834 1170 πένθει
869 1114 1257 1186 τοῦσθαύματος
1280 1113 1720 1168 ἐνεκαλύπτετο.»

665 1381 1060 1436 ΚΕΦᾹΛΑΙΟΝ
1099 1381 1224 1434 NI".

307 1473 428 1526 Ὀτι
448 1471 740 1541 βάρϐαροι
771 1471 1161 1540 Χριστιανοὺς
1192 1471 1580 1537 ὑπεδέξαντο.

242 1587 258 1617 ι
290 1567 445 1621 Ἀλλά
475 1567 528 1620 τί
543 1566 711 1619 ταῦτα
726 1583 752 1629 ;.
775 1565 1006 1636 Ᾱύχοῦσι
1020 1564 1114 1619 νῦν
1145 1567 1232 1618 ἐπ’
1271 1565 1496 1629 ἐκείνοις
1522 1565 1573 1618 οἱ
1605 1565 1727 1636 βάρ-

181 1659 340 1728 ϐαροι,
367 1660 416 1711 οἱ
444 1659 570 1721 τοὺς
595 1659 715 1711 κατ’
742 1659 916 1710 ἐκεῖνο
941 1656 1132 1728 καιροῦ
1162 1655 1221 1720 ἐξ
1248 1658 1280 1728 ἡ
1291 1655 1404 1727 μῶν
1429 1656 1725 1726 φεύγοντας

1829 559 1928 629 ipsi
1986 560 2089 612 ulla
2141 575 2375 629 unquam
2406 559 2706 616 affecerunt
2739 569 2958 630 uqurt‘a;
3003 558 3210 614 efferati
3240 559 3386 612 cives

1827 652 2039 720 probris
2095 652 2345 706 omnibus
2401 653 2671 707 incessere
2718 666 2816 721 pro
2867 651 3036 706 nihilo
3090 652 3381 706 duxerunt.

1825 740 2105 808 Quodnam
2138 743 2468 808 incendium,
2499 743 2640 814 quod
2672 743 3009 798 cruciatuum
3048 752 3103 798 et
3144 755 3386 798 tormen-

1827 841 2002 887 torum
2033 847 2201 902 genus
2228 834 2402 889 cuivis
2427 835 2638 904 corpori
2660 845 2715 888 et
2742 836 2886 890 aetati
2916 835 3122 904 absque
3143 833 3252 888 ullo
3273 835 3386 890 dis—

1826 923 2053 978 crimine
2091 924 2367 980 admotum
2418 939 2524 979 nou
2571 925 2711 978 fuit?
2759 925 2832 979 Ea
2864 933 3182 994 tempestate
3224 923 3386 980 tellus

1826 1013 2038 1082 quidem
2073 1013 2186 1083 ipsa
2214 1015 2396 1084 procul
2443 1017 2606 1071 dubio
2640 1016 2907 1088 lacrymas
2941 1017 3112 1071 edidit
3141 1035 3155 1071 :
3186 1016 3381 1072 caelum

1825 1118 1954 1158 vero
1973 1107 2115 1173 quod
2137 1106 2385 1161 universa
2409 1121 2508 1162 suo
2532 1107 2736 1161 ambitu
2764 1107 3164 1177 complectitur,
3188 1120 3384 1162 cruore

1825 1195 2161 1264 inquinatum
2219 1199 2503 1269 ingemuit.
2563 1199 2680 1268 Ipsa
2723 1213 2941 1269 quoque
2992 1198 3095 1255 diei
3137 1197 3224 1252 lux
3273 1213 3383 1268 pra:

1825 1284 1972 1340 luctu
2002 1294 2163 1357 atque
2185 1288 2413 1343 horrore
2435 1289 2567 1342 tanti
2595 1287 2824 1357 prodigii
2852 1288 3142 1343 obscurata
3180 1294 3285 1342 est.
3327 1303 3348 1337 ι

2395 1375 2622 1431 CAPUT
2675 1375 2807 1430 Llll.

1983 1465 2257 1531 Quomodo
2284 1467 2510 1521 Barbari
2539 1467 2868 1523 Christianos
2899 1476 3229 1538 exceperunt.

1899 1577 1917 1609 ι
1949 1557 2050 1612 Sed
2101 1560 2231 1628 quid
2264 1560 2364 1613 ista
2409 1560 2805 1614 commemoro?
2831 1559 3142 1615 Gloriautur
3173 1559 3241 1615 ob
3270 1558 3386 1614 haec

1826 1666 1967 1706 nunc
2016 1651 2262 1716 Barbari,
2291 1651 2382 1720 qui
2416 1652 2661 1706 homines
2703 1667 2768 1707 ex
2823 1652 3025 1706 nostris
3076 1651 3387 1720 regionibus

180 1749 576 1820 ὑποδεδεγμένοι
594 1790 608 1813 ,
677 1749 770 1802 καὶ
843 1747 1325 1820 φιλανθρωποτάτη
1389 1749 1724 1819 τηρήσαντες

1834 1742 2086 1812 profugos
2117 1751 2244 1796 tunc
2275 1742 2534 1811 temporis
2561 1750 2912 1811 exceperunt,
2941 1749 2995 1795 et
3023 1742 3266 1812 captivos
3285 1741 3386 1796 hu-

137 1881 140 1883 μ
180 1809 534 1913 αἰχμαλωσίᾳ·
569 1809 647 1894 ὅτι
687 1843 740 1895 )ύ
794 1809 952 1912 μόνον
1000 1809 1100 1911 την
1136 1809 1422 1910 σωτηρίαν,
1445 1809 1590 1893 ’ἀλλά
1633 1839 1724 1892 καὶ¹

1834 1809 2060 1889 inaniter
2116 1809 2466 1888 habuerunt:
2499 1809 2713 1904 quippe
2745 1847 2866 1886 cum
2919 1832 3026 1886 illis
3078 1809 3182 1887 non
3227 1835 3386 1886 modo

177 1933 238 1986 τὰ
269 1934 362 2003 τῆς
416 1933 740 2004 σεμνότητος
791 1931 970 1996 αὐτοῖς
1003 1931 1339 2002 κατέστησαν
1371 1933 1427 1984 ἐν
1460 1929 1726 2000 ἀσφαλείᾳ

181 2024 324 2094 ἔχειν.
380 2026 492 2078 Καὶ
532 2025 628 2078 νῦν
676 2025 736 2078 τὸ
779 2023 1059 2096 Ῥωμαίων
1108 2021 1264 2091 γένος
1305 2021 1494 2092 κηλῖδα
1525 2020 1726 2090 ταύτην

179 2114 379 2185 διηνεκῆ
419 2115 596 2186 φέρει,
643 2116 710 2187 ἦν
736 2117 786 2168 οἱ
831 2117 951 2169 κατ’
1002 2116 1179 2168 ἐκεῖνο
1219 2113 1410 2185 καιροῦ
1446 2113 1545 2184 τῆς
1596 2113 1727 2164 Ῥω-

181 2206 361 2276 μαῖκῆς
386 2206 712 2277 οἰκουμένης
738 2206 1081 2276 ἐλαυνόμενοι
1120 2203 1434 2277 Χριστιανοὶ
1482 2204 1575 2258 καὶ
1596 2203 1728 2274 βαρ-

181 2294 349 2366 ϐάροις
381 2295 813 2366 προσφεύγοντες
841 2293 1288 2367 προσετρίψαντο.
1325 2313 1344 2346 ι

669 2473 1063 2526 ΚΕΦΑΛΑΙΟΝ
1089 2472 1212 2525 NA’.

179 2564 308 2618 Ποία
329 2563 593 2634 μετῆλθε
625 2564 760 2633 δίκη
795 2565 935 2630 τοὺς
981 2563 1080 2617 διὰ
1117 2565 1233 2632 τὴν
1270 2564 1558 2632 μαντείαν
1597 2562 1728 2618 διώ-

825 2652 985 2701 κτας.

241 2743 258 2776 ι
298 2725 452 2780 Ἀλλά
481 2726 534 2778 τί
564 2726 671 2779 τῶν
699 2725 908 2798 θρήνων
930 2727 1148 2781 ἐκείνων
1177 2726 1375 2782 καὶτοῦ
1406 2728 1584 2782 κοινοῦ
1624 2729 1726 2799 τῆς

181 2815 482 2887 οἰκουμένης
514 2817 767 2881 πένθους,
803 2818 895 2870 ἐπὶ
929 2819 1089 2872 πλέον
1141 2818 1448 2890 μεμνῆσθαί
1497 2837 1564 2890 με
1610 2820 1723 2884 δεῖ;

182 2909 409 2978 Οἷχονται
438 2909 625 2962 λοιπὸν
654 2911 748 2962 καὶ
771 2912 964 2963 ἐκεῖνοι
997 2912 1045 2963 oi
1082 2910 1176 2964 τοῦ
1220 2910 1420 2981 μύσους
1451 2911 1722 2969 αὐθένται.

183 2999 298 3069 πρὸς
321 2999 543 3071 διηνεκῆ
572 3000 790 3053 κόλασιν
817 3004 928 3065 τοῖς
964 3001 1272 3073 Ἀχέροντος
1307 3003 1597 3076 βαράθροις
1635 3007 1727 3058 ἐκ-

180 3088 421 3154 δοθέντες,
452 3092 550 3144 σὺν
579 3091 788 3164 αἰσχρῷ
819 3092 980 3147 τέλει.
1017 3094 1277 3166 Πολέμοις
1308 3094 1415 3167 γάρ
1445 3096 1726 3166 ἐμφυλίοις

182 3180 578 3249 καταμιγέντες,
609 3180 719 3234 οὔτ’
748 3183 934 3253 ὄνομα,
955 3182 1078 3237 οῦτε
1109 3185 1264 3253 γένος
1288 3185 1464 3238 αὐτῶν
1493 3188 1722 3240 καταλε-

179 3266 425 3323 λοίπασιν.
467 3272 534 3324 Ὃ
562 3271 626 3343 δὴ
658 3273 756 3324 οῦκ
787 3273 852 3326 ἂν
889 3274 1072 3338 αὐτοῖς
1109 3275 1464 3347 συμϐεϐήκει,
1493 3278 1542 3329 εί
1581 3276 1654 3347 μὴ
1689 3279 1722 3348 ἠ

179 3360 361 3430 ἀσεϐὴς
393 3363 576 3434 ἐκείνη
608 3365 715 3416 τῶν
747 3364 839 3417 τοῦ
874 3365 1073 3419 Πυθίου
1116 3367 1461 3439 χρηστηρίων
1501 3368 1724 3438 μαντεία

180 3450 408 3524 κίϐδηλον
429 3453 657 3525 δύναμιν
687 3457 926 3527 ἐσχήκει.
943 3476 960 3507 ι

676 3545 1067 3599 ΚΕΦΛΛΑΙΟΝ
1105 3546 1229 3600 NE'.

179 3633 967 3711 Aoé’olpﬂwa’rorartlrgv
999 3640 1086 3703 εὶς
1113 3639 1277 3711 eger,
1312 3639 1410 3711 καὶ
1439 3643 1724 3711 ὁμολογία

238 3705 364 3780 περὶ
399 3706 505 3780 τοῦ
537 3707 790 3780 οςημείρυ
818 3707 924 3780 τοῦ
963 3708 1247 3777 σταυροῦ,
1274 3710 1371 3763 καὶ
1399 3705 1550 3779 εὐχὴ
1589 3705 1724 3780 περὶ

249 3775 619 3845 Ἐκκλησιῶν
639 3775 739 3830 καὶ
762 3775 942 3829 λαῶν.

241 3882 258 3913 ι
284 3865 348 3917 Σὲ
370 3866 487 3930 νῦν,
514 3867 605 3920 τὸν
631 3866 881 3938 μέγιστον
899 3868 1375 3944 Θεὸν,παρακαλῶ,
1409 3873 1526 3944 εἴης
1553 3875 1723 3944 πρᾶός

176 3971 226 4006 τε
250 3956 336 4009 καὶ
365 3957 604 4029 εὐμενὴς
633 3961 744 4022 τοῖς
778 3961 888 4022 σοῖς
921 3961 1256 4026 ἀνατολικοῖς
1277 3980 1290 3993 ⁸
1322 3964 1438 4034 εἴης
1462 3965 1594 4017 πᾶσι
1611 3967 1723 4028 τοῖς

117 4121 119 4124 φ
177 4051 274 4111 σοῖς
324 4049 720 4120 ἐπαρχεώταις,
757 4052 862 4104 ὑπὸ
918 4056 1132 4124 χρονίου
1185 4058 1463 4128 συμφορᾶς
1513 4074 1724 4130 συντρι-

176 4139 317 4203 ϐεῖσι,
337 4142 402 4196 δι’
429 4141 566 4212 ἐμοῦ
596 4141 688 4195 τοῦ
711 4141 803 4195 σοῦ
839 4142 1163 4215 θεράποντος
1191 4148 1394 4220 ὀρέγων
1428 4151 1590 4204 ἴασιν.
1614 4152 1724 4204 Καὶ

173 4233 327 4288 ταῦτά
351 4252 416 4303 γε
446 4234 583 4288 αἰτῶ
615 4234 714 4288 ούκ
745 4237 1067 4303 ἀπεικότως,
1097 4234 1142 4293 ὦ
1180 4242 1424 4295 Δέσποτα
1454 4242 1558 4296 τῶν
1586 4244 1723 4298 ὅλων

175 4321 281 4391 ἅγιε
327 4325 426 4378 Θεέ
451 4341 465 4355 ο
506 4327 628 4388 ταῖς
658 4327 774 4388 σαῖς
825 4326 930 4398 γὰρ
965 4327 1301 4401 ὑφηγήσεσιν
1343 4333 1723 4404 ἐνεστησάμην

177 4415 471 4487 σωτηριὼδη
523 4417 823 4488 πράγματα
857 4419 949 4471 καὶ
979 4419 1232 4492 διήνυσα·
1268 4421 1368 4494 τὴν
1402 4423 1501 4493 σὴν
1551 4441 1722 4495 σφρα-

173 4509 277 4575 γῖδα
297 4509 569 4580 πανταχοῦ
599 4510 1050 4581 προϐαλλόμενος,
1093 4515 1399 4568 καλλινίκου
1430 4517 1722 4588 ἡγησάμην

174 4599 385 4670 στρατοῦ
405 4619 418 4633 ’
447 4601 550 4655 κᾶν
574 4601 676 4653 πού
697 4617 780 4664 τις
805 4600 911 4654 τῶν
945 4602 1214 4674 δημοσίων
1242 4605 1380 4678 καλῇ
1408 4606 1586 4678 χρεία,
1615 4610 1727 4671 τοῖς

172 4691 337 4756 αὐτοῖς
373 4693 477 4763 τῆς
512 4692 612 4763 σῆς
664 4692 867 4771 ἀρετῆς
906 4695 1168 4766 ἑπόμενος
1216 4697 1580 4767 συνθήμασιν,
1632 4699 1725 4751 ἐπὶ

171 4785 283 4847 τοὺς
313 4784 605 4855 πολεμίους
629 4785 872 4855 πρόειμι.
911 4786 1008 4838 Διὰ
1039 4787 1212 4841 ταῦτά
1241 4805 1323 4842 τοι
1368 4787 1608 4861 ἀνέθηκά
1643 4807 1724 4843 σοι

171 4872 256 4945 τὴν
276 4875 509 4947 ἐμαυτοῦ
534 4877 732 4947 ψυχὴν,
756 4875 915 4948 ἔρωτι
938 4880 1031 4932 καὶ
1046 4879 1194 4950 φόϐῳ
1215 4879 1470 4952 καθαρῶς
1494 4881 1727 4952 ἀνακρα-

175 4965 370 5022 θεῖσαν·
408 4968 470 5021 τὸ
500 4967 599 5038 μὲν
627 4967 736 5038 γὰρ
766 4967 936 5039 δνομά
974 4987 1065 5024 σου
1094 4971 1332 5042 γνησίως
1363 4971 1583 5040 ἀγαπῶ,
1625 4973 1724 5044 τὴν

173 5055 220 5108 δέ
260 5057 484 5131 δύναμιν
522 5059 876 5131 εὐλαϐοῦμαι,
901 5061 968 5133 ἢν
999 5062 1210 5126 πολλοῖς
1240 5064 1560 5136 τεκμηρίοις
1592 5065 1726 5118 ἐδει-

175 5145 295 5213 ξας,
336 5151 429 5202 καὶ
471 5150 571 5222 τὴν
621 5150 759 5222 ἐμὴν
812 5151 995 5206 πίστιν
1053 5153 1403 5226 βεϐαιοτέραν
1461 5156 1722 5226 εἰργάσω.

183 5238 486 5314 Ἔπείγομαι
517 5243 648 5311 γοῦν
667 5244 760 5296 καὶ
783 5247 908 5309 τοὺς
936 5245 1117 5317 ὤμους
1143 5247 1304 5310 αὐτὸς
1329 5247 1580 5318 ὑποσχὼν
1599 5250 1725 5312 τοὺς

174 5331 340 5402 ἐμοὺς,
374 5337 465 5390 τὸν
515 5335 812 5401 ἁγιώτατόν
846 5355 927 5390 σοι
956 5335 1101 5392 οἷκον
1129 5339 1241 5410 (65)
1294 5339 1723 5404 ἀνανεώσασθαι,

235 5488 338 5559 (65)
376 5493 696 5560 Παροινίας
731 5490 1028 5563 πάρεργον
1065 5494 1316 5563 ἐγίνετο.
1350 5492 1441 5547 Sic
1473 5508 1634 5562 supra
1667 5494 1721 5549 in

175 5555 300 5613 libro
320 5555 499 5636 primo
522 5563 590 5615 de
615 5555 824 5636 ξένοι-(ἱ
851 5555 1067 5636 Cresare
1094 5555 1244 5636 dixit
1282 5555 1553 5636 Eusebius
1570 5563 1722 5636 adp-

175 5643 317 5703 epyov
350 5631 564 5698 ἐγένετο
611 5632 861 5703 θανάτου,
895 5633 982 5687 ubi
1017 5633 1142 5688 vide
1171 5648 1291 5703 quin
1336 5633 1402 5703 de
1431 5631 1538 5703 hac
1570 5631 1720 5688 locu-

177 5700 306 5818 tjioue
351 5703 753 5758 adnotavimus.
798 5701 930 5756 Nam
967 5700 1290 5772 interpretes
1331 5701 1462 5756 nihil
1510 5703 1600 5761 hic
1633 5705 1717 5758 vi-

208 5782 372 5818 erunt.

208 5782 372 5825 erunt.

1748 3142 1795 3205 (Ξ

1825 1926 2077 1989 salutem,
2120 1940 2310 1980 verum
2338 1925 2501 1980 etiam
2536 1924 2813 1993 religionis
2865 1938 2974 1978 suae
3003 1921 3204 1977 cultum
3248 1923 3388 1977 inte-

1825 2037 1979 2092 grum
2016 2020 2154 2091 apud
2197 2034 2254 2075 se
2289 2020 2524 2074 retinere
2554 2019 2921 2088 permiserint.
2964 2017 3150 2087 Itaque
3189 2030 3386 2086 perpe-

1827 2121 1970 2166 tuam
2005 2113 2142 2166 hanc
2190 2111 2425 2166 infamia:
2456 2120 2637 2165 notam
2693 2110 2918 2164 Romani
2966 2123 3108 2163 nunc
3149 2117 3385 2176 gestant,

1825 2220 1984 2275 quam
2035 2204 2329 2260 Christiani
2363 2218 2431 2259 ex
2465 2204 2599 2260 orbe
2647 2204 2890 2259 Romano
2939 2217 3035 2272 per
3090 2201 3141 2257 id
3179 2209 3388 2270 tempus

1824 2296 2016 2366 fugati,
2048 2305 2104 2352 et
2134 2297 2216 2367 ad,
2246 2297 2512 2353 Barbaros
2557 2297 2964 2364 confugientes,
3001 2295 3135 2365 ipsis
3173 2294 3386 2350 inusse-

1825 2397 1973 2444 runt.
2021 2405 2042 2440 ι

2402 2479 2630 2536 CAPUT
2670 2478 2804 2534 LIV.

1827 2573 2098 2640 Quomodo
2141 2574 2318 2628 divina
2360 2573 2559 2626 ultione
2599 2573 2770 2642 puniti
2796 2571 2924 2632 sint.
2958 2571 3049 2641 qui
3075 2585 3139 2624 ea:
3171 2565 3387 2623 oracuio

2173 2645 2580 2714 persecutionem
2628 2651 3036 2696 commoverant.

1904 2749 1924 2783 ‹
1953 2732 2058 2788 Sed
2093 2733 2218 2803 quid
2246 2747 2380 2802 opus
2395 2739 2476 2786 est
2507 2731 2839 2786 latuentailla
2865 2740 2919 2785 et
2947 2743 3281 2785 communem
3307 2735 3389 2780 to-

1826 2825 1931 2881 tius
1980 2826 2129 2881 orbis
2173 2825 2376 2880 luctum
2424 2823 2670 2894 pluribus
2711 2823 2891 2877 verbis
2923 2820 3389 2877 commemorare?

1825 2916 1906 2970 llli
1963 2915 2094 2970 tanti
2183 2913 2406 2969 sceleris
2441 2922 2720 2976 auctores,
2769 2912 3008 2981 posthaec
3057 2910 3198 2979 turpi
3240 2910 3386 2964 exitu

1823 3007 2057 3076 periere,
2090 3007 2141 3060 in
2165 3003 2488 3060 Acherontis
2510 3002 2826 3057 barathrum
2855 3003 2921 3056 ad
2947 3011 3232 3072 perpetuos
3257 3017 3389 3057 cru-

1825 3099 1997 3154 ciatus
2029 3096 2257 3154 detrusi.
2289 3095 2420 3150 Nam
2452 3095 2704 3150 civilibus
2733 3095 2874 3149 inter
2907 3109 2965 3149 se
3007 3094 3180 3149 collisi
3207 3093 3385 3157 bellis,

1827 3204 1928 3242 nec
1954 3188 2204 3251 nominis,
2226 3201 2324 3241 nec
2346 3187 2561 3256 generis
2583 3187 2666 3241 sui
2688 3184 3003 3240 memoriam
3031 3185 3385 3252 reliquerunt.

1824 3280 1978 3346 Quod
2001 3278 2244 3349 profecto
2277 3293 2552 3347 nunquam
2582 3278 2712 3348 ipsis
2734 3276 3069 3346 contigisset,
3091 3276 3194 3330 uisi
3223 3276 3386 3344 impia

1824 3371 1916 3425 illa
1945 3369 2206 3439 Apollinis
2228 3369 2403 3440 Pythii
2438 3369 2778 3432 vaticinatio,
2799 3365 2992 3421 falsam
3019 3368 3309 3436 quamdam
3333 3377 3389 3421 et

1825 3460 2182 3515 adulterinam
2218 3462 2324 3515 vim
2359 3460 2606 3515 haberet.
2645 3479 2664 3512 ι

2404 3549 2632 3606 CAPUT
2696 3548 2808 3604 LV.

1881 3664 2263 3720 Constantinus
2293 3665 2402 3718 Deo
2432 3665 2658 3734 gloriam
2685 3661 3125 3734 tribuithignum
3154 3660 3324 3713 crucis

2082 3735 2382 3804 confitetur,
2418 3728 2465 3788 ἐι
2487 3746 2735 3805 precatur
2764 3751 2856 3798 pro
2871 3728 3140 3786 Ecclesia.

1899 3887 1917 3921 ι
1954 3866 2106 3923 Nunc
2136 3868 2360 3930 te,Deus
2386 3867 2784 3938 0pt.Max.,nro
2812 3876 2973 3937 atque
3017 3870 3263 3931 obsecro,
3315 3867 3388 3921 sis
3466 3863 3468 3866 ’

1826 3960 2065 4015 clemens
2097 3974 2160 4014 ac
2193 3961 2458 4029 propitius
2482 3975 2608 4028 erga
2639 3970 2759 4014 tuos
2781 3959 3076 4014 orientales
3105 3977 3120 4014 :
3157 3959 3232 4013 sis
3261 3972 3386 4028 erga

1824 4061 2049 4109 cunctos
2095 4053 2459 4122 provinciales
2503 4053 2775 4108 diuturnis
2805 4053 3204 4108 calamitatibus
3233 4053 3386 4105 attri-

1824 4154 1907 4198 tos
1935 4163 1949 4200 :
1981 4145 2152 4214 iisque
2181 4160 2278 4214 per
2307 4160 2391 4198 me
2427 4143 2687 4198 famulum
2720 4154 2868 4197 tuum
2896 4143 3123 4217 Salutem
3143 4141 3389 4197 conferre

1824 4237 1975 4292 velis.
2026 4238 2202 4305 Atque
2246 4237 2360 4290 hanc
2407 4251 2511 4291 nou
2559 4235 2676 4291 sine
2724 4250 2884 4290 causa
2932 4236 3030 4290 abs
3067 4244 3120 4288 te
3152 4233 3382 4303 postulo,

1825 4330 2064 4383 omnium
2116 4329 2342 4383 Domine
2370 4328 2536 4400 469
2563 4337 2616 4382 et
2663 4338 2848 4382 sancte
2889 4327 3054 4381 Deus.
3086 4324 3202 4380 Tuo
3242 4324 3385 4380 enim

1828 4423 1990 4475 tluctu
2041 4432 2200 4490 atque
2251 4423 2493 4491 auspicio
2528 4435 2614 4474 res
2665 4419 2926 4474 salutares
2973 4417 3182 4486 suscepi
3225 4425 3388 4484 atque

1829 4512 2055 4582 perfeci.
2083 4513 2255 4567 Tuum
2285 4513 2500 4582 signum
2540 4512 2740 4580 ubique
2772 4509 3086 4581 przefereus,
3125 4507 3385 4562 victorem

1828 4605 2131 4659 exercitum
2181 4604 2328 4660 duxi.
2387 4603 2452 4657 Et
2497 4603 2925 4673 quotiescunque
2962 4599 3175 4668 publica
3223 4596 3392 4666 exigit

1830 4694 2164 4757 necessitas,
2203 4703 2305 4747 tua:
2332 4692 2555 4746 virtutis
2591 4690 2821 4761 insignia
2852 4701 3106 4759 sequens,
3133 4686 3392 4741 adversus

1827 4785 2012 4840 hostes
2038 4785 2374 4854 progredior.
2396 4782 2502 4838 Has
2522 4784 2591 4840 ob
2615 4797 2806 4838 causas
2824 4779 2919 4836 tibi
2943 4778 3181 4833 animum
3209 4791 3390 4832 meum

1828 4876 2025 4940 dicavi,
2059 4888 2242 4928 amore
2283 4875 2446 4930 simul
2475 4890 2539 4930 ac
2576 4876 2769 4929 timore
2794 4872 2961 4944 probe
3009 4877 3388 4937 temperatum.

1827 4969 1961 5023 Nam
2011 4983 2211 5024 nomen
2265 4971 2480 5039 quidem
2518 4977 2665 5023 tuum
2705 4968 2912 5021 sincere
2957 4964 3120 5036 diligo
3153 4982 3166 5019 :
3201 4973 3396 5036 poten-

1830 5065 1959 5117 tiam
2004 5071 2182 5116 atttem
2227 5075 2389 5130 quam
2419 5060 2602 5114 multis
2637 5058 2970 5113 documentis
2998 5056 3312 5122 declarasti,
3339 5063 3395 5107 et

1829 5169 1932 5225 qua
1995 5153 2153 5208 fidem
2205 5168 2381 5207 meam
2434 5150 2786 5212 conﬁrmasti,
2840 5148 3092 5218 religiose
3137 5146 3393 5202 formido.

1835 5246 2054 5302 Festino
2088 5247 2266 5314 itaque
2300 5260 2447 5299 meos
2471 5245 2583 5313 ipse
2610 5244 2862 5297 humeros
2890 5243 3038 5311 operi
3062 5243 3395 5309 sitpponens,

1835 5350 1898 5394 ut
1939 5338 2344 5394 sanctissimam
2377 5337 2592 5389 domum
2656 5343 2823 5400 tuam,
2885 5349 3042 5403 quam
3074 5331 3267 5387 nefarii
3319 5330 3398 5386 illi

1901 5492 2015 5562 (64)
2046 5492 2155 5548 Καὶ
2189 5494 2396 5561 ἡλικίᾳ
2436 5488 2846 5562 πάσῃηοοᾴεχ
2883 5485 3091 5562 Ρυιιειίἰ
3128 5487 3398 5562 scriptum

1826 5557 2044 5634 exhibet
2073 5565 2170 5632 οὐχ
2205 5557 2598 5634 ἡλικίαῌπάσῄζ
2638 5557 2806 5634 Patth
2842 5566 2963 5634 po_st
2992 5559 3043 5610 in
3067 5559 3267 5634 eodem
3303 5569 3407 5634 eo:

1823 5633 1944 5687 dice
1981 5642 2035 5685 et
2067 5634 2118 5686 in
2138 5623 2580 5700 'schetlis'Regii's
2607 5623 2868 5682 scribitur
2898 5627 2933 5697 ἦ
2964 5643 3028 5695 γε
3056 5623 3238 5698 ἡμέρα
3259 5624 3402 5698 αὐτὴ

1825 5701 1901 5771 τῷ
1927 5702 2110 5755 πένθει
2141 5701 2234 5754 τοῦ
2265 5699 2318 5758 θ.
2349 5699 2761 5771 ἐνεκαλύπτετο.
2881 5765 2919 5771 _
2991 5767 3005 5771 _
3075 5765 3088 5771 _
3301 5763 3315 5771 -
3358 5709 3376 5728 '

1898 5773 2011 5841 (65)
2057 5771 2168 5826 Τόν
2193 5771 2517 5840 ἁγιώτατόν
2542 5783 2639 5825 σοι
2662 5765 2848 5823 οἷκον.
2881 5765 3180 5825 Ecclesium
3211 5763 3403 5826 catho-
