3864 6480
500 360 639 418 1051

1208 304 1475 418 EUSEIJII
1510 358 1983 417 CESARIENSIS
2019 358 2172 415 OPP.
2214 357 2396 415 PARS
2433 361 2475 415 l.
2513 389 2583 401 —
2616 359 3012 419 HISTORICA.

3593 366 3731 424 ΙοΞῖ

501 490 662 549 atque
712 478 858 549 impii
894 477 1154 535 scelerata
1207 491 1497 534 eversione
1541 484 1843 542 vastarunt,
1882 480 2034 532 denul

2164 476 2224 530 ὃν
2243 478 2292 530 οί
2330 478 2562 549 μυσαρο).
2589 477 2788 533 ἐκεῖνοι
2810 482 2904 534 καὶ
2933 480 3283 535 ἀσεϐέστατοι
3310 479 3392 552 τῷ
3428 481 3604 555 ἀτοπή
3615 501 3736 554 ματι

502 569 818 624 instaurem.
865 585 885 619 ι

1072 656 1300 713 CAPUT
1351 656 1485 713 LVI.

536 749 810 819 Quomodo
838 766 1013 805 omnes
1041 750 1252 820 quidem
1293 749 1628 805 Christianos
1659 764 1771 803 esse
1809 750 2025 818 optavit,

934 822 1192 874 neminem
1223 832 1397 874 autem
1432 820 1631 892 coegit}

578 935 598 969 ι
625 914 882 985 Equidem
911 910 1164 981 populum
1201 920 1347 965 tuum
1380 920 1570 981 pacate
1596 925 1662 967 ac
1694 912 1810 967 sine
1841 912 1946 967 ulla
1979 928 2063 970 se-

498 1008 699 1063 ditione
738 1005 956 1074 degere,
982 1018 1082 1073 pro
1123 1003 1396 1058 communi
1431 1004 1598 1060 totius
1625 1005 1775 1060 orbis
1805 1014 1861 1060 et
1892 1019 2059 1060 cunc-

2159 569 2260 639 τῆς
2286 568 2656 640 καθαιρέσεως
2678 566 3034 643 ἐλυμήναντο.
3077 592 3095 624 ι

2672 662 3068 716 ΚΕΦΑΛΔΙΟΝ
3100 666 3239 733 Nq'.

2164 748 2293 803 Ὀτι
2316 750 2713 820 προσεύχεται
2738 750 2855 820 μὲν
2879 754 3270 821 Χριστιανοὺς
3293 751 3451 809 εἶναι
3483 755 3727 822 πάντας,

2650 823 2760 876 οὐκ
2796 822 3109 892 ἀναγκάζει
3133 825 3219 879 δέ.

2236 931 2255 964 ι
2281 912 2596 982 Είρηνεύειν
2626 931 2725 967 σου
2752 912 2845 967 τὸν
2871 914 2998 969 λαὸν
3031 918 3125 971 καὶ
3162 918 3528 974 ἀστασίαστον
3554 920 3726 990 μένειν

2159 1002 2432 1074 ἐπιθυμῶ,
2472 1004 2612 1075 ὑπὲρ
2652 1004 2746 1059 τοῦ
2794 1007 2975 1060 κοινοῦ
3020 1008 3120 1078 τῆς
3160 1012 3489 1082 οἰκουμένης
3518 1014 3725 1067 καὶτοῦ

494 1107 672 1153 torum
704 1096 1009 1151 mortalium
1038 1095 1274 1150 utilitate
1301 1096 1570 1153 desidem.
1597 1095 1698 1163 Qui
1724 1106 1902 1152 autem
1929 1111 2030 1167 gen

2159 1095 2375 1149 πάντων
2406 1095 2705 1167 ἀνθρώπων
2740 1098 3029 1169 χρησίμου.
3063 1101 3282 1171 ὐμοίαν
3301 1105 3417 1168 τοῖς
3449 1104 3727 1159 πιστεύου-

494 1190 699 1246 tilitatis
726 1203 910 1242 errore
948 1184 1205 1254 implicati
1232 1194 1380 1251 sunt,
1428 1186 1526 1255 ipsi
1560 1200 1775 1257 quoque
1813 1190 2057 1243 eamdem

493 1297 615 1338 cum
646 1280 892 1335 ﬁdelibus
947 1278 1097 1347 pacis
1139 1284 1195 1330 ct
1239 1277 1440 1347 quietis
1490 1277 1907 1335 oblectationem
1952 1279 2057 1333 laeti

489 1373 815 1443 percipiant.
869 1369 994 1424 llam
1041 1368 1186 1424 enim
1241 1370 1641 1425 communionis
1682 1385 1745 1426 ac
1780 1371 2057 1427 societatis

492 1472 689 1516 mutum
720 1461 1013 1529 reparatio,
1055 1458 1121 1512 ad
1167 1458 1415 1515 homines
1446 1459 1501 1511 in
1539 1469 1741 1514 rectam
1794 1459 1937 1514 viam
1968 1475 2056 1515 re-

490 1552 765 1606 ducendos
809 1551 1099 1621 plurimum
1142 1534 1317 1604 valet.
1352 1548 1525 1605 Nemo
1557 1550 1714 1606 alteri
1751 1552 2054 1608 molestiam

488 1641 739 1697 lacessat.
772 1641 925 1706 Quod
955 1638 1153 1707 cuique
1182 1639 1394 1694 libitum
1429 1640 1625 1707 fuerit,
1658 1641 1709 1694 id
1745 1649 1887 1710 agat.
1923 1640 2055 1695 lllud

490 1742 667 1788 tamen
699 1734 840 1802 apud
873 1746 969 1785 eos
999 1734 1089 1801 qui
1119 1742 1265 1786 recte
1291 1732 1536 1786 sentiunt
1562 1731 1727 1786 ﬁxum
1771 1742 2055 1802 ratumque

2162 1203 2245 1239 σιν
2283 1188 2331 1240 οἱ
2366 1185 2703 1257 πλανώμενοι
2738 1189 3018 1259 χαίροντες
3061 1190 3489 1261 λαμϐανέτωσαν
3513 1196 3727 1268 εἰρήνης

2156 1295 2217 1330 τε
2244 1278 2338 1330 καὶ
2361 1279 2591 1349 ἡσυχίας
2611 1280 2929 1335 ἀπόλαυσιν.
2956 1280 3103 1354 Αὕτη
3124 1284 3285 1356 γὰρὴ
3315 1284 3419 1355 τῆς
3450 1289 3723 1352 κοινωνίας

2159 1368 2562 1439 ἐπανόρθωσις,
2621 1372 2716 1424 καὶ
2761 1372 2898 1442 πρὸς
2951 1374 3050 1445 τὴν
3094 1376 3308 1428 εὐθεῖαν
3358 1377 3587 1445 ἀγαγεῖν
3617 1379 3723 1433 ὁδὸν

2161 1461 2331 1531 ἰσχύει
2372 1461 2502 1533 (66).
2538 1464 2748 1534 Μηδεὶς
2780 1466 2871 1519 τὸν
2915 1468 3097 1539 ἕτερον
3130 1470 3567 1541 παρενοχλείτω·
3606 1472 3723 1525 ἕκα-

2158 1570 2280 1618 στος
2302 1556 2437 1627 ὅπερ
2466 1557 2661 1629 ἡψυχὴ
2682 1558 2950 1628 βούλεται,
2981 1563 3137 1616 τοῦτο
3159 1565 3254 1617 καὶ
3279 1566 3568 1636 πραττέτω
3597 1567 3719 1638 (67).

2156 1646 2293 1710 Τοὺς
2317 1648 2361 1701 δ’
2390 1644 2450 1702 εὖ
2481 1650 2809 1721 φρονοῦντας
2835 1655 3122 1708 πεπεῖσθαι
3145 1657 3271 1728 χρὴ,
3300 1658 3379 1721 ὡς
3407 1653 3555 1711 οὗτοι
3582 1660 3720 1729 μόνοι

2156 1736 2324 1806 ἀγίως
2374 1741 2469 1793 καὶ
2523 1741 2779 1814 καθαρῶς
2836 1745 3143 1816 βιώσονται,
3192 1747 3285 1811 οῦς
3336 1750 3503 1813 αὐτὸς
3547 1751 3721 1815 καλεῖς

487 1837 610 1877 esse
632 1831 870 1891 oportet,
904 1821 1051 1877 solos
1076 1822 1194 1878 illos
1225 1831 1415 1878 sancte
1436 1832 1698 1892 casteque
1729 1837 1849 1879 esse
1875 1825 2034 1878 victa-

2155 1826 2595 1884 ὲπαναπαῦεσθαι
2624 1836 2734 1896 τοῖς
2770 1837 2882 1898 σοίς
2915 1836 3087 1904 ἁγίοις
3116 1838 3320 1908 νόμοις.
3347 1841 3411 1892 Oi
3438 1839 3484 1892 δ’
3506 1841 3720 1906 ἑαυτοὺς

487 1929 601 1979 ros,
626 1929 761 1982 quos
801 1922 854 1967 tu
889 1916 1005 1983 ipse
1034 1916 1099 1968 ad
1132 1915 1233 1969 hoc
1276 1914 1560 1979 vocavisti,
1597 1924 1656 1967 ut
1684 1915 2034 1969 sacrosancti:

2156 1918 2500 1988 ἀφέλκοντες,
2536 1925 2768 1995 ἐχόντων
2801 1925 3110 1997 βουλόμενοι
3142 1933 3209 1985 τὰ
3247 1931 3348 2001 τῆς
3380 1933 3718 2002 ψευδολογίας

484 2008 594 2063 tuis
634 2006 838 2077 legibus
869 2009 1240 2078 acquiescant.
1260 2008 1367 2075 Qui
1405 2023 1539 2063 vero
1586 2008 1793 2077 seipsos
1837 2006 2034 2063 subtra.

2154 2007 2353 2081 τεμένη
2371 2027 2385 2040 ·
2419 2014 2581 2082 ἡμεῖς
2613 2015 2810 2087 ἔχομεν
2839 2017 2931 2071 τὸν
2965 2019 3321 2090 φαιδρότατον
3347 2024 3447 2093 τῆς
3475 2024 3574 2094 σῆς
3600 2024 3718 2094 ἁλη-

485 2098 643 2163 bunt,
676 2100 915 2154 habeant
952 2100 1056 2154 sibi
1103 2100 1509 2154 mendaciorum
1560 2099 1805 2165 delubra,
1837 2098 2034 2167 quandt

2155 2099 2307 2166 θείας
2331 2099 2497 2169 οἷκον,
2527 2106 2693 2179 ὅνπερ
2718 2109 2859 2162 κατὰ
2887 2110 3049 2180 φύσιν
3069 2112 3329 2177 δέδωκας.
3351 2114 3524 2168 Τοῦτο
3550 2116 3715 2170 κάκείο

484 2191 560 2246 ita
612 2192 812 2246 volunt.
849 2192 957 2247 Nos
998 2191 1491 2260 splendidissimum
1536 2190 1756 2246 domum
1804 2191 2034 2245 veritati:

2154 2212 2265 2258 νοις
2295 2197 2586 2269 εὐχόμεθα,
2617 2202 2704 2255 ἵνα
2725 2202 2927 2274 δηλαδὴ
2967 2204 3055 2260 διὰ
3100 2206 3200 2276 τῆς
3243 2207 3436 2277 κοινῆς
3478 2208 3713 2279 ὁμονοίας

483 2292 588 2339 tua:
618 2299 781 2355 quam
813 2287 1165 2341 nascentibus
1192 2284 1354 2339 nobis
1384 2282 1618 2348 donasti,
1647 2283 1963 2338 retinemus.
1990 2282 2029 2336 Ιι

2154 2287 2249 2339 καὶ
2280 2289 2432 2343 αὐτοὶ
2458 2291 2554 2364 τὴν
2586 2292 2850 2365 θυμηδίαν
2883 2298 3281 2370 ἁναφέρωνται.
3323 2318 3343 2351 ι

481 2375 654 2447 ipsum
685 2377 792 2435 illis
813 2393 1030 2448 quoque
1068 2386 1342 2449 optamus,
1386 2385 1445 2431 ut
1497 2377 1706 2432 scilicet
1728 2391 1796 2431 ex
1840 2377 2111 2431 communi
2169 2382 2406 2436 omnium
2449 2398 2710 2441 consensu
2762 2398 2926 2457 atque
2957 2390 3273 2455 concordia,
3311 2389 3598 2443 maximam
3626 2406 3709 2443 ca-

488 2471 644 2541 piant
669 2472 1019 2543 voluptatem.
1049 2492 1067 2524 ι

1052 2561 1284 2619 CAPUT
1329 2561 1486 2618 LVII.

480 2652 714 2710 Gloriam
763 2655 945 2709 tribuit
985 2655 1095 2710 Deo
1123 2656 1214 2724 qui
1249 2671 1341 2720 per
1388 2653 1590 2708 Filium
1618 2671 1774 2709 suum
1811 2664 2046 2710 errantes

1087 2726 1430 2777 illuminavit.

1087 2735 1430 2779 illuminavit.

536 2835 574 2869 -ι
597 2814 782 2886 Neque
808 2816 951 2870 enim
985 2830 1120 2869 nova
1152 2833 1215 2872 ac
1263 2831 1451 2871 recens
1476 2824 1558 2872 cst
1591 2826 1773 2870 nostra
1809 2815 1999 2885 religio
2027 2832 2041 2869 :

478 2910 570 2965 sed
601 2925 668 2963 ex
698 2923 806 2978 quo
834 2908 993 2977 hujus
1029 2910 1213 2964 mundi
1247 2909 1512 2963 fabricam
1546 2918 1670 2977 apte
1721 2908 2040 2978 dispositam

473 2997 691 3053 stetisse
717 2996 1011 3061 credimus,
1063 3005 1119 3050 tu
1167 2996 1306 3051 hanc
1342 2997 1655 3069 religionem
1690 3013 1811 3049 rum
1857 2998 2038 3052 debita

2662 2569 3057 2623 ΚΕΦΑΛΑῙΟΝ
3101 2571 3226 2623 NZ'.

2151 2657 2476 2729 Δοξολοτία
2515 2660 2601 2725 εις
2642 2659 2790 2714 Θεὸν
2834 2660 2908 2714 δι’
2963 2659 3009 2710 Υ
3010 2663 3101 2716 ἰοῦ
3161 2664 3538 2732 φωτίσαντος
3585 2663 3710 2731 τοὺς

2702 2734 3150 2800 πίὶανωμενους.

2228 2831 2247 2864 ι
2280 2815 2411 2868 Οὐδὲ
2434 2816 2541 2887 γάρ
2557 2817 2671 2869 ἐστι
2695 2818 2877 2871 καινὸν
2896 2820 3005 2890 (68)
3029 2821 3146 2873 οὐδέ
3162 2839 3213 2875 τι
3229 2823 3493 2895 νεώτερον
3516 2825 3575 2877 τὸ
3598 2826 3707 2878 καθ’

2147 2904 2313 2975 ἡμᾶς’
2328 2904 2438 2958 ἀλλ’
2459 2906 2516 2973 ἐξ
2537 2900 2668 2961 οῦπε
2677 2926 2706 2979 ρ
2719 2908 2817 2980 τὴν
2837 2910 2945 2963 τῶν
2960 2910 3095 2965 ὅλων
3124 2912 3488 2987 διακόσμησιν
3508 2917 3703 2984 παγίως

2145 2997 2469 3068 γεγενῆσθαι
2499 2999 2959 3072 πεπιστεύκαμεν,
2996 3003 3133 3072 μετὰ
3157 3003 3253 3057 τοῦ
3288 3005 3586 3077 πρέποντος
3616 3022 3701 3057 σου

474 3089 546 3142 ιιιί
579 3089 814 3143 numinis
831 3089 1176 3144 observantia
1207 3088 1515 3143 instituisti.
1547 3088 1719 3142 l‘orro
1750 3088 2034 3141 humanum

2154 3091 2483 3163 σεϐάσματος
2514 3092 2672 3146 τοῦτο
2714 3093 3132 3164 παρεκελεύσω·
3164 3097 3376 3167 ἐσφάλη
3421 3098 3478 3150 δὲ
3520 3097 3581 3150 τὸ
3617 3098 3701 3150 ἁν-

470 3193 638 3249 genus
669 3179 838 3234 variis
861 3180 1141 3236 seductum
1168 3180 1445 3234 erroribus
1467 3178 1633 3251 570
1666 3180 1903 3248 impegit.
1932 3180 2037 3234 Sed

472 3277 526 3321 tu
558 3284 623 3323 ne
654 3271 754 3324 hoc
790 3271 989 3324 malum
1022 3269 1255 3340 amplius
1286 3271 1709 3340 ingravesceret,
1734 3267 2035 3338 perFiliurn

470 3369 621 3414 tuum
667 3362 1159 3431 splendidissimam
1191 3361 1445 3417 attollens
1485 3363 1685 3427 facem,
1717 3369 1946 3415 cunctos
1969 3361 2036 3414 de

469 3455 707 3510 numinis
740 3458 816 3512 tui
849 3457 995 3513 cultu
1029 3458 1379 3511 admonuisti.
1410 3476 1430 3511 ι

1027 3549 1255 3604 CAPUT
1295 3548 1474 3604 LVIII.

504 3640 702 3697 Iterum
741 3640 851 3697 Deo
898 3640 1127 3709 gloriam
1171 3643 1354 3764 ινὶῡᾶιξι
1405 3659 1470 3697 e1:
1505 3644 1794 3699 ministerio
1839 3643 2000 3698 totius

1146 3729 1270 3764 mun
1311 3729 1349 3764 ι.

1146 3729 1349 3765 mundi.

540 3818 560 3854 ι
589 3799 757 3873 Hujus
786 3803 863 3858 rei
898 3801 1056 3858 ﬁdem
1097 3803 1299 3856 faciunt
1330 3818 1489 3872 opera
1525 3813 1633 3859 tua.
1664 3802 1778 3857 Tua
1818 3818 1914 3859 nos
1939 3817 2036 3872 po-

470 3902 640 3950 testas
675 3897 990 3948 innocentes
1014 3892 1179 3947 ellicit
1204 3909 1267 3946 ac
1295 3895 1499 3948 ﬁdeles.
1533 3895 1623 3949 Sol
1654 3905 1708 3949 et
1739 3895 1860 3948 luna
1900 3895 2035 3949 ratis

467 4000 530 4039 ac
560 3983 797 4039 deﬁnitis
826 3983 1081 4038 cursibus
1112 3983 1391 4049 feruntur;
1419 4000 1517 4038 uec
1540 3986 1656 4038 sine
1678 3985 1866 4039 ordine
1889 3985 2035 4039 circa

464 4076 649 4130 mundi
687 4075 851 4129 totius
875 4090 1031 4129 axem
1063 4074 1242 4128 sidera
1271 4075 1578 4129 volvuntur.
1612 4075 1770 4129 Certa
1803 4074 1920 4145 lege
1945 4091 2033 4129 re-

463 4180 681 4222 currunt
718 4180 1019 4239 temporum
1055 4166 1373 4228 vices..Tuo
1409 4169 1573 4224 verbo
1612 4179 1719 4224 stat
1759 4180 1919 4226 terra:
1942 4171 2034 4224 lir-

463 4276 548 4316 nta
586 4261 854 4328 soliditas,
879 4272 936 4317 et
963 4262 1108 4316 venti
1134 4263 1436 4331 praestituto
1464 4273 1702 4333 tempore
1729 4273 2031 4326 moventur,

458 4367 513 4411 et
561 4372 819 4427 aquarum
864 4358 1102 4426 impetus
1159 4357 1456 4425 irrequicto
1512 4355 1660 4409 ﬁuxu
1699 4355 2029 4424 prolabitur.

2147 3184 2414 3256 θρώπινον
2467 3186 2655 3254 γένος,
2714 3186 2943 3249 πλάναις
2998 3187 3280 3251 παντοίαις
3334 3187 3699 3260 παρηγμένον

2144 3276 2279 3331 ἀλλὰ
2311 3276 2373 3329 σύ
2419 3294 2481 3344 γε
2532 3276 2619 3329 διὰ
2662 3277 2757 3330 τοῦ
2793 3279 2887 3332 σοῦ
2922 3280 3074 3343 Υίοῦ,
3105 3280 3193 3333 ἴνα
3233 3279 3308 3352 μὴ
3329 3280 3391 3334 τὸ
3422 3282 3586 3335 κακὸν
3620 3280 3701 3334 ἐπὶ

2144 3369 2307 3423 πλέον
2336 3370 2612 3441 ἐπιϐρίσῃ,
2644 3370 2881 3444 καθαρὸν
2930 3372 3045 3441 φῶς
3076 3372 3350 3444 ἀνασχὼν,
3403 3374 3700 3444 ὑπέμνησας

2145 3462 2273 3533 περὶ
2306 3460 2531 3515 σεαυτοῦ
2563 3464 2687 3525 τοὺς
2715 3461 2940 3526 πάντας.
2970 3483 2987 3514 ι

2644 3555 3037 3609 ΚΕΦᾹΛΑΙΟΝ
3066 3556 3202 3610 NH'.

2144 3666 2468 3737 Δοξολογία
2494 3666 2679 3721 πάλιν
2702 3666 2771 3721 ἐκ
2799 3667 2908 3736 τῆς
2928 3668 3035 3723 τοῦ
3055 3669 3694 3751 κόσμουλειτοῳγιάς.

2221 3817 2238 3847 ι
2263 3799 2328 3851 Ai
2356 3799 2444 3852 cal.
2467 3798 2693 3871 πράξεις
2722 3798 2895 3853 ταῦτα
2923 3801 3237 3855 πιστοῦνται
3254 3818 3267 3831 ·
3309 3802 3370 3856 τὸ
3398 3803 3489 3857 σὺν
3516 3804 3696 3875 κράτος

2144 3889 2354 3954 ἀθώους
2382 3892 2527 3961 ἡμᾶς
2562 3892 2653 3944 καὶ
2696 3894 2919 3957 πιστοὺς
2956 3893 3247 3965 ἐργάζεται
3266 3911 3280 3923 ·
3308 3894 3463 3965 ἥλιος
3493 3896 3583 3948 καὶ
3610 3911 3691 3947 σε-

2143 3982 2274 4056 λήνη
2327 3983 2547 4054 ἔννομον
2593 3983 2775 4053 ἔχουσι
2808 3984 2905 4051 τὴν
2951 3985 3196 4056 πορείαν,
3250 3986 3373 4039 οὐδὲ
3420 3986 3488 4040 τὰ
3534 3986 3693 4057 ἄστρα

2145 4075 2375 4129 ἄτακτον
2406 4074 2518 4147 ἔχει
2547 4075 2645 4146 τὴν
2682 4074 2776 4127 τοῦ
2824 4075 3089 4145 κοσμικοῦ
3135 4076 3338 4130 κύκλου
3373 4077 3688 4149 περιφοράν·

2145 4171 2199 4222 αἱ
2234 4166 2341 4222 τῶν
2387 4167 2594 4239 καιρῶν
2626 4168 2851 4238 ἀμοιϐαὶ
2897 4169 3141 4238 νομίμως
3188 4168 3691 4238 ἀνακυκλοῦντανή

2144 4262 2243 4332 τῆς
2276 4260 2381 4330 γῆς
2422 4259 2607 4332 ἐδραία
2641 4259 2829 4323 στάσις
2852 4258 2928 4331 τῷ
2957 4259 3032 4329 σῷ
3064 4259 3204 4329 λόγῳ
3253 4260 3575 4331 συνέστηκε’
3609 4259 3692 4311 καὶ

2146 4354 2204 4406 τὸ
2228 4352 2442 4422 πνεῦμα
2473 4352 2613 4406 κατὰ
2634 4352 2724 4405 τὸν
2751 4352 3108 4422 ἐπιταχθέντα
3133 4352 3323 4422 καιρὸν
3342 4351 3449 4423 (69)
3477 4354 3691 4404 ποιεῖται

458 4447 603 4504 Mare
634 4449 872 4504 immotis
902 4449 1213 4504 centinetur
1249 4449 1516 4503 terminis.
1547 4447 1613 4502 Et
1639 4449 1902 4517 quidquid
1940 4464 2034 4517 per

2154 4447 2237 4517 τὴν
2265 4445 2500 4516 κίνησιν,
2534 4445 2568 4515 ἦ
2599 4461 2660 4497 τε
2691 4444 2799 4497 τῶν
2832 4444 3035 4497 ὑδάτων
3070 4443 3212 4514 φορὰ
3242 4444 3438 4497 θέουσα
3465 4443 3690 4514 πρόεισιν

459 4548 633 4595 terras
679 4556 881 4611 perque
920 4555 1186 4595 oceanum
1216 4539 1565 4603 diﬁ'uuditur,
1601 4540 1704 4593 hoc
1753 4540 1817 4592 ad
1864 4539 2037 4593 maxi-

456 4645 574 4685 mos
611 4641 664 4687 et
693 4632 973 4687 mirabiles
998 4649 1131 4687 usus
1158 4633 1477 4687 fabricatum
1504 4641 1607 4686 est.
1633 4632 1783 4697 Quod
1812 4631 2032 4701 quidem

457 4723 557 4777 nisi
586 4740 653 4778 ex
683 4726 982 4780 voluntatis
1017 4739 1125 4781 tuae
1153 4727 1379 4781 arbitrio
1411 4726 1483 4779 ita
1511 4734 1817 4795 gereretur,
1846 4722 2030 4792 procul

457 4874 617 4949 licam
647 4877 916 4949 intelligit,
951 4896 1109 4947 quam
1142 4897 1261 4949 cap.
1287 4881 1354 4934 56
1412 4882 1628 4934 domum
1667 4880 1912 4933 veritatis
1940 4895 2034 4949 ap-

454 4946 638 5014 pellat.
690 4946 743 5000 In
781 4946 1141 5004 sacris’lihris
1176 4946 1501 5007 {Columna
1541 4963 1592 5005 et
1628 4946 2031 5004 ﬁrmamentum

454 5017 700 5089 veritatis
731 5034 749 5068 ι
786 5020 1008 5089 dicitur.
1042 5019 1208 5073 Paula
1246 5032 1364 5089 post
1390 5023 1568 5075 scribe
1606 5036 1670 5075 ex
1697 5022 1884 5074 codice
1914 5019 2028 5073 Fu-

453 5081 604 5161 ltetii.
652 5083 839 5141 Savilii
887 5098 940 5143 et
972 5104 1037 5143 ex
1083 5081 1301 5145 sclted'is
1344 5091 1531 5158 Regiis
1578 5090 1638 5144 δν
1685 5092 1734 5143 οἱ
1786 5090 2021 5161 μυσαροὶ

452 5154 671 5218 ἐκεῖνοι,
706 5169 811 5212 etc.

521 5226 640 5300 (66)
677 5224 829 5300 ῌρὸς
851 5225 976 5300 Iri}?
1006 5228 1243 5282 εὐθεῖαν
1267 5230 1511 5300 ἀγαγεῖν
1535 5229 1678 5283 ὁδὸν
1708 5230 1923 5297 ἰσχύει.
1960 5227 2017 5282 In

449 5290 589 5369 libro
611 5290 818 5349 Finltetti
852 5290 1044 5366 legitur
1067 5300 1235 5369 ἰσχῦς.
1273 5290 1526 5353 δῖηΓνρηι
1561 5302 1721 5354 lectio
1745 5290 1827 5352 e's't
1854 5297 2030 5369 quant'

455 5361 507 5414 in
535 5369 805 5441 veteribus
838 5361 1052 5441 schedis
1082 5361 1419 5424 biblionherte
1451 5372 1632 5441 Regia:
1656 5361 2019 5441 iuvenijczd-

453 5434 740 5510 catuguod
773 5438 1201 5510 prul'ectoulougc
1231 5453 1311 5493 est
1340 5434 1663 5510 elegantium.

525 5501 635 5579 (67)
678 5506 970 5579 Ἕκαστος
1002 5501 1150 5576 ὅπερ
1196 5510 1232 5575 ἡ
1265 5501 1453 5579 ψυχίῖ
1478 5510 1788 5579 βούλεται,
1839 5506 2015 5561 τοῦτο

568 5575 880 5642 πραττέτω.
919 5570 973 5630 Id
1003 5570 1290 5645 οδιξᾳιιάιιῖ
1324 5570 1540 5647 (libaque
1564 5578 1670 5632 rult
1708 5578 2010 5643 religionem

454 5642 610 5714 gelat.
654 5646 859 5709 Quibus
900 5650 1078 5701 verbis
1123 5642 1530 5711 Constantinus,
1585 5642 1853 5714 integram
1910 5661 2007 5697 co—

457 5706 621 5787 lendi,
649 5706 806 5787 prout
827 5718 1052 5787 quisque
1083 5718 1258 5777 vellet,
1294 5706 1539 5771 Numinis
1564 5706 1866 5769 libertatem
1894 5715 2012 5768 sub-

456 5778 580 5834 ditis
610 5778 731 5851 suis
778 5778 1082 5857 derequitit.
1132 5788 1339 5854 Quippe
1380 5787 1821 5854 religiosissimus
1861 5788 2010 5853 priu-

2144 4537 2373 4591 ἀπλέτου
2423 4536 2688 4609 ρεύματος
2724 4537 3001 4608 μέτρῳ·ή
3052 4535 3291 4590 θάλασσα
3339 4537 3484 4607 ὅροις
3532 4537 3692 4604 ὲμπε-

2149 4628 2386 4701 ριὲχεται
2433 4629 2740 4698 πεπηγόσιδ
2792 4630 2884 4682 καὶ
2926 4629 2955 4682 ὃ
3024 4646 3077 4683 τι
3136 4628 3201 4681 ἂν
3249 4631 3313 4699 τῇ
3360 4630 3428 4699 γῇ
3484 4627 3575 4679 καὶ
3618 4624 3689 4693 τῷ

2143 4718 2369 4790 ὠκεανῷ
2409 4720 2961 4791 συμπαρεκτείνεται,
3014 4718 3173 4773 τοῦτο
3216 4721 3322 4773 πᾶν
3368 4719 3691 4789 θαυμασταῖς

2137 4892 2264 4947 ceps
2295 4892 2485 4931 omnes
2502 4880 2716 4947 quidem
2744 4876 2997 4933 mortales
3022 4876 3087 4930 ad
3118 4876 3318 4931 Christi
3338 4875 3492 4930 ﬁdem
3520 4883 3689 4947 transf

2135 4942 2217 5002 ire
2280 4942 2535 5002 maxime'
2568 4950 2879 5017 concupivit
2922 4964 2936 5000 :
2988 4947 3260 5017 neminem
3316 4957 3489 5000 tamen
3534 4949 3602 4997 ad
3636 4942 3685 4996 id

2134 5034 2373 5088 unquam
2407 5019 2605 5086 coegit.
2638 5021 2715 5071 Ac
2738 5016 2968 5088 gentiles
2997 5016 3213 5085 quidem
3255 5017 3476 5084 pristino
3504 5025 3686 5088 errore

2135 5085 2388 5141 liberatos
2419 5085 2628 5152 voluit;
2669 5085 2993 5156 templorum
3035 5095 3213 5137 tamen
3252 5085 3684 5156 cwremonias_et

2132 5158 2401 5211 sacriﬁcia
2429 5173 2534 5211 non
2570 5151 3327 5224 prohibuit,tttlipsetesmtur,
3358 5156 3489 5206 intra
3519 5166 3568 5205 c.
3597 5151 3678 5205 59.

2198 5229 2314 5299 (68)
2350 5226 2504 5283 Οὑδὲ
2555 5227 2666 5297 γάρ
2715 5227 2845 5299 ἐστι
2882 5224 3235 5299 καινόν..-οο
3266 5225 3467 5299 origine
3495 5229 3553 5299 et
3590 5236 3680 5274 an-

2135 5290 2384 5368 tiquitate
2421 5290 2700 5368 religionis
2730 5298 3060 5368 Christianum
3091 5295 3245 5368 idem
3279 5290 3465 5368 s'cr'ibit
3514 5290 3677 5368 Euse-

2127 5361 2249 5437 b_ius
2280 5371 2332 5422 in
2362 5361 2629 5437 principio
2655 5366 2910 5421 Historia?
2940 5364 3341 5425 Ecclesiasticw,
3367 5374 3418 5416 et
3451 5362 3501 5414 in
3531 5361 3678 5414 libris

2140 5432 2217 5491 De
2238 5432 2554 5504 evangelica
2570 5439 3042 5491 demonstratione.

2197 5508 2308 5577 (69)
2351 5497 2503 5573 Vulg.
2532 5508 2677 5560 κατὰ
2706 5508 2804 5560 τὸν
2839 5503 3269 5574 ἐπεισαχθέντα
3298 5502 3513 5577 καιρόν,
3542 5497 3683 5577 μεθ

2126 5570 2269 5632 κατὰ
2285 5570 2374 5631 τὸν
2391 5570 2773 5649 ἐπιταχθέντα,
2806 5588 2862 5630 ιιι
2879 5570 3679 5649 legisse’vidctur_(3hr_istouhor-

2120 5664 2317 5771 ssonuls.
2343 5650 2519 5718 Atque
2552 5639 2624 5704 ila
2658 5639 3586 5719 scriptum'exhibentcodd.Fultetii
3631 5651 3676 5689 rt

2164 5734 2247 5771 avt
2277 5734 2341 5771 ιι.

2164 5719 2341 5773 avilii.
