3864 6498
141 480 254 538 1057

1198 476 1287 534 DE
1326 478 1485 532 VITA
1527 464 1987 532 (ΣΟΝΒΤᾸΝΤΙΝΙ
2020 476 2145 534 LIB.
2195 474 2258 534 11.

3221 482 3358 537 1υὸὶί

134 620 222 666 νος,
280 597 618 672 παραχρῆμα
650 600 755 655 τῶν
804 602 940 672 ἀμφ’
984 601 1146 655 αὑτὸν
1188 599 1474 664 θεοσεΰὼν,
1522 599 1580 653 ὃν
1623 597 1668 654 εἰ

1792 602 2091 656 habendam
2128 612 2275 659 ratus
2341 602 2617 660 :onlestim
2662 616 2728 661 ex
2765 602 2861 660 Dei
2897 604 3195 660 cultoribus
3217 618 3355 675 quos

133 695 373 765 ὴπίστατο
428 692 660 764 σώφρονι
717 694 951 756 πίστεως
1001 695 1167 765 ἀρετῇ
1226 692 1682 763 δεδοκιμασμένον

133 787 275 858 ἄνδρα
299 785 433 854 (8‘2),
466 785 909 857 λαμπρυνόμενον
937 788 1055 849 ταῖς
1088 786 1227 857 ὑπὲρ
1253 784 1531 848 εὐσεϐείας
1549 786 1681 855 ὁμο-

133 879 314 948 λογίαις
347 876 493 931 κατὰ
535 878 659 941 τοὺς
687 876 991 948 ἔμπροσθεν
1010 877 1250 950 χρόνους,
1281 875 1581 948 βραϐεῦσαι
1600 879 1680 929 εἰ-

135 973 278 1043 ρήνην
312 972 424 1033 τοῖς
453 970 592 1024 κατὰ
616 970 716 1042 τὴν
752 969 1152 1041 Ἀλεξάνδρειαν
1173 970 1451 1024 διεστωσιν
1477 969 1682 1039 ἐκπέμ-

133 1079 225 1116 πει·
257 1061 489 1132 γράμμα
538 1061 584 1114 τ’
639 1060 1060 1129 ἀναγκαιότατον
1100 1062 1166 1116 δι’
1202 1060 1363 1116 αὐτοῦ
1420 1063 1532 1124 τοῖς
1578 1060 1678 1131 τῆς

132 1152 419 1224 ίρεσχελίας
444 1152 636 1216 αἰτίοις
662 1151 982 1222 ἐπιτίθησιψ
1003 1152 1031 1205 ὃ
1049 1151 1113 1224 δὴ
1139 1152 1232 1206 καὶ
1251 1150 1379 1206 αὐτὸ
1394 1151 1678 1223 γνώρισμα

133 1242 357 1314 περιέχον
383 1241 528 1313 ἀμφὶ
555 1242 644 1295 τὸν
676 1241 802 1297 λαον
827 1240 923 1294 τοῦ
948 1240 1080 1295 Θεοῦ
1106 1241 1448 1313 κηδεμονίας.
1470 1243 1536 1313 τῇ
1549 1245 1679 1312 περὶ

132 1332 273 1388 αὐτοῦ
322 1332 581 1405 φέρεσθαι
632 1334 880 1405 διηγήσει
927 1334 1087 1389 καλὸν
1108 1375 1124 1400 ,
1173 1335 1294 1406 ἔχον
1351 1335 1537 1389 τοῦτον
1587 1334 1676 1415 τὸν

133 1425 327 1497 τρόπον.

626 1605 1016 1659 ΚΕΦΑΛΛΙΟΝ
1041 1603 1154 1658 ΞΝ.

132 1696 567 1753 Κωνσταντίνου
605 1695 896 1764 ἐπιστολὴ
941 1694 1088 1764 πρὸς
1145 1693 1530 1761 Ἀλέξανδρον
1570 1694 1677 1747 τὸν

222 1768 572 1831 ἐπίσκοπον,
616 1767 715 1822 καὶ
760 1768 991 1835 Ἀρειον
1023 1767 1129 1819 τὸν
1149 1765 1567 1833 πρεσϐύτερον.

192 1878 210 1912 ι
228 1860 466 1931 Νικητὴς
482 1862 908 1924 Κωνσταντῖνος,
932 1859 1199 1928 Μέγιστος
1213 1856 1494 1921 Σεϐαστὸς,
1526 1855 1673 1908 Ἀλε-

131 1953 312 2024 ξάνδρῳ
336 1953 431 2006 καὶ
464 1952 683 2024 Ἀρείῳ.

190 2063 205 2095 ι
231 2042 426 2114 Διπλῆν
452 2060 544 2114 μοι
564 2040 887 2113 γεγενῆσθαι
914 2040 1180 2112 πρόφασιν
1206 2038 1408 2093 τούτων
1432 2032 1507 2093 ὧν
1529 2038 1674 2110 ἔργῳ

125 2136 207 2205 τὴν
225 2136 404 2207 χρείαν
431 2136 694 2208 ὑπέστην,
721 2134 902 2198 αὐτὸν,
941 2132 1015 2197 ὡς
1044 2132 1209 2195 εἰκὸς,
1244 2131 1334 2185 τὸν
1375 2130 1483 2183 τῶν
1527 2128 1674 2201 ἐμῶν

128 2228 515 2300 ἐγχειρημάτων
570 2225 760 2298 βοηθὸν
793 2226 887 2280 καὶ
942 2223 1161 2296 σωτῆρα
1208 2222 1313 2276 τῶν
1364 2222 1500 2276 ὅλων
1542 2222 1672 2276 Θεὸν

126 2320 355 2391 ποιοῦματ
378 2320 655 2391 μάρτυρα.
687 2337 706 2371 s

498 2420 515 2437 ‘
613 2408 1007 2464 ΚΕΦΔΛΔΙΟΝ
1048 2406 1166 2462 ΞΕἏ

214 2503 331 2557 Ὀτι
361 2501 498 2570 περί
532 2498 645 2568 τῆς
672 2499 918 2568 εἰρήνης
946 2498 1226 2570 ἐμερᾲινα
1265 2497 1559 2567 συνήθως.

187 2613 203 2643 ι
233 2593 449 2664 Πρῶτον
470 2592 572 2664 μὲν
591 2591 701 2663 γὰρ
723 2590 836 2664 ,τὴν
858 2590 1112 2645 ἁπάντων
1137 2589 1246 2646 τῶν
1269 2589 1437 2644 ἐθνῶν
1462 2592 1588 2663 περὶ
1613 2591 1672 2645 τὸ

120 2686 249 2739 Θείον
262 2684 519 2756 πρόθεσιν
542 2684 678 2756 (85),
703 2684 777 2747 ὼς
810 2683 937 2754 μίαν
962 2683 1129 2748 ἕξεως
1164 2683 1421 2739 σύστασιν
1450 2686 1668 2739 ἐνῶσαν

121 2775 339 2846 δεύτερον
360 2776 439 2842 δὲ,
467 2776 531 2830 τὸ
556 2776 656 2846 τῆς
684 2776 866 2847 κοινῆς
893 2774 1213 2846 οἰκουμένης
1238 2775 1397 2846 σῶμα
1423 2777 1671 2848 καθάπερ

122 2867 313 2939 χαλεπῷ
347 2886 455 2923 τινι
490 2868 604 2941 (84)
639 2868 903 2940 νοσήματι
954 2868 1160 2938 πάσχον
1207 2867 1423 2932 κακῶς,
1451 2867 1671 2940 διορθώ-

123 2960 291 3014 σασθαι
311 2959 725 3033 προύθυμήθην.
759 2962 826 3013 Ἀ
857 2960 921 3031 δὴ
952 2958 1306 3032 προσκοπῶν,
1335 2961 1520 3033 ἕτερον
1572 2960 1671 3032 μέν

122 3052 387 3124 ἀπορρήτῳ
412 3052 656 3116 διανοίας
687 3050 948 3123 ὀφθαλμῷ
995 3050 1434 3124 συνελογιζόμην,
1486 3052 1670 3124 ἕτερον

120 3138 168 3190 δὲ
192 3143 249 3212 τῇ
293 3142 393 3211 τῆς
443 3141 841 3211 στρατιωτικῆς
888 3143 1067 3214 χειρὸς
1111 3141 1327 3216 ἐξουσίᾳ
1376 3143 1669 3216 κατορθοῦν

122 3231 431 3302 ἐπειρώμην,
464 3230 625 3295 εἰδὼς
651 3232 726 3295 ώς
760 3234 809 3285 εἰ
844 3232 1024 3304 κοινὴν
1052 3232 1223 3287 ἅπασι
1250 3236 1363 3297 τοῖς
1402 3232 1494 3287 τοῦ
1532 3232 1668 3288 Θεοῦ

122 3320 416 3393 Θεράπουσιν
448 3325 537 3377 ἐπ’
570 3324 756 3395 εὐχαῖς
786 3327 904 3388 ταῖς
935 3326 1093 3396 ἐμαῖς
1120 3326 1370 3397 ὁμόνοιαν
1398 3326 1671 3395 καταστή-

123 3431 270 3485 σαιμι,
296 3417 391 3470 καὶ
420 3418 456 3488 ἡ
483 3416 594 3471 τῶν
621 3417 895 3488 δημοσίων
920 3418 1254 3490 πραγμάτων
1275 3417 1431 3489 χρεία
1456 3416 1668 3488 σύνδρο-

122 3522 201 3575 μον
229 3513 343 3571 ταῖς
387 3509 645 3563 ἁπάντων
669 3508 912 3563 εὐσεϐέσι
961 3512 1207 3583 γνώμαις
1235 3510 1332 3583 τὴν
1368 3508 1665 3582 μεταϐολὴν

124 3598 474 3669 καρπώσεται.
523 3620 543 3653 ι

602 3777 995 3830 ΚΕΦΑΛΑῘΟΝ
1018 3776 1131 3845 EC,”
1140 3818 1154 3830 .

116 3869 220 3924 Ὀτι
266 3870 364 3926 καὶ
404 3870 515 3938 τὰς
540 3870 611 3924 ἐν
665 3868 901 3939 Ἀφρικῇ
959 3870 1233 3941 ζητήσεις
1270 3868 1658 3938 διωρθώσατο.

175 3981 193 4013 ι
239 3963 452 4025 Μανίας
507 3961 638 4031 γοῦν
678 3961 944 4032 δήπουθεν
989 3964 1091 4016 οὐκ
1155 3963 1385 4034 ἀνεκτῆς
1445 3961 1661 4016 ἅπασαν

111 4055 195 4123 τὴν
220 4053 479 4125 Ἀφρικὴν
505 4052 883 4125 ἐπιλαϐούσης.
906 4053 993 4107 διά
1016 4056 1139 4119 τοὺς
1170 4054 1280 4127 (85)
1301 4054 1513 4126 ἀδούλῳ
1539 4072 1665 4107 κου-

110 4145 283 4216 φότητι
301 4144 399 4217 τὴν
432 4145 539 4200 τῶν
566 4145 754 4217 δήμων
780 4144 1075 4218 θρησκείαν
1097 4150 1177 4210 εἰς
1206 4148 1490 4219 διαφόρους
1512 4148 1663 4218 αἰρέ-

114 4254 214 4302 σεις
231 4240 411 4310 σχίσαι
438 4236 863 4309 τετολμηκότας,
887 4238 1091 4311 ταύτην
1119 4240 1230 4309 ἐγὼ
1256 4240 1354 4311 τὴν
1381 4240 1534 4294 νόσον
1564 4257 1663 4292 κα-

113 4332 365 4385 ταστεῖλαι
411 4330 711 4401 βουληθεὶς,
761 4330 1011 4401 οὐδεμίαν
1056 4334 1246 4404 ἑτέραν
1280 4331 1555 4404 ἀρκοῦσαν
1587 4332 1665 4403 τῷ

113 4425 372 4496 πράγματι
412 4424 707 4496 θεραπείαν
750 4422 1020 4495 εὕρισκον,
1060 4425 1092 4497 ἢ
1134 4429 1183 4479 εἰ
1221 4426 1312 4480 τὸν
1341 4425 1517 4481 κοινὸν
1565 4424 1666 4495 τῆς

112 4517 414 4588 οἰκουμένης
464 4515 658 4588 ἐχθρὸν
690 4515 884 4582 ἐξελὼν
906 4517 1041 4588 (86),
1067 4518 1125 4582 ὃς
1165 4521 1284 4582 ταῖς
1315 4519 1487 4590 ἱεραῖς
1513 4517 1664 4588 ὑμῶν

113 4611 328 4675 συνόδοις
358 4610 454 4682 τὴν
509 4609 765 4680 ἀθέμιτον
813 4612 1002 4665 ἑαυτοῦ
1048 4614 1271 4685 γνώμην
1316 4612 1662 4682 ἁντέστησεν,

1783 693 1931 748 circa
1973 707 2034 747 se
2066 692 2290 748 habebat
2317 736 2333 759 ,
2369 698 2692 766 quemdam,
2729 711 2891 766 quem
2929 697 3001 752 ob
3033 697 3352 752 modestiam

1783 782 1905 839 ﬁdei
1945 792 2269 853 spectatum,
2299 795 2354 841 et
2372 787 2443 841 ob
2467 786 2750 859 religionis
2774 785 3170 844 confessionem
3199 784 3355 855 supe-

1782 876 1919 931 rlori
1952 886 2193 946 tempore
2227 892 2336 947 pra:
2360 879 2571 934 caeteris
2600 880 2943 937 nobilitatum
2988 896 3109 937 esse
3151 895 3353 951 cogno-

1780 979 1954 1033 verat,
2005 969 2388 1026 Alexandriam
2438 973 2647 1042 dirigit,
2700 983 2759 1028 ut
2799 973 2944 1028 inter
2989 986 3084 1029 eos
3121 975 3212 1043 qni
3243 973 3351 1029 illic

1779 1056 2112 1114 dissidebant
2153 1075 2341 1132 pacem
2387 1065 3078 1135 componeret,eidemque
3133 1062 3347 1119 litteras

1779 1148 1872 1203 dat
1933 1152 1999 1205 ad
2039 1154 2406 1209 contentionis
2458 1154 2935 1223 auctores,'utilcs
2960 1160 3017 1215 in
3044 1157 3235 1228 primis
3281 1174 3346 1213 ac

1779 1244 2136 1303 necessarias.
2168 1244 2297 1313 Quae
2327 1261 2449 1302 cum
2496 1248 2705 1304 illustre
2739 1250 3010 1318 specimen
3051 1249 3346 1305 exhibeant

1777 1348 1925 1387 curae
1949 1346 2013 1388 ac
2036 1335 2419 1394 sollicitudinis
2447 1339 2597 1396 illius
2627 1354 2790 1410 quam
2817 1356 2915 1411 pro
2954 1341 3214 1398 Ecclesiis
3243 1343 3343 1398 Dei

1778 1425 2027 1493 gerebat,
2058 1443 2162 1482 non
2198 1430 2494 1485 absurdum
2524 1432 2716 1498 fuerit,
2747 1434 2876 1490 huic
2909 1436 2976 1490 de
3014 1436 3105 1491 illo
3128 1435 3344 1491 institu-

1778 1524 1845 1570 ιω
1870 1517 2171 1572 narrationi
2202 1519 2345 1589 ipsas
2372 1521 2634 1576 inserere.
2663 1525 2800 1578 Sunt
2833 1535 3011 1579 autem
3049 1525 3338 1596 ejusmodi.

2236 1608 2400 1681 473
2439 1610 2666 1668 CAPUT
2707 1615 2889 1671 LXIV.

1776 1697 2108 1758 Constantini
2144 1705 2366 1777 epistola
2416 1708 2484 1761 ad
2530 1708 2887 1762 Alexandrum
2931 1711 3341 1777 episcopum,et

2245 1776 2429 1830 Arium
2490 1779 2869 1847 presbyterum.

1853 1882 1870 1914 ι
1905 1862 2092 1919 Victor
2105 1865 2491 1924 Constantinus
2510 1869 3082 1941 MaximusAugustus,
3107 1871 3340 1927 Alexan‘

1706 1952 1747 2006 Β
1773 1953 1871 2007 dro
1894 1965 1945 2007 et
1968 1956 2118 2010 Ario.

1851 2063 1868 2096 ι
1911 2046 2125 2101 Duabus
2165 2063 2251 2103 me
2280 2049 2461 2105 causis
2499 2051 2785 2121 impulsum
2812 2053 2983 2109 fuisse
3036 2055 3101 2109 ad
3155 2070 3341 2110 earum

1777 2151 1956 2192 rerum
2015 2153 2155 2207 quas
2199 2142 2340 2209 gessi
2389 2142 2755 2198 ministerium
2807 2145 3117 2199 obeundum
3148 2185 3165 2207 ,
3226 2147 3346 2214 ipse

1773 2242 2062 2285 conatuum
2113 2247 2356 2287 meorum
2402 2232 2619 2302 adjutor
2664 2245 2718 2288 et
2773 2245 3021 2291 servator
3073 2235 3341 2303 omnium,

1774 2323 1901 2378 mihi
1928 2326 2079 2380 testis
2105 2335 2190 2381 est
2223 2326 2380 2380 Deus.
2421 2345 2439 2376 ι

2332 2414 2562 2471 CAPUT
2613 2417 2775 2472 LXV.

2024 2508 2178 2574 Quod
2221 2525 2318 2579 pro
2346 2525 2472 2578 pace
2506 2513 2754 2564 continue
2796 2515 3088 2582 satagebat.

1847 2616 1865 2652 t
1892 2599 2025 2655 Nam
2056 2605 2287 2671 primum
2304 2602 2526 2671 quidem
2551 2603 2792 2657 omnium
2825 2605 3066 2673 gentium
3098 2605 3342 2661 inolitam

1772 2695 1839 2749 de
1873 2696 1980 2750 Deo
2009 2695 2319 2763 opinionem
2355 2694 2407 2748 in
2451 2709 2610 2749 unam
2665 2697 2819 2764 quasi
2859 2695 3228 2751 habitudinem
3278 2714 3343 2753 ac

1774 2780 1998 2834 formam
2033 2783 2380 2851 compingere
2425 2783 2763 2851 propositum
2811 2783 2954 2838 fuit:
2987 2784 3182 2841 deinde
3212 2802 3341 2841 vero

1771 2884 1969 2938 corpus
1998 2871 2145 2926 orbis
2177 2882 2443 2926 terrarqu
2475 2874 2629 2944 quasi
2671 2877 2821 2943 gravi
2866 2877 3104 2947 quodam
3149 2877 3341 2934 morbo

1773 2960 2074 3030 tyrannidis
2126 2977 2468 3034 oppressum,
2521 2965 2575 3019 in
2636 2966 2923 3036 pristinam
2973 2969 3337 3024 valetudinem

1772 3053 2077 3110 restituere.
2130 3055 2260 3123 Quae
2293 3072 2416 3111 cum
2464 3053 2596 3112 mibi
2638 3059 2815 3113 instar
2842 3061 2988 3130 scopi
3026 3064 3333 3131 proposuis-

1769 3162 1905 3213 sem,
1958 3147 2192 3202 alterum
2248 3148 2463 3218 quidem
2512 3164 2714 3203 arcano
2768 3152 3119 3221 cogitationis
3180 3153 3340 3211 oculo

1774 3236 2112 3305 inquirebam
2141 3254 2156 3302 ;
2183 3236 2411 3292 alterum
2444 3254 2574 3292 vero
2601 3239 2793 3296 bellica
2818 3242 2868 3295 vi
2894 3252 3057 3312 atque
3098 3247 3337 3313 potentia

1772 3327 2029 3395 perlicere
2050 3330 2312 3384 conabar.
2347 3329 2558 3400 Quippe
2589 3332 2977 3403 intelligebam,
3013 3336 3057 3389 si
3087 3350 3337 3391 commu-

1771 3435 1893 3475 nem
1931 3422 2075 3475 inter
2093 3436 2283 3476 omnes
2319 3422 2407 3477 Dei
2451 3422 2687 3479 cultores
2745 3423 3132 3491 concordiam,
3196 3427 3340 3484 sicut

1771 3510 1901 3564 mihi
1933 3511 1985 3564 in
2019 3509 2156 3567 votis
2184 3522 2324 3575 erat,
2346 3512 2589 3568 stabilire
2614 3514 2917 3584 potuissem
2942 3556 2956 3581 ,
2992 3516 3107 3572 fore
3139 3527 3196 3573 ut
3226 3519 3338 3574 rei-

1772 3601 1995 3671 publicae
2041 3602 2467 3667 administratio,
2531 3606 2889 3661 mutationem
2947 3611 3051 3678 piis
3089 3612 3333 3667 omnium

1770 3694 2021 3750 sensibus
2051 3706 2440 3765 congruentem
2480 3696 2942 3753 nancisceretur.)

2325 3785 2551 3843 CAPUT
2590 3786 2773 3844 LXVI.

1771 3874 2046 3944 Quomodo
2074 3880 2396 3949 quastiones
2428 3882 2481 3934 in
2511 3882 2694 3952 Africa
2727 3881 2984 3936 excitatas
3013 3884 3338 3953 compressit.

1844 3990 1864 4023 ι
1894 3971 2079 4041 itaque
2109 3986 2233 4027 cum
2264 3971 2627 4029 intolerabilis
2651 3977 2895 4043 quadam
2926 3976 3135 4031 insania
3169 3986 3340 4030 totam

1769 4062 2008 4117 Africam
2052 4065 2445 4133 corripuisset,
2481 4065 2552 4121 ob
2601 4066 2861 4135 quosdam
2912 4070 3006 4136 qui
3050 4069 3339 4123 temeraria

1769 4155 1988 4211 levitate
2036 4156 2354 4225 religionem
2411 4159 2737 4229 populorum
2814 4162 2868 4215 in
2916 4162 3100 4215 varias
3157 4170 3341 4217 sectas

1770 4246 2080 4303 discindere
2115 4249 2231 4304 ausi
2265 4252 2515 4315 luerant;
2549 4251 2692 4305 hunc
2727 4266 2831 4319 ego
2872 4252 3116 4305 morbum
3148 4252 3342 4307 sedare

1770 4338 2014 4408 cupiens,
2040 4338 2244 4394 nullum
2264 4339 2411 4395 aliud
2442 4344 2740 4396 remedium
2767 4341 2834 4394 ad
2853 4341 2971 4411 ejus
3001 4342 3340 4397 curationem

1771 4431 2021 4485 idoneum
2055 4433 2413 4501 reperiebam,
2448 4448 2609 4501 quam
2648 4434 3017 4494 ut,communi
3050 4435 3206 4488 hoste
3246 4447 3343 4503 ge—

1771 4522 1918 4577 neris
1963 4522 2185 4577 bumani
2232 4540 2263 4580 e
2321 4526 2496 4580 medio
2534 4525 2780 4590 sublato,
2832 4526 2921 4596 qui
2974 4523 3343 4579 sacrosanctis

1771 4614 1990 4683 synodis
2015 4616 2215 4671 vestris
2257 4616 2476 4686 impiam
2509 4632 2661 4674 suam
2688 4620 3011 4674 sententiam
3046 4631 3111 4670 ac
3139 4616 3344 4684 jussio-

172 4810 278 4885 ('82)
315 4812 839 4885 Δεδοκιμασμένον
882 4813 1092 4885 (ξίν-δρα.
1127 4816 1311 4870 Osium
1357 4814 1668 4871 Corduben-

1780 4815 1967 4871 Verum
1993 4833 2115 4871 cum
2150 4819 2205 4873 in
2235 4820 2453 4885 optimis
2492 4820 2771 4875 codicibus
2808 4818 3107 4873 Fuketiano
3143 4825 3195 4871 et
3239 4817 3340 4874 Sa-

111 4893 212 4957 sem
247 4881 531 4952 intelligit,
559 4881 1130 4957 ut__‘_scribi_tGelasius
1167 4885 1467 4957 Cyzicenns
1510 4884 1564 4938 in
1606 4885 1667 4938 li-

114 4951 200 5003 bro
244 4967 281 5005 ιι
335 4963 392 5007 et
436 4951 561 5018 post
612 4953 760 5006 illum
808 4952 1032 5010 Photius
1076 4958 1128 5009 in
1180 4951 1523 5019 Bibliotheca,
1570 4970 1663 5009 ca-

110 5020 209 5085 pite
231 5020 411 5088 427,et
439 5020 803 5091 Nicephorus,
842 5030 898 5076 et
917 5036 1045 5081 ante
1068 5027 1167 5081 bos
1189 5040 1380 5080 omnes
1406 5026 1663 5080 Socrates

110 5099 257 5155 atque
283 5092 641 5147 Suzomenus.

171 5161 277 5232 (85)
306 5161 502 5228 Τὴν...
520 5162 654 5230 περὶ
686 5163 750 5215 τὸ
776 5160 935 5215 θεῖον·
959 5165 1264 5232 πρόθεσιν.
1293 5162 1504 5217 Mallem
1529 5165 1664 5218 scri-

110 5228 225 5301 bere
257 5228 524 5295 διάθεσιν,
574 5228 669 5285 aut
706 5228 1013 5301 meum»:
1040 5234 1240 5287 Contra
1285 5234 1337 5284 in
1399 5233 1665 5301 principio

111 5248 225 5284 nere
263 5248 524 5295 οιαυεσιν,
574 5248 669 5285 aut
706 5248 750 5282 π
785 5248 993 5301 οΑηψιν.
1040 5248 1240 5287 contra
1285 5248 1337 5284 in
1399 5248 1660 5301 pl‘lllCIplO

111 5298 254 5374 hujus
304 5304 550 5374 epistolae
602 5317 699 5374 pro
753 5248 946 5373 ἕιπλῆν
1008 5320 1105 5374 μοι
1141 5303 1432 5374 πρόφασιν,
1481 5306 1660 5374 malim

111 5368 275 5439 legere
305 5368 615 5445 τέρόθεσινξ
641 5370 756 5445 Mos
782 5368 980 5445 σιξ-ι’ῂο
1008 5368 1153 5445 ’πρὸς
1189 5368 1323 5445 μίαν
1356 5372 1542 5445 ἕξεως⁸
1569 5371 1662 5424 σύ-

113 5456 287 5493 στασιν
315 5441 520 5496 ὲνῶσαι
546 5456 611 5495 ex
653 5442 814 5496 codd.
844 5441 1144 5496 Fukett‘a'no
1186 5441 1241 5497 et
1277 5443 1489 5497 Savilii.
1524 5442 1657 5496 Mal-

109 5508 211 5583 lem
236 5521 414 5566 tamen
447 5512 691 5583 scribere
715 5512 852 5583 πρὸς
878 5515 1025 5582 μιᾶς.

170 5580 278 5649 (Si)
317 5582 597 5648 Καθάπερ
614 5580 858 5650 χαλεπῷ
880 5580 1019 5634 τινι.
1052 5580 1251 5635 Desunt
1280 5582 1371 5638 hic
1388 5581 1663 5647 nonnulla,

110 5662 216 5724 qua:
248 5654 300 5705 in
334 5654 477 5724 libro
500 5652 688 5723 morari
721 5654 792 5724 ιιι
827 5653 1145 5724 supplentur
1166 5651 1427 5724 :_xa).sm'ji
1450 5667 1555 5704 τινι
1581 5668 1669 5705 νο-

114 5722 306 5794 σήματι
359 5719 574 5793 πάσχον
625 5720 813 5794 κακῶς
875 5719 1302 5794 διορθώσασθαι,
1322 5719 1454 5784 eté.,
1511 5732 1671 5794 prout

112 5800 260 5862 etiam
299 5791 583 5862 legitur'in
626 5792 870 5845 editione
913 5791 1238 5862 Genevensi.
1265 5793 1379 5862 Ego
1410 5792 1668 5847 libentius

112 5857 241 5933 itth
280 5857 458 5933 locum
488 5863 562 5916 ita
597 5862 961 5933 suppleverim
998 5861 1254 5933 exalent?)
1270 5857 1376 5916 τινι
1404 5863 1669 5933 νοσήματι

110 5928 198 5994 τῆς
214 5932 529 6003 τυραννίδος
548 5928 870 6002 πιεζόμενον
887 5928 1065 6003 ἐλευθὲ
1074 5928 1244 6004 ρῶσαί
1258 5928 1664 6005 προὺθυμήθην.

738 6088 773 6113 ,ρ

1771 4887 1881 4940 villi
1913 4887 2063 4942 locus
2095 4890 2167 4941 ita
2202 4894 2538 4956 suppleatur,
2565 4900 2622 4944 ut
2653 4904 2813 4957 supra
2848 4891 3025 4954 posui,
3054 4903 3173 4942 eam
3205 4892 3340 4943 scri-

1767 4966 1978 5025 pturam
2013 4960 2168 5040 sequi
2203 4971 2448 5028 praestat.
2489 4960 2657 5013 Porro
2679 4961 2731 5013 in
2766 4957 2980 5013 Fuketii
3014 4959 3154 5014 libro
3181 4964 3337 5016 deest

1766 5040 1866 5080 vox
1897 5044 2100 5091 κοινης.

1838 5045 2144 5166 ῗδέῗιῦηιῇέ.
2166 5099 2398 5165 Μανίας
2417 5099 2525 5168 γὰρ
2550 5098 2916 5162 δήπουθεν...
2936 5099 3037 5154 καὶ
3058 5097 3157 5153 διὰ
3172 5101 3332 5165 τούς.

1769 5162 2129 5239 Scribentltttii
2154 5162 2687 5239 οιιιιιίιιιίεξςιμανίας
2712 5168 2864 5236 γοῦν.
2890 5170 3060 5224 Paulo
3091 5182 3209 5238 post
3243 5162 3331 5223 ubi

1770 5233 1963 5309 legitur
1985 5237 2081 5291 καὶ
2111 5236 2201 5290 διὰ
2229 5233 2734 5308 τοὺςωχριιιιειιιιαιι
2774 5250 2858 5294 est
2896 5233 3162 5309 particula
3212 5240 3328 5292 καί.

1769 5306 2078 5363 Donatistas
2131 5318 2311 5360 autem
2358 5306 2629 5377 intelligit,
2661 5309 2750 5373 qui
2793 5306 2915 5377 post
2945 5308 3245 5362 Romanam
3278 5320 3336 5364 et

1764 5379 2134 5447 Arelatensem
2178 5379 2469 5447 synodum.
2518 5388 2640 5446 post
2673 5377 2935 5447 judicium
2982 5381 3147 5446 ipsius
3188 5380 3335 5435 Con-

1766 5446 2013 5507 stantini,
2049 5444 2228 5500 adhuc
2259 5447 2310 5499 in
2343 5444 2533 5499 Africa
2558 5444 3049 5504 tutnitllnubanlur,

1832 5516 1943 5589 (86)
1983 5512 2094 5569 Τὸν
2115 5516 2319 5589 secutor
2336 5514 2447 5589 τῆς
2471 5516 2827 5585 οἰκουμένης
2846 5517 3066 5587 ἐχθρὸν
3082 5516 3332 5581 ἐξελών.

1762 5586 2028 5642 Licinium
2066 5586 2253 5654 procul
2281 5586 2443 5638 dulno
2486 5588 2756 5654 intelligit,
2799 5586 3175 5641 ut‘tleclnrant
3211 5605 3334 5655 quin

1764 5655 2249 5728 sequuttturgverba
2273 5672 2286 5707 :
2312 5654 2370 5717 ὃς
2399 5659 2519 5728 ταῖς
2546 5656 2897 5728 ἰεραίςὺμῶν
2928 5656 3185 5722 συνόδοις,
3223 5654 3328 5710 ειν.

1764 5725 1898 5782 Nam
1970 5725 2211 5780 Licinius
2262 5726 2498 5796 synodos
2549 5725 2973 5781 Christianarum
3024 5728 3330 5784 antistitum

1764 5798 2214 5868 probibuerat,_ut
2240 5804 2471 5849 testatur
2501 5797 2760 5850 Eusebius
2779 5799 2833 5851 in
2863 5799 3060 5859 librat,
3094 5814 3215 5867 cap.
3238 5799 3327 5853 51.

1763 5866 1834 5921 At
1884 5866 2407 5937 Christopborsouus
2455 5882 2797 5922 communem
2849 5869 3069 5921 humani
3118 5875 3333 5937 generis

1769 5939 1979 5993 hostem
2038 5936 2143 5990 boc
2194 5936 2248 5991 in
2316 5934 2432 5992 loco
2494 5937 2764 5992 diabolum
2819 5955 2939 5997 esse
2986 5934 3319 5995 existimavit
