3864 6482
527 321 546 346 ι
558 293 662 346 0-53

1265 294 1531 351 EUSEBII
1571 295 2053 353 CxESARIENSiS
2088 299 2237 355 OPP.
2276 299 2456 355 PARS
2489 301 2528 354 l.
2572 331 2640 341 —
2674 298 3058 356 HISTORICA.

3604 307 3720 362 ιοιι

523 414 826 482 periculum
893 417 1199 484 gravissimi
1264 419 1448 487 lapsus
1515 421 1694 490 possit
1754 423 2084 479 consisteret

2193 427 2290 498 τῆς
2339 426 2678 481 ἐπικινδύνου
2727 427 3163 498 παρολισθήσεως
3197 427 3501 500 ἀντισταίη;
3541 431 3720 486 Οὐκοῦν

523 506 794 573 Quocirca
857 509 909 562 in
975 509 1285 579 bujusmodi
1335 513 1727 579 questionibus
1790 515 2090 583 loquacitas

523 602 930 670 comprimenda
961 610 1080 665 est;
1111 617 1180 657 ne
1211 601 1348 656 forte
1378 612 1470 656 aut
1500 606 1655 661 nobis
1703 608 1752 660 id
1793 609 1934 676 quod
1967 625 2090 676 pro-

523 692 758 757 positum
791 702 875 747 est
914 693 1188 761 explicare
1227 699 1299 748 ob
1330 707 1535 751 natura?
1579 707 1776 752 nostra!
1809 699 2090 754 inﬁrmita-

526 790 631 834 tem
662 795 766 834 non
799 781 1226 848 sufﬁcientibus,
1260 796 1356 840 aut
1379 789 1739 853 auditoribus,
1780 794 1850 846 ob
1890 791 2087 860 ingenii

524 873 835 929 tarditatem
863 889 927 929 ea
951 892 1073 944 qua
1096 877 1351 933 dicuntur
1381 881 1602 936 minime
1636 884 2086 951 assequentibus,

519 979 584 1016 ex
645 966 910 1020 alterutro
957 969 1152 1024 horum
1202 980 1295 1024 aut
1351 972 1405 1026 iu
1448 972 1834 1043 blasphemiae,
1885 985 1982 1030 aut
2035 979 2086 1029 in

520 1055 835 1111 schismatis
875 1062 1252 1115 necessitatem
1299 1064 1526 1132 populus
1561 1064 1825 1122 incurrat.
1855 1085 1874 1120 ι

1077 1176 1303 1233 CAPUT
1371 1177 1535 1233 LXX.

895 1267 1211 1322 Exhortatio
1257 1271 1326 1322 ad
1365 1273 1726 1327 concordiam.

599 1355 877 1413 «Proinde
909 1368 962 1412 et
1012 1360 1227 1413 incauta
1281 1361 1651 1432 interrogatio,
1702 1373 1757 1417 et
1790 1363 2089 1418 inconsulta

521 1450 820 1517 reSponsio,
856 1452 908 1504 in
955 1461 1186 1522 utroque
1231 1465 1470 1508 vestrum
1521 1457 1734 1512 veniam
1777 1457 1877 1510 sibi
1908 1466 2092 1510 mutuo

518 1541 842 1594 concedant.
873 1539 1059 1611 Neque
1081 1547 1226 1598 enim
1252 1545 1318 1600 de
1352 1545 1624 1614 prtecipuo
1644 1556 1698 1599 et
1723 1562 1933 1601 summo
1962 1545 2090 1614 legis

520 1639 720 1686 nostra:
751 1636 1002 1694 mandato
1029 1634 1172 1690 inter
1199 1651 1296 1690 vos
1325 1646 1409 1690 est
1436 1646 1557 1691 orta
1589 1639 1864 1694 contentio
1884 1655 1897 1690 :
1917 1653 2091 1708 neque

518 1735 716 1776 novum
750 1723 970 1792 aliquod
999 1739 1026 1778 a
1051 1725 1204 1780 vobis
1227 1728 1292 1780 de
1321 1725 1410 1781 Dei
1437 1726 1584 1780 cultu
1621 1726 1984 1782 introductum
2009 1737 2090 1781 est

519 1813 738 1885 dogma.
773 1814 879 1870 Sed
926 1832 1091 1869 unam
1124 1818 1476 1886 eamdemque
1511 1819 1831 1873 sententiam
1866 1820 2084 1885 tenetis,

517 1905 652 1958 adeo
683 1917 740 1958 ut
790 1914 855 1960 ad
905 1910 1304 1964 communionis
1351 1911 1663 1965 societatem
1719 1913 1867 1966 coire
1930 1910 2088 1966 facile

517 1998 760 2065 possitis.
802 2017 820 2050 ι
999 1991 1002 1994 ’

997 2111 1163 2192 476
1193 2111 1420 2168 CAPUT
1449 2111 1634 2167 LXXI.

519 2199 674 2268 Quod
697 2202 760 2255 ob
779 2202 911 2257 lere:
927 2207 1181 2272 quasdam
1201 2205 1406 2343 ιεοειιιζας
1428 2207 1762 2273 pertinaciter
1783 2207 2088 2258 certandum

1185 2292 1288 2328 non
1343 2287 1439 2328 utt.

1185 2292 1288 2328 non
1318 2287 1439 2328 Ιιιιι.

601 2379 620 2413 ι
648 2360 817 2418 Vobis
846 2379 990 2419 enim
1017 2365 1368 2431 pertinaciter
1383 2363 1831 2420 contendentibus
1849 2365 1915 2419 de
1934 2365 2089 2420 rebus

517 2455 700 2522 parvis
716 2465 879 2524 atque
897 2455 1206 2519 levissimis,
1238 2465 1441 2510 tantam
1470 2457 1650 2525 populi
1684 2456 2085 2511 multitudinem

516 2555 698 2602 vestro
751 2545 982 2603 consilio
1013 2547 1124 2617 regi
1164 2564 1269 2603 non
1311 2549 1486 2613 decet,
1535 2550 1586 2602 in
1613 2559 1758 2602 tanta
1789 2549 2086 2616 praesertim

514 2637 819 2691 animorum
859 2637 1199 2694 dissensione
1233 2657 1247 2692 :
1282 2653 1383 2694 nec
1436 2641 1609 2695 solum
1656 2639 1706 2692 id
1752 2639 2087 2704 indecorum,

514 2729 607 2782 sed
642 2743 866 2798 prorsus
902 2729 1054 2786 nefas
1105 2746 1225 2787 esse
1257 2733 1618 2788 existimatur.
1683 2730 1860 2799 Atque
1881 2741 2088 2800 utpru-

514 2821 752 2878 dentiam
779 2832 1011 2878 vestram
1046 2825 1253 2880 minore
1290 2825 1536 2894 exemplo
1565 2823 2047 2879 commonefaciam
2069 2865 2084 2889 ,

514 2914 668 2970 scitis
710 2915 855 2984 ipsos
900 2916 1065 2970 etiam
1113 2915 1461 2986 philosophos
1504 2917 1662 2972 unius
1687 2926 1849 2972 secta:
1882 2915 2088 2986 profes-

511 3009 662 3062 sione
693 3005 836 3062 inter
883 3021 943 3062 se
990 3022 1177 3062 omnes
1225 2987 1518 3072 fmderari;
1557 3010 1774 3064 eosdem
1809 3018 1986 3064 tamen
2032 3009 2083 3062 in

2189 518 2445 587 ἐφεκτέον
2483 520 2628 572 ἐστὶν
2661 521 2719 572 ὲν
2746 522 2858 582 τοῖς
2883 518 3136 582 τοιούτοις
3170 519 3269 589 τὴν
3303 518 3620 587 πολυλογίαν,
3648 523 3720 576 ἵνα

2193 607 2388 680 μήπως
2423 611 2457 681 ἢ
2485 614 2550 681 τῇ
2578 610 2734 682 ήμῶν
2762 611 3016 682 ἀσθενείᾳ
3040 611 3137 680 τῆς
3161 611 3373 679 φύσεως
3396 610 3453 664 τὸ
3487 614 3718 682 προταθὲν

2193 703 2530 774 ἑρμηνεῦσαι
2555 703 2628 775 μὴ
2657 703 3012 774 δυνηθέντων,
3041 703 3159 773 ἢτῇ
3181 702 3288 755 τῶν
3318 703 3587 773 ἀκροατῶν
3615 704 3720 776 βρα-

2190 794 2389 864 δυτέρα
2437 795 2647 848 συνέσει
2673 795 2810 866 πρὸς
2835 795 3033 866 ἀκριϐῆ
3067 794 3159 847 τοῦ
3187 794 3437 864 ῥηθέντος
3459 795 3718 864 κατάληψιν

2191 885 2364 939 ὲλθεῖν
2420 887 2494 958 μὴ
2552 887 2934 958 χωρησάντων,
2964 886 3023 950 ἐξ
3049 886 3308 956 ὁποτέρου
3357 887 3551 938 τούτων
3593 889 3657 956 (3)
3693 889 3717 958 ἦ

2194 978 2561 1049 βλασφημίας,
2594 979 2627 1050 ἢ
2663 979 2962 1049 σχίσματος
2989 980 3065 1041 είς
3099 978 3341 1047 ἀνάγκην
3365 979 3393 1032 ὁ
3419 978 3580 1048 δῆμος
3602 995 3719 1050 περι-

2194 1070 2372 1141 σταίη.
2406 1087 2424 1120 ι

2717 1185 3109 1238 ΚΕΦΛΛΑΙΟΝ
3156 1183 3231 1237 0'.

2541 1277 2919 1344 Παραινέσεις
2949 1278 3079 1345 περὶ
3119 1279 3415 1347 ὁμονοίας.

2269 1384 2285 1416 ι
2311 1366 2506 1438 Διόπερ
2527 1369 2620 1420 καὶ
2638 1367 2900 1439 ἐρώτησις
2917 1368 3352 1439 ἀπροφύλακτος,
3370 1367 3717 1439 καὶξάπόκρισις

2193 1457 2525 1527 ἀπρονόητος
2557 1460 2675 1529 ίσην
2718 1458 2972 1528 ἀλλήλαις
2999 1458 3357 1512 ἀντιδότωσαν
3397 1458 3477 1528 ἐφ’
3515 1459 3716 1529 ἑκατέρῳ

2194 1545 2540 1616 συγγνώμην.
2577 1547 2709 1600 Οὐδὲ
2736 1548 2844 1617 γὰρ
2878 1545 3116 1618 περὶτοῦ
3147 1547 3440 1618 κορυφαίου
3461 1546 3558 1598 τῶν
3585 1547 3633 1597 ὲν
3658 1547 3717 1616 τῷ

2195 1637 2343 1707 νόμῳ
2371 1639 2841 1708 παραγγελμάτων
2869 1639 2995 1709 ὑμῖν
3024 1640 3056 1709 ἡ
3084 1639 3182 1708 τῆς
3206 1638 3529 1707 φιλονεικίας
3550 1636 3716 1706 ἐξήφθη

2198 1727 2490 1798 πρόφασις,
2542 1727 2659 1780 οὐδὲ
2696 1729 2853 1798 καινή
2897 1745 2980 1789 τις
3029 1729 3156 1798 ὑμῖν
3195 1727 3336 1798 ὑπὲρ
3361 1727 3456 1796 τῆς
3486 1725 3571 1778 τοῦ
3610 1725 3716 1778 Θεοῦ

2191 1819 2486 1890 θρησκείας
2509 1821 2715 1891 αἵρεσις
2747 1819 3094 1890 ἀντεισήχθη⁹
3126 1819 3351 1873 ἀλλ”ἐνα
3383 1819 3474 1871 xui.
3491 1818 3571 1869 τὸν
3590 1817 3717 1869 αὑτὸν

2191 1908 2341 1978 ἔχετε
2369 1909 2647 1979 λογισμὸν,
2665 1910 2741 1974 ὡς
2761 1911 2896 1982 πρὸς
2919 1911 2980 1962 τὸ
3003 1909 3102 1979 τῆς
3118 1910 3400 1972 κοινωνίας
3421 1907 3644 1978 σύνθημα
3661 1907 3716 1976 fi)

2189 2002 2446 2056 δύνασθαι
2466 2001 2758 2055 συνελθεῖν.
2790 2021 2808 2053 ι

2691 2116 3083 2170 ΚΕΦΑΛΑῙΟΝ
3132 2117 3250 2170 OA'.

2190 2212 2248 2264 Μ
2253 2207 2284 2275 ἡ
2312 2208 2407 2261 διὰ
2426 2209 2639 2278 μικρὰς
2661 2208 2861 2275 λέξεις
2875 2206 3238 2277 φιλονεικεῖν
3259 2204 3518 2272 περὶτοῦ
3547 2202 3714 2258 αὑτοῦ,

2265 2386 2282 2414 ι
2337 2366 2516 2435 ’Υμῶν
2562 2365 2669 2434 γάρ
2699 2377 2754 2417 εν
2789 2364 3035 2436 ἀλλήλοις
3085 2365 3224 2435 ὑπὲρ
3261 2363 3470 2434 μικρῶν
3515 2361 3597 2415 καὶ
3624 2360 3716 2412 λίαν

2190 2457 2484 2527 ἐλαχίστων
2503 2457 2960 2525 φιλονεικούντων,
2980 2457 3229 2510 τοσοῦτον
3241 2457 3346 2515 ,τὸν
3370 2455 3460 2510 τοῦ
3482 2454 3601 2508 Θεοῦ
3617 2453 3716 2505 λαὸν

2189 2554 2306 2615 ταῖς
2342 2550 2634 2621 ὑμετέραις
2666 2549 2937 2603 ἰθύνεσθαι
2965 2549 3154 2621 φρεσὶν
3180 2549 3239 2603 οὐ
3277 2547 3554 2619 προσήκει,
3579 2545 3652 2599 διὰ
3672 2545 3716 2596 τὸ

2191 2642 2463 2712 διχονοεῖνο
2497 2640 2608 2695 ἀλλ’
2638 2638 2760 2692 οὔτε
2794 2640 3025 2710 πρέπον,
3053 2638 3176 2692 οὔτε
3218 2638 3355 2701 ὅλως
3389 2637 3589 2708 θεμιτὸν
3610 2632 3717 2688 εἶναι

2191 2731 2521 2785 πιστεύεται.
2544 2732 2659 2784 Ἵνα
2681 2730 2736 2784 δὲ
2755 2730 2933 2802 μικρῷ
2955 2730 3358 2804 παραδείγματι
3379 2729 3474 2800 τὴν
3494 2729 3716 2799 ὑμετέραν

2190 2823 2402 2876 σύνεσιν
2435 2824 2833 2894 ὑπομνήσαιμι,
2867 2823 3006 2889 λέξω
3030 2822 3122 2892 (5).
3165 2823 3308 2875 Ἵστε
3336 2823 3501 2893 δήπου
3518 2822 3599 2874 καὶ
3619 2821 3716 2880 τοὺς

2189 2915 2505 2984 φιλοσόφους
2535 2916 2747 2978 αὐτοὺς,
2783 2915 2856 2978 ὡς
2889 2916 2968 2968 ἑνὶ
3003 2916 3100 2986 μὲν
3130 2915 3368 2979 ἅπαντες
3397 2916 3606 2986 δόγματι
3621 2931 3716 2966 sw-

2187 3008 2422 3062 τίθενται
2449 3009 2547 3076 (6),
2581 3007 2838 3072 πολλάκις
2879 3009 2934 3061 δὲ
2974 3008 3193 3062 ἐπειδὰν
3227 3009 3284 3062 ἐν
3319 3027 3425 3062 τινι
3471 3009 3570 3060 τῶν
3607 3009 3715 3061 ἀπο·

513 3097 691 3166 aliqua
733 3097 1098 3153 assertionem
1127 3109 1280 3168 parte
1317 3099 1586 3154 interdum
1630 3099 1958 3169 discrepare.
1985 3099 2084 3153 Ve-

2193 3099 2404 3168 φάσεων
2439 3099 2595 3170 μέρει
2648 3098 3004 3166 διαφωνῶσιν,
3038 3102 3085 3152 εί
3114 3102 3205 3153 καὶ
3224 3105 3289 3171 τῇ
3321 3101 3417 3170 τῆς
3455 3100 3716 3168 ἐπιστήμης

513 3204 633 3242 rum
666 3189 797 3244 licet
839 3189 893 3244 in
933 3189 1045 3260 ipsa
1081 3191 1324 3246 scientia
1380 3191 1710 3260 perfectione
1744 3192 2088 3256 dissentiant,

513 3278 866 3337 nihilominus
888 3282 958 3336 ob
979 3293 1140 3337 sectze
1171 3284 1603 3339 communionem
1631 3299 1818 3340 rursus
1846 3285 1896 3340 in
1921 3301 2087 3339 unum

513 3373 847 3441 conspirant.
901 3373 1054 3440 Quod
1097 3375 1141 3429 si
1196 3376 1268 3430 ita
1301 3384 1402 3436 est,
1461 3379 1734 3446 quomodo
1769 3393 1872 3430 non
1920 3376 2090 3430 multo

510 3462 712 3534 iustius
753 3463 938 3530 fuerit,
970 3481 1067 3522 vos
1101 3468 1191 3537 qui
1225 3468 1444 3522 maximi
1504 3468 1598 3524 Dei
1629 3468 1858 3524 ministri
1890 3469 2088 3524 consti-

513 3553 612 3605 tuti
647 3554 803 3617 estis,
839 3555 894 3608 in
932 3556 1170 3623 ejusdem
1212 3559 1492 3627 religionis
1518 3558 1856 3629 professione
1886 3561 2082 3614 unani-

511 3658 627 3698 mes
654 3645 1012 3714 permanere?
1051 3647 1156 3702 Sed
1189 3649 1569 3715 accuratius,si
1609 3651 1878 3719 placet,et
1904 3660 2082 3706 atten-

512 3737 621 3790 tius
651 3738 1020 3804 expendamus
1045 3740 1094 3794 id
1126 3741 1267 3810 quod
1291 3743 1404 3810 jam
1434 3743 1564 3807 dixi,
1615 3759 1901 3814 aequumne
1932 3745 2006 3800 sit
2031 3757 2089 3800 ut

510 3827 581 3886 ob
612 3827 809 3883 levium
840 3837 895 3882 et
931 3829 1172 3884 inanium
1213 3832 1501 3887 verborum
1535 3833 1677 3889 inter
1724 3851 1820 3890 vos
1861 3846 2089 3892 conten—

512 3919 710 3985 tiones,
732 3920 930 3974 fratres
953 3920 1208 3976 fratribns
1239 3923 1384 3978 velut
1410 3925 1460 3978 in
1493 3926 1612 3982 acie
1646 3927 1882 3996 oppositi
1906 3937 2084 3991 stent;

513 4018 681 4080 utque
717 4013 1042 4066 venerabilis
1076 4027 1397 4078 conventus,
1449 4030 1545 4084 per
1578 4031 1676 4069 vos
1704 4017 1796 4086 qui
1825 4018 1888 4072 de
1925 4018 2086 4072 rebus

511 4187 700 4263 Begio.
736 4189 871 4245 Fuit.
904 4199 957 4244 et
1006 4190 1177 4245 Savil.
1212 4193 1406 4262 legitur
1436 4193 1467 4246 ἢ
1503 4191 1584 4256 τίς
1615 4195 1754 4258 ταῖς,
1795 4201 1900 4249 etc.
1933 4195 2086 4263 Apud

510 4258 1103 4332 Nicephornmqautem
1152 4258 1348 4332 legitur
1393 4263 1426 4332 ἢ
1475 4263 1557 4325 τίς
1605 4263 1664 4326 ὃς
1714 4266 1834 4328 ταῖς
1884 4258 2088 4319 rectius

507 4329 669 4398 quam
710 4333 762 4384 in
804 4329 1048 4401 vulgatis
1096 4329 1455 4386 editionibus.
1498 4331 1616 4386 Mox
1683 4335 1965 4388 emendavi
2019 4351 2086 4390 ex

2189 3191 2353 3261 ἀρετῇ
2387 3189 2732 3262 χωρίζονται,
2787 3194 2850 3262 τῇ
2888 3191 3066 3261 μέντοι
3113 3191 3205 3245 τοῦ
3249 3192 3513 3262 δόγματος
3564 3190 3716 3243 ὲνὼσει

2189 3281 2348 3335 πάλιν
2387 3283 2465 3344 είς
2497 3280 2756 3351 ἀλλήλους
2803 3281 3186 3350 συμπνέουσιν.
3223 3281 3282 3334 Ei
3332 3281 3398 3352 δὴ
3430 3282 3574 3336 τοῦτο
3607 3279 3713 3340 ἔστι,

2188 3370 2306 3434 πῶς
2333 3371 2392 3423 οὐ
2426 3369 2604 3440 πολλῷ
2644 3369 2998 3442 δικαιότερον,
3029 3371 3171 3440 ὑμᾶς
3211 3370 3290 3439 (7)
3319 3371 3445 3435 τοὺς
3466 3370 3550 3423 τοῦ
3583 3369 3716 3440 μεγέ-

2185 3460 2278 3512 λου
2312 3459 2446 3513 Θεοῦ
2475 3459 2808 3531 θεράποντας
2830 3457 3194 3522 καθεστῶτας,
3238 3461 3294 3513 ὲν
3321 3458 3539 3528 τοιαύτῃ
3558 3473 3714 3527 προαι-

2193 3555 2338 3625 ρέσει
2373 3552 2666 3625 θρησκείας
2691 3552 2997 3625 ὁμοψύχους
3030 3552 3277 3623 ἀλλήλοις
3310 3547 3475 3614 εἶναις
3510 3551 3713 3602 Ἐπισκε·

2188 3647 2416 3718 ψώμεθα
2447 3648 2512 3718 δὴ
2545 3647 2790 3718 λογισμῷ
2835 3645 3060 3717 μείζονι,
3098 3647 3191 3698 καὶ⁸
3220 3646 3425 3699 πλείονι
3466 3643 3650 3698 συνέσει
3671 3643 3713 3693 τὸ

2187 3737 2372 3809 ῥηθένο
2415 3735 2572 3808 εἴπερ
2595 3734 2767 3808 ὀρθῶς
2812 3733 2922 3804 ἔχει
2951 3733 3015 3787 δι’
3043 3733 3230 3800 ὀλίγας
3266 3734 3360 3787 καὶ
3399 3731 3614 3803 ματαίας
3641 3731 3713 3797 ρη-
3765 3808 3768 3811 Ι

2188 3831 2373 3900 μάτων
2401 3831 2458 3882 ὲν
2496 3830 2622 3900 ὑμῖν
2648 3827 2996 3896 φιλονεικίας,
3034 3825 3296 3894 ἀδελφοὺς
3329 3824 3566 3892 ἀδελφοῖς
3595 3821 3711 3872 ἀντι·

2185 3923 2419 3986 κεῖσθαι,
2447 3923 2540 3974 καὶ
2577 3922 2638 3974 τὸ
2686 3921 2786 3990 τῆς
2840 3921 3053 3973 συνόδου
3087 3919 3267 3988 τίμιον
3297 3918 3484 3971 ἀσεΰεί
3522 3912 3713 3983 διχονοίᾳ

2186 4017 2508 4090 χωρίζεσθαι
2537 4015 2801 4085 δι”ὑμῶν,
2829 4017 2877 4068 οί
2919 4014 3054 4086 πρὸς
3082 4013 3344 4084 ἀλλήλους
3375 4012 3509 4082 ὑπὲρ
3542 4005 3713 4080 μικρῶν

2188 4197 2536 4276 baptismum.
2567 4195 2898 4276 Epiphanius
2941 4204 3090 4248 certe
3121 4192 3478 4248 scholasticus
3516 4203 3714 4244 cominu-

2190 4267 2360 4320 ni'onis
2388 4269 2594 4330 signum
2624 4266 2804 4318 vertit.

2261 4336 2338 4404 (5)
2391 4327 2862 4404 ’Ῠπομνήσαιμι,
2913 4333 3087 4398 λέξω.
3133 4334 3419 4388 Postrema
3454 4345 3548 4404 vos
3595 4327 3714 4404 deest

508 4397 664 4479 codd.
722 4400 858 4479 Fuit.
901 4397 957 4456 ἐι
995 4402 1217 4474 Ξενηῆ
1271 4404 1339 4474 τῇ
1385 4403 1494 4455 τῶν
1546 4405 1830 4476 ἀκροατῶν
1884 4405 2084 4475 βραδυ-

2193 4397 2330 4475 apud
2363 4397 2654 4479 Gelasi'mn'
2688 4397 3014 4479 Cyaicentttti
3035 4443 3050 4467 ,
3088 4420 3185 4479 nec
3222 4406 3438 4457 videtur
3468 4397 3711 4479 admodum

505 4469 638 4543 τέρᾳ
684 4471 916 4543 συνέσει.

577 4489 1139 4614 ῗὲ)σὲἱτοτέρου
1183 4547 1429 4598 τούτων.
1490 4544 1545 4597 In
1598 4545 1760 4600 codd.
1814 4543 1981 4612 Regio
2029 4553 2084 4600 et

505 4610 644 4685 Fuit}
670 4613 867 4681 legitur
898 4610 1131 4683 ποτέρου
1162 4616 1280 4668 sine
1315 4616 1698 4683 przepositione
1727 4634 1740 4668 :
1770 4610 2083 4685 quat—lectio

507 4681 634 4736 ferri
684 4692 884 4752 potest,
913 4685 956 4753 si
990 4681 1174 4737 vocem
1223 4681 1452 4753 ποτέρου
1505 4687 1708 4740 referas
1750 4681 1816 4738 ad
1857 4699 1918 4737 ea
1966 4700 2083 4753 qua:

506 4733 884 4828 ξὲείιὲειιῖίιίιῖξῆ
914 4733 1318 4828 iussisset
1330 4733 1384 4825 ’ἦ
1400 4733 1415 4737 ⁷
1431 4733 2077 4828 ὲχιᾶέὶοὶέἇςῗὶξιξόι-ὦῆῖ

506 4821 720 4889 inquit,
771 4821 1033 4888 alterum,
1079 4821 1172 4876 aut
1222 4821 1589 4892 blasp'hetiiize'.
1628 4835 1720 4879 aut
1770 4824 2080 4880 schismatis

510 4901 768 4944 nascetur
801 4894 1042 4946 occasio.
1071 4895 1141 4946 At
1176 4893 1430 4948 Socrates
1463 4913 1525 4950 ac
1558 4895 1808 4951 Gelasius
1839 4904 1893 4950 et
1924 4893 2081 4950 Nice-

504 4960 710 5033 nhorus
735 4962 856 5033 _hoc
906 4962 1022 5016 loco
1079 4967 1342 5033 scriptum
1391 4965 1592 5022 habent
1636 4962 1788 5028 αὖθις
1840 4964 1898 5029 ἐξ
1949 4967 2077 5018 ἐκα-

501 5028 706 5105 τέξουτρ
735 5029 830 5083 Est
878 5042 1025 5105 certe
1076 5035 1163 5087 hic
1191 5028 1362 5088 'Iocus
1412 5039 1480 5090 ob
1533 5050 1755 5105 pravam
1810 5028 2078 5105 syntaxim

507 5099 842 5174 diliicilis_et
874 5103 1178 5174 obscurus.
1228 5105 1414 5174 Itaque
1464 5099 1754 5160 in'codice
1802 5099 1969 5174 R'egio
2013 5107 2077 5158 ad

505 5169 647 5247 latus
674 5167 840 5247 hujus
873 5171 1026 5247 linem
1054 5167 1342 5243 apponitur
1374 5186 1496 5230 nota
1529 5193 1565 5245 φ
1593 5186 1648 5230 et
1701 5193 1757 5247 ρ,
1789 5167 2080 5230 Ιιοόιηοόο

502 5241 684 5311 φρηὶά
717 5251 808 5311 est
833 5241 1133 5311 φρόντισον.

575 5309 652 5378 (4)
699 5309 977 5378 Πρὸςήτὸ
1026 5312 1136 5378 τῆς
1197 5317 1506 5380 κοινωνίας
1569 5318 1870 5382 σύνθημα.
1919 5315 2075 5368 Com-

506 5384 769 5453 ntunionis
793 5393 1048 5434 tesseram
1072 5382 1516 5453 verluntLangus
1530 5395 1580 5438 et
1599 5384 1895 5443 Musculus,
1921 5387 2078 5438 Chri-

505 5452 898 5522 stuphorsonns
926 5455 1310 5522 communionis
1345 5452 1670 5510 consensum.
1719 5455 1826 5522 Ego
1869 5455 2076 5519 signant

507 5519 723 5592 mallem
769 5521 1144 5592 interpretari.
1188 5520 1321 5575 Nam
1361 5533 1418 5574 ιιι
1467 5524 1519 5576 in
1561 5519 1839 5590 gentilium
1877 5534 2080 5592 myste-

512 5586 878 5662 riisquzcdam
905 5586 1054 5659 signa
1088 5605 1149 5644 ac
1175 5592 1416 5662 symbola
1452 5586 2072 5662 trad—ebantuninitiatis,

511 5658 706 5733 quibus
735 5674 794 5713 se
825 5658 1260 5733 internoscerent
1299 5665 1592 5732 symtnistm
1623 5683 1634 5716 :
1675 5666 1750 5714 sic
1780 5660 2073 5715 Christiani

521 5731 730 5794 signum
781 5731 1179 5786 communionis
1219 5731 1520 5796 habebant,
1567 5733 1953 5786 eucharistiam
1992 5733 2071 5784 vel

2191 4465 2514 4530 necessaria.
2549 4473 2678 4528 Eam
2711 4465 2858 4528 c'erte
2889 4475 2938 4527 in
2979 4465 3223 4530 versione
3265 4490 3359 4527 sua
3408 4471 3578 4526 omisit
3616 4465 3714 4534 Ενὶ-

2205 4545 2435 4599 lhflllillS.

2189 4561 2481 4684 Ρηῗῶωῧς
2511 4616 2598 4668 ἑνὶ
2627 4613 2744 4683 μὲν
2783 4615 3039 4678 ἅπαντες
3070 4612 3314 4682 δόγματι
3357 4610 3712 4684 συντίθενται.

2189 4682 2324 4751 Quid
2357 4687 2444 4740 hic
2473 4695 2614 4740 esset
2633 4682 2834 4752 δόγμα,
2867 4701 2976 4752 nou
3000 4685 3385 4738 intellexerunt
3411 4682 3711 4752 interpretes.

2190 4749 2421 4824 quorum
2458 4755 2546 4809 alii
2575 4749 2775 4824 dogma»
2801 4770 2890 4824 seu
2921 4751 3176 4818 placitum
3225 4749 3556 4821 interpretati
3584 4753 3710 4824 sunt;

2189 4822 2279 4877 alii
2320 4822 3061 4894 disciplina:professionem.
3109 4824 3274 4892 Atqui
3312 4838 3416 4876 non
3465 4833 3614 4894 unum
3650 4823 3714 4864 est

2187 4894 2382 4965 dogma
2415 4889 2556 4964 apud
2603 4891 2969 4966 philosophos,
3015 4889 3236 4966 ut:sati's
3289 4898 3516 4966 constat.
3561 4889 3710 4966 itaque

2186 4953 2379 5018 seciam
2410 4953 2621 5018 vertere
2657 4953 2842 5016 malui.
2873 4960 3089 5031 Omnes
3119 4964 3264 5015 enim
3311 4956 3604 5031 philosophi
3634 4953 3710 5031 ali-

2186 5050 2346 5104 quam
2399 5035 2842 5104 liahentsectatn
2894 5030 3223 5104 cui_addicti
3273 5042 3431 5104 sunt,
3480 5029 3558 5081 alii
3601 5029 3710 5101 Stoi-

2187 5100 2340 5166 eam,
2381 5104 2472 5158 alii
2509 5103 2940 5171 peripateticam.
2973 5100 3089 5155 Jatn
3126 5103 3177 5153 in
3217 5101 3614 5171 qualiliet_secta
3645 5100 3710 5143 tn-

2189 5175 2399 5228 terdmn
2438 5169 2707 5228 exsistunt
2740 5171 3124 5226 controversia:
3155 5173 3221 5224 de
3251 5169 3709 5238 quibusdamqtmv

2187 5245 2455 5315 stionihus
2502 5245 2647 5297 inter
2685 5239 2923 5309 ejusdem
2963 5250 3126 5315 secta:
3158 5235 3537 5315 _phiiosophos.
3575 5235 3708 5315 Iidem

2182 5319 2361 5362 tamen
2387 5312 2456 5362 ob
2475 5316 2634 5362 secta:
2651 5308 2964 5362 soCIetatcm
2985 5308 3140 5362 facile
3158 5308 3300 5362 inter
3319 5325 3376 5362 se
3395 5308 3707 5361 conveniunt.

2182 5379 2279 5432 llic
2307 5389 2388 5432 est
2418 5393 2633 5438 sensus,
2668 5384 2726 5429 ut
2752 5377 2966 5445 Opinor.
2991 5377 3277 5431 verborum
3312 5375 3650 5431 Constantini.

2256 5446 2525 5520 Clivuigg
2550 5446 2725 5516 ἡμᾶςο
2753 5445 2894 5520 Lege
2916 5447 3056 5520 ὑμᾶς
3085 5462 3148 5520 es
3174 5445 3411 5520 Gelasio.
3442 5445 3708 5520 Sitrephoro

2184 5527 2236 5572 et
2265 5518 2588 5588 Epiphanio,
2617 5524 2668 5570 et
2693 5517 2854 5588 paulo
2880 5525 2998 5588 post
3031 5518 3086 5568 έν
3118 5517 3341 5588 ιξμῖν-οι
3375 5518 3552 5588 iisdem
3573 5533 3586 5577 ;
3607 5517 3708 5588 qui-

2185 5591 2284 5641 hns
2314 5585 2662 5641 consentiunt
2693 5585 2852 5640 codd.
2882 5585 3013 5639 Fuk.
3045 5596 3096 5639 et
3126 5585 3291 5638 Savil.
3323 5595 3375 5639 ct
3400 5587 3595 5641 scheda:
3620 5587 3705 5636 lie-

2184 5659 2302 5727 gizc.
2322 5688 2388 5696 —
2417 5656 2538 5710 Mox
2572 5657 2951 5727 rescripsimus
2980 5655 3234 5727 etiantiat’
3264 5657 3416 5726 ὑμῶν
3439 5666 3488 5709 et
3510 5655 3704 5724 φιλονειο

2184 5725 2326 5781 isi-:5
2365 5744 2462 5798 pro
2501 5729 2566 5780 δι’
2596 5726 2752 5798 ήμῶν
2783 5738 2829 5783 et
2862 5725 3285 5798 φι>.ονεικοῦμεν.
3306 5725 3466 5782 Eon.
