3864 6542
1397 42 1528 48 ’“-⁷-“
1565 44 1914 62 *Ἦν-τ.
2139 58 2148 62 ,η
2191 58 2356 64 -_‘—_

161 259 278 316 40.ίᾶ

1221 262 1307 316 DF.
1347 262 1508 318 VlTA
1549 263 2004 320 CONSTANTINI
2045 265 2172 324 LIB.
2215 267 2278 324 ll.

2385 59 2652 72 ήτ--ἠ

3220 284 3239 336 l
3251 282 3354 340 046

149 389 272 441 οὕτω
290 380 374 435 καὶ
405 381 665 454 μηδαμῶς
701 382 1012 451 ἀναγκαίων
1070 384 1436 452 φιλονεικεῖτε.
1497 389 1670 460 Δημώ

1793 390 1927 446 adeo
1956 392 2166 461 exiguis
2190 400 2244 447 et
2277 393 2499 448 minime
2539 396 2863 452 necessariis
2892 397 3161 467 rixamini,
3193 401 3352 470 impia

150 475 206 544 δη
236 471 392 525 ταῦτά
446 473 583 538 ἐστι,
633 475 726 528 καὶ
780 473 1054 538 παιδικαῖς
1101 477 1307 542 ἀνοίαις
1358 479 1690 551 ἁρμόττοντα

158 564 342 636 μᾶλλον,
371 563 401 633 ἦ
435 566 500 634 τῇ
539 564 650 620 τῶν
675 565 865 636 ἱερέων
905 567 998 620 καὶ
1032 570 1309 641 φρονίμων
1342 571 1550 642 ἀνδρῶν
1569 590 1691 625 συν-

149 661 244 713 ἐσει
276 659 628 729 προσήκοντα.
679 659 1026 730 Ἀποστῶμεν
1055 663 1270 727 ἑκόντες
1313 664 1421 717 τῶν
1457 665 1689 719 διαϐολι-

146 753 241 806 κῶν
268 751 598 822 πειρασμῶν.
631 753 688 804 '0
719 752 894 822 μέγας
913 754 1068 825 ἡμῶν
1089 755 1238 820 Θεὸς,
1265 760 1294 811 ό
1320 759 1493 823 κοινὸς
1517 761 1689 815 ἀπάν-

143 862 235 899 των
263 845 464 916 Σωτὴρ,
503 844 680 898 κοινὸν
714 844 884 899 ἅπασι
915 847 978 900 τὸ
1020 847 1134 917 φῶς
1173 849 1432 915 ἐξέτεινεν
1474 852 1571 924 (8)'
1596 854 1685 922 ὑφ’

141 933 195 994 οὗ
218 942 272 1010 τῇ
307 939 523 1010 προνοίᾳ
543 940 746 1012 ταύτην
774 942 896 1012 ἐμοὶ
928 942 1006 1014 τῷ
1036 942 1342 1016 θεραπευτῇ
1379 943 1685 1018 τοῦΚρείτ-

140 1049 268 1097 τονος
289 1032 380 1104 τὴν
400 1034 634 1104 σπουδὴν
649 1034 722 1104 (9)
741 1036 819 1098 είς
833 1034 986 1100 τέλος
1001 1037 1244 1105 ἐνεγκεῖν
1271 1040 1680 1109 συγχωρήσατε,

137 1128 265 1188 ὅπως
287 1124 476 1187 αὐτοὺς
507 1126 638 1189 τοὺς
676 1127 880 1181 ἐκείνου
913 1127 1123 1199 δήμους
1161 1130 1267 1200 ἐμῇ
1304 1131 1685 1202 προσφωνήσει

140 1219 220 1272 καὶ
247 1218 506 1289 ὑπηρεσίᾳ
554 1220 648 1272 καὶ
685 1220 966 1284 νουθεσίας
993 1222 1262 1288 ὲνστάσει,
1295 1223 1430 1295 πρὸς
1462 1226 1559 1297 τὴν
1584 1227 1682 1296 τῆς

139 1313 326 1366 συνόδου
342 1311 618 1366 κοινωνίαν
638 1313 985 1386 ὲπανάγοιμι.
1029 1317 1243 1390 Ἐπειδὴ
1273 1317 1402 1389 γὰρ,
1430 1318 1506 1383 ὡς
1526 1319 1679 1392 ἔφην,

140 1408 224 1476 μία
248 1422 321 1467 τις
351 1406 495 1457 ἐστιν
529 1404 658 1474 ὑμῖν
698 1404 899 1470 πίστις,
947 1408 1041 1462 καὶ
1096 1409 1192 1478 μία
1243 1409 1344 1478 τῆς
1385 1409 1506 1463 καθ’
1536 1413 1684 1481 ἡμᾶς

138 1498 368 1569 αἱρέσεως
407 1497 639 1560 σύνεσις,
666 1497 728 1550 τό
771 1516 829 1551 τε
865 1497 958 1552 τοῦ
987 1500 1153 1567 νόμου
1184 1501 1544 1574 παράγγελμα
1570 1503 1678 1575 (l0)

136 1593 230 1654 τοῖς
255 1591 313 1644 δι’
341 1590 530 1644 ἑαυτοῦ
581 1591 804 1664 μέρεσιν
840 1594 919 1656 είς
953 1593 1082 1661 μίαν
1107 1593 1287 1666 ψυχῆς
1319 1595 1572 1666 πρόθεσιν
1620 1596 1680 1650 τὸ

136 1683 236 1736 ὅλον
266 1682 548 1752 συγκλείει,
585 1684 741 1738 τοῦτο
771 1685 905 1757 ὅπερ
934 1685 1119 1755 ὀλίγην
1170 1687 1226 1738 ὲν
1265 1687 1392 1757 ὑμῖν
1433 1689 1679 1761 ἀλλήλοις

133 1772 434 1841 φιλονεικίαν
460 1774 702 1845 ἤγειρεν,
736 1775 923 1848 ἐπειδὴ
952 1777 1025 1847 μή
1060 1777 1197 1848 πρὸς
1218 1777 1316 1848 τήν
1333 1778 1426 1832 τοῦ
1483 1781 1681 1846 παντὸς

131 1862 330 1932 δύναμιν
361 1863 574 1935 ἀνήκει,
627 1865 902 1935 χωρισμόν
929 1881 1049 1918 τινα
1078 1867 1172 1919 καὶ
1221 1868 1407 1921 στάσιν
1441 1870 1498 1922 ὲν
1551 1869 1679 1940 ὑμῖν

137 1955 368 2026 μηδαμῶς
397 1955 644 2010 ποιείτω.
678 1957 788 2011 Καὶ
822 1957 964 2025 λέγω
997 1957 1191 2020 ταῦτα,
1219 1959 1316 2029 ούχ
1341 1960 1416 2024 ὡς
1442 1961 1681 2030 ἀναγκά-

132 2049 224 2111 ζων
259 2049 392 2119 ὑμᾶς
432 2050 732 2114 ὲξάπαντος
762 2054 829 2123 τῇ
863 2051 980 2105 λίαν
1024 2051 1208 2123 εύήθει
1235 2052 1329 2106 καὶ
1357 2054 1445 2108 οἵα
1479 2054 1678 2126 δήποτέ

131 2143 254 2194 ἐστιν
282 2141 459 2210 ἐκείνη
481 2143 515 2211 ή
545 2141 789 2214 ζήτησις,
817 2142 1176 2197 συντίθεσθαι.
1203 2142 1433 2199 Δύναται
1463 2137 1569 2218 γάρ
1586 2149 1678 2202 καὶ

129 2233 291 2303 τὸτῆς
316 2234 530 2288 συνόδου
572 2235 753 2306 τίμιον
782 2235 910 2306 ὑμῖν
953 2235 1225 2307 ἀκεραίως
1263 2234 1549 2304 σώζεσθαι,
1584 2239 1678 2293 καὶ

133 2323 213 2394 μία
235 2327 318 2378 καὶ
340 2329 372 2396 ή
403 2326 543 2398 αὐτὴ
571 2326 710 2380 κατὰ
729 2328 944 2381 πάντων
966 2328 1217 2382 κοινωνία
1237 2330 1539 2402 τηρεῖσθαι,
1575 2331 1676 2385 κᾶν

128 2418 402 2490 ταμάλιστά
456 2437 541 2483 τις
593 2421 650 2472 ὲν
703 2421 857 2493 μέρει
909 2421 1044 2493 πρὸς
1081 2421 1341 2494 ἀλλήλους
1373 2424 1501 2496 ὑμῖν
1535 2425 1676 2498 ὑπὲρ

130 2510 380 2582 ἐλαχίστου
401 2511 668 2582 διαφωνία
699 2513 944 2586 γένηταιο
990 2515 1178 2586 ἐπειδὴ
1215 2517 1348 2588 μηδὲ
1373 2519 1571 2584 πάντες
1616 2519 1675 2572 ὲν

130 2599 272 2656 ἀπασι
297 2604 458 2657 ταυτὸ
492 2602 814 2675 βουλόμεθα,
853 2603 987 2675 μηδὲ
1026 2605 1126 2676 μία
1154 2623 1238 2670 τις
1273 2608 1328 2660 ὲν
1364 2607 1492 2678 ὑμῖν
1516 2607 1675 2677 φύσις

129 2691 350 2765 ἢγνὼμη
388 2694 748 2750 πολιτεύεται.
791 2697 929 2768 Περὶ
976 2696 1072 2767 μὲν
1105 2692 1196 2751 οὖν
1235 2699 1334 2770 τῆς
1356 2699 1506 2764 θείας
1538 2718 1674 2773 προ-

128 2786 250 2850 νοίας
278 2787 368 2857 μία
394 2806 479 2852 τις
512 2791 569 2841 ὲν
611 2788 741 2858 ὑμῖν
777 2787 915 2842 ἔστω
944 2790 1143 2854 πίστις,
1171 2789 1267 2861 μία
1300 2790 1532 2856 σύνεσις,
1576 2793 1673 2864 μία

131 2877 336 2950 συνθήκη
364 2877 460 2932 τοῦ
479 2880 820 2952 Κρείττονος·
875 2881 911 2935 ἃ
957 2881 1002 2934 δ’
1052 2881 1192 2950 ὑπὲρ
1233 2882 1339 2935 τῶν
1378 2883 1674 2954 ἐλαχίστων

127 2968 299 3025 τούτων
355 2969 638 3043 ζητήσεων
674 2974 730 3024 ἐν
781 2972 1030 3044 ἀλλήλοις
1064 2952 1523 3045 ἀκριϐολογείσθε,
1568 2975 1673 3030 κᾶν

131 3061 190 3132 μή
220 3062 342 3134 πρὸς
372 3064 500 3133 μίαν
549 3063 774 3135 γνώμην
796 3064 1164 3138 συμφέρησθε,
1213 3065 1391 3136 μένειν
1428 3065 1557 3119 εἴσω
1582 3065 1671 3120 λο-
1701 3098 1744 3157 C

127 3153 295 3222 γισμοῦ
322 3155 606 3227 προσήκει,
640 3155 716 3227 τῷ
746 3157 845 3227 τῆς
877 3157 1114 3221 διανοίας
1159 3158 1453 3230 ἀπορρήτῳ
1482 3156 1674 3229 τηρού-

129 3263 259 3313 μενα.
293 3249 362 3302 Τὸ
403 3250 585 3319 μέντοι
619 3251 720 3320 τῆς
747 3251 929 3321 κοινῆς
965 3251 1144 3322 φιλίας
1169 3251 1460 3325 ἐξαίρετον,
1494 3257 1585 3310 καὶ
1634 3258 1668 3328 ή

125 3337 205 3406 τῆς
223 3339 466 3410 ἀληθείας
486 3340 692 3404 πίστις,
728 3342 762 3412 ἦ
806 3359 863 3395 τε
897 3343 1024 3414 περὶ
1045 3343 1137 3396 τὸν
1171 3343 1303 3398 Θεὸν
1331 3346 1422 3400 καὶ
1449 3347 1546 3419 τήν
1575 3345 1668 3402 τοῦ

126 3429 262 3500 νόμου
284 3432 576 3504 θρησκείαν
608 3434 762 3504 τιμὴ,
803 3435 1010 3504 μενέτω
1043 3439 1172 3508 παρ’
1199 3437 1325 3508 ὑμῖν
1351 3438 1662 3505 ἀσάλευτος

125 3522 414 3575 ἐπανέλθετε
442 3523 506 3593 δὴ
527 3523 663 3593 πρὸς
682 3523 780 3593 τὴν
804 3521 1048 3595 ἀλλήλων
1069 3524 1251 3592 φιλίαν
1274 3542 1334 3577 τε
1367 3526 1460 3578 καὶ
1484 3528 1660 3598 χάριν,

125 3613 319 3666 ἀπόδοτε
363 3613 440 3684 τῷ
488 3613 604 3683 λαῷ
643 3613 912 3684 ξύμπαντι
957 3614 1055 3679 τὰς
1083 3615 1286 3679 οἰκείας
1313 3617 1662 3688 περιπλοκὰς,

124 3704 254 3772 ipsi;
281 3722 336 3758 τε
365 3706 516 3758 αὐτοὶ
559 3703 810 3777 καθάπερ
837 3705 932 3768 τάς
972 3705 1178 3759 ἑαυτῶν
1215 3706 1392 3777 ψυχὰς
1431 3708 1665 3779 ἐκκαθή-

126 3804 289 3855 ραντες
322 3793 448 3865 (Η),
486 3791 644 3859 αὖθις
689 3795 949 3868 ἀλλήλους
989 3797 1273 3866 ὲπίγνωτε.
1314 3798 1505 3852 Ἡδίων
1561 3799 1669 3870 γὰρ

125 3881 352 3948 πολλάκις
381 3887 533 3955 φιλία
559 3887 768 3956 γίνεται
820 3888 955 3958 μετά
987 3888 1084 3959 τὴν
1124 3889 1220 3959 τῆς
1255 3889 1452 3962 ἔχθρας
1476 3891 1672 3945 ἀπόθε-

126 3973 327 4045 σιν(12),
345 3973 499 4042 αὖθις
529 3981 610 4043 είς
629 3980 971 4050 καταλλαγὴν
1003 3981 1387 4036 ἐπανελθοῦσα.
1434 4000 1451 4033 ι

181 4109 341 4182 (8)-Τὸ
377 4112 505 4182 φῶς
544 4113 857 4178 ἐξέτεινεν.
933 4115 1154 4171 Rectius
1199 4118 1426 4174 dixisset
1460 4118 1666 4173 ἀνέτει-

129 4179 413 4252 λενηΡειιιιο
458 4197 586 4238 ante
637 4185 754 4250 lego
799 4201 866 4240 ex
916 4188 1073 4241 codd.
1123 4187 1257 4242 Fuk.
1311 4196 1365 4242 et
1399 4188 1591 4252 Savil.,
1637 4189 1665 4240 ὁ

124 4250 272 4326 κοινός
282 4253 550 4326 ,ἀπάντων
579 4256 726 4326 Σωτή
738 4274 767 4326 ρ
775 4293 787 4306 .

181 4274 272 4314 ινος
298 4274 550 4307 απαντων
579 4274 726 4326 uim;
775 4293 787 4306 .

181 4319 248 4392 (9)
282 4320 434 4392 Vulg.
465 4323 704 4391 Ταύτην
721 4274 868 4394 ἐμοῦ
897 4325 1331 4394 τὴγσπουδπήν,
1358 4328 1407 4382 id
1429 4338 1530 4393 est,
1569 4329 1664 4381 hoc

123 4404 269 4464 meum
301 4395 532 4447 studium
560 4405 714 4464 atque
745 4397 1070 4460 institutum,
1103 4401 1434 4452 concordiam
1468 4400 1520 4452 in
1555 4397 1661 4451 Ec-

122 4458 257 4535 clesia
296 4458 640 4525 stabiliendi;
673 4482 950 4535 omnesque
986 4458 1224 4522 homines
1256 4469 1323 4521 ad
1367 4469 1521 4521 unius
1565 4469 1659 4524 Dei

122 4531 305 4608 cultum
327 4535 664 4608 traducendi.
714 4534 789 4608 De
821 4531 928 4608 quo
980 4539 1158 4608 studio
1208 4538 1345 4592 dixit
1389 4538 1659 4593 Constan-

122 4603 245 4680 tinus
293 4603 442 4658 initio
500 4603 658 4671 hujus
708 4603 968 4672 epistolae,
1014 4615 1067 4661 et
1105 4607 1230 4662 alibi
1288 4609 1490 4677 passim
1541 4609 1658 4680 glo-

122 4683 181 4722 na
190 4682 234 4723 ιιι
242 4687 281 4725 Γ.

153 4741 274 4819 ..(Ψ)
304 4744 372 4819 Td
391 4761 454 4819 τε
473 4742 586 4819 τοῦ
604 4743 790 4819 νόμον
827 4746 1233 4816 παράγιέλμαο
1266 4747 1378 4804 Lex
1411 4748 1552 4819 enim
1577 4750 1660 4803 ni—

123 4807 182 4885 llil
209 4812 338 4864 aliud
361 4815 516 4885 nobis
547 4807 791 4882 praecipit
811 4807 972 4884 quam
997 4807 1344 4885 'c'har'itatem,
1372 4828 1429 4874 ut
1451 4818 1660 4874 scilicet

123 4876 261 4956 Deum
299 4876 682 4958 quidem-toto
715 4876 898 4941 cordis
941 4886 1135 4958 affectu
1186 4876 1494 4955 diligamus,
1528 4903 1658 4958 pro-

122 4952 290 5024 simum
335 4967 464 5024 vero
492 4952 638 5006 sicut
668 4958 1044 5024 nosmetipsos.
1084 4957 1140 5010 lu
1173 4958 1259 5012 his
1286 4952 1503 5014 duobus
1529 4952 1656 5014 'tota

122 5018 189 5070 lex
225 5023 500 5098 consistit,
548 5033 623 5098 ut
654 5025 731 5098 ait
780 5018 1034 5098 Dominus
1074 5028 1126 5081 in
1173 5028 1484 5098 Evangelio.
1533 5028 1658 5084 llaec

122 5102 206 5166 non
255 5092 516 5166 intellexit
562 5091 1121 5166 Christophorsonus,
1175 5101 1267 5166 qui
1323 5091 1432 5152 sic.
1458 5101 1654 5160 vertit,

122 5153 363 5237 llnumque
391 5163 532 5231 leges
571 5179 633 5216 ac
672 5153 963 5237 disciplima
1006 5153 1302 5230 institulum
1348 5170 1507 5237 (quod
1551 5153 1660 5237 qui;

121 5231 214 5280 dem
244 5241 372 5305 cum'
397 5241 511 5285 suis
545 5232 780 5305 partibus
807 5231 1112 5290 universum
1158 5231 1406 5292 Ecclesia:
1447 5231 1656 5305 corpus,

120 5303 438 5379 consentiente
480 5304 813 5379 animorum
841 5309 1126 5379 concordia
1169 5319 1217 5362 et
1257 5303 1658 5377 proposito—de;

121 5370 1386 5448 vincit).“RectiushPortesius:Prwceptumque
1429 5379 1556 5445 legis
1602 5379 1656 5432 in

120 5439 158 5486 δά
188 5444 413 5495 omnibus
443 5444 681 5512 partibus
724 5445 997 5511 incumbit,
1029 5459 1083 5499 ut
1118 5439 1173 5501 in
1219 5439 1376 5502 unam
1426 5439 1657 5502 animam

121 5512 376 5589 gnirersum
397 5514 698 5589 concludat.
722 5513 880 5589 Forte
899 5519 1061 5569 etiam
1081 5520 1423 5589 scribendum
1443 5529 1523 5571 est
1544 5521 1657 5589 τοῖς

118 5580 246 5656 δυσὶν.
280 5581 446 5656 αὑτοῦ
484 5583 727 5656 μέρεσιν.
760 5587 886 5640 Dum
934 5595 1060 5639 sunt
1093 5588 1237 5641 enim
1274 5599 1456 5656 partes
1501 5580 1656 5653 hujus

121 5653 344 5734 umndati,
380 5653 613 5734 quarum
651 5655 820 5711 altera
853 5657 918 5711 ad
954 5657 1146 5724 Deum,
1178 5653 1347 5712 altera
1375 5658 1440 5713 ad
1475 5661 1656 5727 proxi-

122 5732 234 5773 ιιιιιιιι
273 5732 526 5791 pertinet.

1791 485 2126 543 dissensione
2183 485 2461 540 dissideat.
2505 485 2721 543 Plebeia
2765 497 2891 544 sunt
2954 490 3089 554 haec,
3140 499 3196 545 et
3237 507 3358 562 qua:

1790 579 1980 648 puerili
2015 578 2185 647 magis
2213 577 2445 634 inscitia:
2477 593 2636 647 quam
2667 582 3008 636 sacerdotum
3038 593 3092 638 et
3119 585 3357 652 pruden-

1788 673 1919 726 tium
1970 670 2214 726 virorum
2279 671 2556 741 sapientiae
2612 683 2936 743 congruant.
2989 675 3357 732 Abscedamus

1787 772 1972 818 nostra
1998 772 2188 833 sponte
2215 779 2244 818 a
2271 764 2471 820 diaboli
2499 764 2904 822 tentationibus.
2925 767 3190 822 Maximus
3217 767 3356 824 Deus

1789 863 1974 909 noster
2001 863 2056 910 et
2087 855 2330 910 omnium
2360 854 2641 924 Servalor,
2677 872 2966 914 commune
2994 860 3206 914 cunctis
3227 874 3352 928 pro-

1790 947 1912 1003 tulit
1939 947 2148 1003 lumen:
2175 948 2274 1004 sub
2300 947 2452 1017 cujus
2484 951 2726 1020 auspicio
2750 965 2814 1008 ac
2837 952 3197 1022 providentia.
3221 951 3355 1008 mihi

1786 1037 1900 1106 ejus
1956 1037 2158 1094 famulo
2203 1049 2256 1094 et
2306 1041 2496 1096 cultori
2553 1043 2848 1108 concedite,
2887 1059 3090 1114 quaeso,
3143 1056 3202 1099 ut
3252 1046 3355 1100 hoc

1785 1145 1920 1199 opus
1951 1132 2016 1186 ad
2041 1132 2244 1186 exitum
2279 1133 2591 1202 perducam,
2635 1151 2742 1205 quo
2772 1137 2922 1206 plebs
2953 1136 3094 1192 illius
3125 1152 3241 1191 mea
3271 1138 3354 1191 al-

1784 1221 2056 1279 locutione
2077 1234 2239 1293 atque
2269 1237 2452 1294 opera,
2472 1235 2526 1280 et
2552 1227 2978 1282 admouitionum
3008 1228 3261 1283 instantia
3285 1227 3353 1284 ad

1785 1324 2086 1371 conventus
2129 1317 2390 1371 unitatem
2422 1328 2728 1375 τοιόοθιιιτ.
2763 1319 2896 1373 Nam
2934 1335 3056 1376 cum
3089 1319 3262 1384 VOblS,
3293 1327 3354 1375 ut

1785 1407 1918 1473 dixi,
1969 1422 2074 1462 una
2130 1407 2427 1478 eademque
2478 1410 2552 1464 sit
2609 1410 2762 1476 ﬁdes,
2814 1428 2918 1465 una
2974 1411 3042 1467 de
3095 1411 3353 1482 religione

1786 1510 1969 1553 nostra
2001 1499 2306 1562 sententia;
2343 1515 2574 1570 cumque
2604 1501 2738 1570 legis
2763 1513 3090 1572 przeceptum
3125 1514 3351 1573 utraque

1784 1592 1867 1647 sui
1899 1604 2052 1661 parte
2081 1605 2274 1646 omnes
2299 1594 2349 1646 in
2394 1608 2553 1646 unam
2588 1595 2893 1649 animorum
2934 1597 3350 1651 consensionem

1785 1681 2121 1752 constringat
2145 1699 2160 1746 ;
2213 1682 2355 1737 istud
2384 1685 2524 1751 quod
2565 1683 2737 1739 levem
2768 1686 2907 1740 inter
2932 1701 3024 1739 vos
3051 1687 3352 1740 contentio-

1782 1789 1904 1829 nem
1962 1776 2266 1839 excitavitd
2303 1775 2736 1844 quandoquidem
2783 1777 2845 1831 ad
2877 1776 3040 1831 totius
3073 1777 3351 1846 religionis

1781 1882 2048 1922 summam
2112 1883 2218 1922 non
2275 1867 2531 1936 pertinet,
2572 1882 2678 1922 non
2720 1877 2803 1922 est
2860 1883 2959 1922 cur
2997 1868 3161 1922 ullum
3209 1868 3350 1922 inter

1781 1974 1878 2015 vos
1933 1959 2217 2014 discidium
2283 1975 2347 2014 ac
2392 1961 2709 2016 seditionem
2776 1961 2957 2014 iaciat.
3012 1961 3191 2031 Atque
3236 1961 3352 2016 hinc

1780 2065 1889 2104 non
1924 2065 1990 2106 eo
2021 2051 2164 2116 dico,
2191 2060 2250 2105 ut
2275 2066 2374 2106 vos
2397 2051 2466 2106 de
2502 2051 2709 2120 inepta,
2740 2060 2795 2106 et
2834 2051 3224 2122 qualiscunque
3258 2052 3352 2106 de-

1780 2157 1924 2196 mum
1969 2142 2216 2198 vocanda
2249 2152 2331 2197 est
2359 2143 2681 2212 quaestione,
2721 2145 2863 2199 idem
2899 2145 3120 2200 omnino
3149 2143 3352 2198 sentire

1777 2250 1988 2306 cogam.
2014 2234 2194 2293 Potest
2213 2237 2357 2291 enim
2385 2237 2624 2308 gravitas
2651 2246 2952 2294 conventus
2979 2237 3188 2305 integre
3211 2235 3350 2300 apud

1777 2344 1876 2386 vos
1905 2330 2239 2394 conservari,
2269 2338 2324 2385 et
2351 2345 2455 2385 una
2481 2330 2780 2400 eademque
2807 2331 2948 2386 inter
2975 2344 3164 2386 omnes
3186 2327 3350 2400 477

1777 2421 2088 2476 communio
2117 2421 2363 2486 retineri,
2399 2420 2647 2490 quamvis
2692 2421 2923 2475 invicem
2969 2424 3035 2475 de
3068 2436 3125 2475 re
3170 2421 3350 2488 aliqua

1777 2512 1984 2569 minimi
2013 2516 2272 2569 momenti
2308 2512 2663 2570 dissentiatis.
2717 2513 2996 2584 Siquidem
3053 2525 3154 2567 nec
3204 2511 3344 2565 idem

1776 2620 1964 2661 omnes
1996 2605 2243 2661 volumus
2291 2606 2346 2660 in
2397 2607 2670 2672 omnibus,
2730 2619 2829 2660 nec
2855 2619 2960 2658 una
2991 2603 3233 2658 omnium
3267 2593 3350 2654 in-

1775 2698 1923 2754 doles
1951 2707 2034 2754 est
2065 2707 2229 2770 atque
2262 2701 2552 2756 sententia.
2604 2699 2791 2768 Itaque
2824 2699 2890 2755 de
2917 2698 3094 2753 divina
3131 2695 3348 2765 quidem

1775 2789 2122 2847 Providentia
2150 2806 2253 2845 una
2279 2791 2421 2847 inter
2449 2806 2546 2846 vos
2574 2791 2645 2846 sit
2672 2790 2824 2855 ﬁdes,
2847 2805 2988 2845 unus
3018 2789 3346 2855 intellectus,

1777 2898 1882 2938 una
1914 2883 1980 2940 de
2010 2883 2118 2938 Deo
2151 2884 2456 2939 consensio.
2484 2883 2615 2950 Quae
2647 2897 2780 2938 vero
2815 2883 2879 2938 de
2910 2881 3199 2937 levissimis
3224 2880 3342 2934 istis

1777 2974 2168 3044 quaestionibus
2213 2977 2356 3030 inter
2386 2990 2483 3030 vos
2522 2973 2790 3029 subtiliter
2840 2972 3125 3041 disputatis
3150 3012 3165 3038 ,
3219 2973 3346 3027 licet

1781 3081 1884 3120 non
1907 3065 1961 3120 in
1978 3066 2226 3122 eamdem
2249 3069 2453 3122 coeatis
2477 3067 2829 3128 sententiam,
2863 3066 3121 3119 interiore
3151 3065 3347 3118 mentis

1780 3158 2108 3230 cegitatione
2143 3158 2422 3212 continere
2470 3169 2524 3212 et
2560 3171 2762 3210 arcano
2787 3155 3022 3224 pectoris
3049 3155 3346 3210 recondere

1781 3249 2004 3304 debetis.
2047 3247 2261 3302 Maneat
2297 3245 2450 3300 ﬁrma
2491 3246 2542 3300 in
2581 3245 2731 3300 vobis
2766 3247 3067 3300 communis
3093 3245 3346 3300 amicitiae

1779 3337 2154 3408 praerogativa,
2184 3341 2239 3392 et
2283 3336 2530 3391 veritatis
2567 3337 2718 3402 lides,
2756 3345 2812 3390 et
2853 3336 2945 3391 Dei
2973 3337 3215 3406 legisque
3239 3337 3342 3388 ob-

1779 3429 2070 3483 servantia.
2123 3428 2406 3485 Recurrite
2461 3429 2527 3482 ad
2595 3437 2834 3482 mutuam
2892 3429 3235 3483 dilectionem
3291 3435 3345 3479 et

1775 3521 2092 3575 charitatem
2115 3537 2130 3587 ;
2157 3519 2364 3575 reddite
2386 3520 2640 3577 universo
2667 3521 2860 3591 populo
2883 3535 3007 3576 suos
3038 3523 3341 3590 amplexus.

1775 3609 1996 3667 Vosmet
2025 3613 2467 3683 ipsi,expurgatis
2498 3623 2556 3668 ut
2576 3614 2650 3668 ita
2679 3616 2853 3669 dicam
2882 3614 3077 3668 animis
3119 3612 3339 3677 vestris,

1774 3719 1868 3759 vos
1894 3703 2131 3758 vicissim
2171 3704 2466 3774 agnoscite.
2523 3704 2675 3776 Saepe
2712 3708 2852 3762 enim
2899 3715 3015 3776 post
3075 3704 3344 3774 depositas

1774 3795 2084 3850 inimicitias
2138 3795 2484 3850 reconciliata
2549 3799 2743 3851 iterum
2797 3797 2998 3868 gratia,
3046 3795 3344 3865 jucundior
3441 3807 3444 3811 ‘

1767 3888 1983 3943 exsistit
2029 3887 2288 3943 amicitia.
2322 3906 2340 3939 ι

1845 4115 1956 4184 (ll)
2003 4117 2211 4182 Ψυχὰς
2242 4115 2700 4185 ἐκκαθήραντες,
2736 4115 2785 4170 id
2818 4126 2928 4178 est,
2969 4115 3173 4168 detersa
3213 4114 3341 4167 cali.

1772 4203 1890 4254 gme
1921 4186 2270 4247 simultatum,
2304 4203 2408 4255 qua
2462 4188 2647 4240 mentis
2697 4194 2882 4240 vestra:
2930 4185 3082 4255 acies_
3103 4192 3218 4237 erat
3249 4187 3340 4237 ob-

1772 4252 1929 4310 ducta
1953 4267 2109 4322 atque
2137 4252 2435 4310 obscurata.
2466 4256 2722 4326 Sequitur
2756 4258 2896 4308 enim
2933 4252 3196 4326 ἀλλήλους
3226 4255 3340 4326 επί-

1772 4343 1966 4394 γνωτε,
1998 4326 2048 4380 id
2077 4335 2192 4386 est,
2237 4342 2320 4380 vos
2368 4325 2595 4380 vicissim
2623 4327 2906 4389 agnoscite,
2939 4325 3335 4394 amplectimini,

1773 4393 2021 4450 salutate.
2057 4395 2262 4463 Quibus
2297 4397 2477 4449 verbis
2531 4396 2767 4450 alludere
2808 4395 3022 4448 videtur
3072 4393 3338 4447 Constan-

1767 4466 1910 4520 tinus
1938 4467 2007 4520 ad
2035 4481 2237 4520 morem
2278 4466 2708 4520 Christianorum
2743 4464 2824 4518 sui
2864 4463 3124 4530 temporis
3148 4500 3162 4524 ,
3194 4467 3336 4530 apud

1763 4551 1897 4605 quos
1929 4537 1980 4590 in
2021 4537 2195 4590 sacris
2244 4537 2624 4598 conventibus,
2662 4535 2788 4588 dum
2825 4532 3053 4603 pupulus
3095 4531 3160 4584 ad
3212 4548 3336 4605 per~

1763 4602 2064 4676 ceptionem
2093 4605 2471 4676 mysteriorum
2503 4606 2809 4676 accederet,
2840 4602 3100 4676 diaconus
3138 4602 3336 4676 saepius

1765 4671 2117 4732 inclamabat:
2138 4671 2592 4746 Ἐπιγιγνώσκετε
2607 4674 2884 4746 ἀλλήλους,
2901 4687 2964 4726 ne
2989 4672 3110 4746 quis
3129 4671 3338 4728 scilicet

1762 4745 2020 4816 profanus
2045 4755 2136 4800 aut
2165 4741 2380 4800 Jtidieus
2407 4746 2474 4797 ad
2506 4741 2738 4801 sacram
2762 4758 2999 4816 mensam
3035 4741 3334 4816 irreperet,

1764 4812 1820 4868 ut
1850 4816 2010 4870 docet
2049 4816 2470 4886 Chrysostmnus
2511 4817 2564 4870 in
2601 4816 2852 4886 oratione
2904 4812 3091 4886 prima
3133 4812 3336 4864 Contra

1761 4886 2000 4950 Judmos,
2038 4881 2476 4956 p:tg.'440,rtomi
2515 4887 2693 4954 primi.
2747 4881 3150 4956 Eodeunverbo
3190 4895 3331 4956 usus

1761 4967 1843 5030 est
1857 4951 2091 5030 Marcion
2109 4951 2227 5030 cum
2249 4951 2601 5030 Polycarpuni
2620 4952 2909 5030 aliquando
2925 4951 3172 5030 vidisset,
3190 4951 3337 5030 Ἑπι-

1761 5025 1993 5096 γίνωσκε
2035 5028 2201 5096 ήμᾶς,
2231 5037 2289 5080 ιιι
2313 5021 2378 5080 εἰς
2420 5021 2620 5079 Irenzeo
2653 5025 2818 5096 refert
2851 5021 3114 5074 Eusebius
3149 5023 3202 5074 in
3235 5021 3310 5077 lib

1761 5112 1815 5148 IV
1849 5095 2123 5151 Ηὶειοτὶάξ.
2159 5096 2336 5151 Latini
2393 5111 2606 5164 quoque
2657 5095 2918 5164 verbuni_
2958 5100 3324 5164 recognoscere

1765 5176 2123 5248 usurpantneo
2155 5183 2340 5222 sensu.
2372 5160 2550 5248 Sicin
2587 5165 2837 5232 passione
2871 5160 3165 5248 frugtuosi
3215 5162 3334 5231 epi-

1761 5231 1914 5306 scopi
1938 5255 1950 5290 :
1986 5255 2004 5288 ι
2033 5235 2164 5291 Cum
2197 5254 2255 5292 se
2282 5231 2913 5306 excalciasset,_accessit
2936 5231 3002 5283 ad
3034 5246 3335 5306 eum__c0m-

1763 5301 1932 5360 milito
1961 5306 2131 5360 frater
2164 5318 2349 5361 noster
2399 5306 2613 5358 nomine
2651 5303 2826 5365 Felix,
2862 5301 3331 5370 apprelieuditqne

1761 5378 2004 5431 dextram
2058 5377 2194 5444 ejus,
2235 5390 2625 5447 recognoscens
2659 5391 2806 5439 cum,
2837 5383 2888 5427 et
2920 5377 3222 5440 deprecans
3275 5379 3334 5426 ut

1760 5450 1841 5500 sui
1880 5461 2089 5501 memor
2117 5458 2280 5504 esset.
2315 5467 2332 5498 ι

1834 5515 2126 5588 (l2)Vulg.
2155 5518 2263 5586 τῆς
2293 5517 2510 5586 ἔχθρας
2529 5517 2838 5588 ὑπόθεσιν.
2865 5509 3225 5588 Scribendum
3247 5519 3334 5565 est

1759 5581 2037 5654 ἀπόθεσιν,
2067 5581 2125 5642 υἷι
2157 5581 2361 5658 legitur
2383 5581 2520 5656 apud
2545 5587 2815 5641 Gelasium
2849 5581 3332 5658 et_N_icepltot_‘um.

1763 5665 1935 5726 Atque
1980 5650 2052 5713 ita
2099 5650 2252 5727 plane
2283 5650 2541 5724 scriptum
2595 5659 2849 5713 exhibent
2889 5650 3024 5706 Fuk.
3066 5652 3227 5708 codd.
3277 5661 3336 5707 et

1762 5730 1926 5784 Savil.
1957 5741 2008 5786 et
2035 5731 2247 5784 scltcdw
2282 5730 2477 5796 Regius.
