3864 6478
407 310 537 364 ιοὸι

405 425 520 500 XII.
565 426 901 500 Constantini
937 434 1008 484 ad
1038 436 1291 500 synodum
1323 431 1491 484 oratio
1519 433 1582 483 de
1616 448 1762 496 pace.

406 497 541 552 XIII.
581 498 855 564 Quomodo
882 497 1141 568 episcopos
1194 506 1326 555 inter
1351 517 1406 554 se
1432 511 1689 554 certantes
1734 500 1803 553 ad
1847 517 1972 553 con-

477 571 711 624 cordiam
757 575 1026 625 revocarit.

410 637 548 708 XIV.
576 637 813 708 ,Concors
848 639 1044 708 Synotli
1080 641 1332 693 sententia
1358 641 1421 694 de
1450 640 1555 707 ﬁde
1585 650 1633 693 et
1659 642 1722 694 de
1745 639 1971 694 Pascha.

409 706 525 761 XV.
549 707 818 781 Quomodo
851 706 1228 764 Constantinus
1256 706 1606 765 viceunalibus
1652 715 1761 766 suis
1786 713 1976 781 episco-

481 794 570 836 pos
599 781 832 832 convivio
859 785 1132 845 exceperit.

411 846 550 900 XVI.
577 847 823 928 .Mnttera
870 850 1122 918 episcopis
1145 851 1364 916 donata,
1392 860 1441 904 et
1482 853 1672 904 titterte
1707 853 1775 904 ad
1800 867 1974 906 omnes

483 928 712 985 scriptis.

414 986 570 1106 XVIII.
606 987 837 1056 Epistola
883 988 1211 1044 Constantini
1254 993 1321 1044 ad
1365 988 1629 1046 Ecclesias
1669 993 1734 1045 de
1777 993 1976 1062 synodo

543 1074 724 1106 ica’na.

543 1074 724 1112 tca’no.

420 1124 599 1180 XVIII.
654 1126 728 1181 De
775 1147 1025 1201 consensu
1058 1135 1114 1186 in
1149 1131 1493 1186 celebratione
1531 1133 1649 1201 [esti
1695 1131 1974 1200 paschalis,

484 1206 530 1247 et
562 1209 742 1250 contra
758 1200 992 1254 .Iudazos.

417 1262 556 1318 XIX.
599 1266 844 1339 llortatio
875 1284 928 1324 ut
955 1275 1237 1325 maximam
1293 1285 1490 1339 partem
1543 1273 1680 1324 orbis
1720 1283 1978 1325 terrarum

487 1337 629 1406 sequi
668 1340 841 1394 velint.

554 1403 809 1480 illortatio
841 1421 894 1463 ut
925 1428 1101 1464 omnes
1131 1413 1346 1464 decretis
1391 1414 1575 1480 synodi
1605 1412 1976 1464 assentiuntur.

422 1473 561 1527 XXI.
595 1475 864 1544 Episcopis
891 1484 1197 1534 discessuris
1241 1473 1515 1536 consilium
1546 1484 1636 1534 dat
1680 1494 1733 1534 ut
1765 1497 1982 1534 concor-

489 1545 631 1596 diam
659 1561 880 1604 servent.

418 1614 580 1669 XXII.
618 1617 889 1680 Quomodo
918 1621 1049 1673 alios
1088 1623 1295 1687 quidem
1345 1623 1580 1674 hortatus
1633 1622 1721 1687 sit,
1755 1621 1822 1674 ad
1852 1619 1982 1673 alios

490 1697 661 1739 autent
684 1690 951 1753 scripserit
975 1706 994 1752 ;
1025 1699 1074 1742 et
1105 1693 1168 1742 de
1191 1694 1527 1754 pecuniarum
1553 1693 1825 1745 divisione.

420 1754 606 1809 XXIII.
636 1755 908 1819 Quomodo
951 1761 1020 1840 ad
1051 1760 1326 1830 .Egyptios
1355 1763 1641 1830 scripserit,
1696 1777 1878 1830 eosque
1915 1761 1981 1812 ad
2017 1789 2058 1845 Β
2157 1757 2210 1809 in
2244 1754 2498 1840 fontibus.

492 1841 668 1880 vacem
700 1826 937 1880 hortatus
959 1840 1050 1880 sit.
2090 1825 2150 1880 L.
2189 1826 2263 1879 De
2285 1827 2498 1880 ecclesttt

492 1841 668 1889 pacem
700 1826 937 1882 hortatus
959 1831 1050 1881 sit.

421 1891 607 1947 XXIV.
647 1896 919 1959 Quomodo
957 1899 1209 1967 episcOpis
1249 1908 1297 1953 et
1329 1901 1560 1967 plebibus
1591 1900 1862 1970 religiosas
1897 1900 1984 1953 lit-

493 1974 631 2018 teras
667 1970 856 2032 sa'pius
887 1971 1114 2032 scripsit.

422 2034 590 2088 XXV.
638 2035 908 2110 Quomodo
957 2034 1339 2110 Hierosolymis
1379 2042 1433 2092 in
1477 2049 1655 2093 sancto
1700 2041 1985 2095 Dominicaz

493 2108 887 2177 resurrectionis
916 2109 1029 2162 loco
1061 2108 1305 2176 templum
1339 2111 1534 2163 exstrui
1565 2114 1826 2177 pra’cepit.

425 2172 620 2246 XXVI.
651 2173 921 2246 Quomodo
963 2179 1107 2246 impii
1144 2172 1434 2245 sepulcrum
1468 2172 1672 2232 Domini
1715 2172 1985 2234 ruderibus

495 2253 544 2316 et
575 2243 873 2316 simulacris
901 2243 1233 2316 superpositis
1261 2252 1581 2305 obtexerant.
1820 2269 1831 2281 ·

427 2311 636 2368 XXVII.
687 2311 973 2374 Quomodo
1017 2311 1394 2372 Constantinus
1458 2319 1663 2372 delubri
1710 2319 1985 2372 materiam

391 2429 403 2438 .
425 2385 789 2457 ___t_t¢_:___rudera
830 2386 1129 2457 longissime
1163 2391 1348 2457 projici
1381 2389 1668 2442 mandavit.
1741 2411 1758 2426 ο

425 2450 1058 2526 XXVIII._Manifestatio
1088 2450 1400 2511 sanctissimi
1421 2460 1667 2526 sepulcri.

430 2521 619 2578 XXIX.
649 2521 921 2594 Quomodo
944 2528 1005 2580 de
1038 2531 1384 2581 construenda
1406 2521 1618 2582 ecclesia
1640 2528 1711 2580 ad
1738 2528 1985 2594 presides

498 2603 544 2663 et
561 2594 642 2663 ad
671 2592 967 2648 Macarium
1009 2598 1301 2663 episcopum
1339 2598 1540 2651 litteras
1573 2601 1738 2651 dedit.

434 2661 600 2715 XXX.
633 2663 968 2717 Constantini
1011 2661 1076 2717 ad
1111 2661 1405 2720 Macarium
1450 2669 1667 2732 epistola
1713 2671 1776 2720 de
1850 2669 1981 2722 tcdi-
2032 2662 2034 2664 ⁷

501 2732 746 2805 ﬁcatione
781 2732 1028 2805 Martyrii
1075 2735 1370 2790 Servatoris
1400 2740 1583 2791 nostri.

432 2801 626 2856 XXXI.
660 2802 812 2865 Quod
851 2801 984 2857 hanc
1014 2810 1173 2858 cedem
1200 2810 1464 2873 moenium,
1514 2808 1896 2873 columnarum,
1941 2818 1990 2862 et

500 2887 821 2988 mqrmorum
880 2885 1143 2928 venustate
1187 2889 1399 2932 cwteras
1448 2879 1689 2932 ecclesias
1744 2895 1989 2947 superare

502 2956 560 2988 1‘0
587 2952 740 2988 υριοιι.

502 2952 740 2992 ιόιηεηι.

435 3007 650 3062 XXXII.
688 3007 759 3062 Ut
785 3011 848 3064 de
883 3013 1268 3084 pulchritudine
1296 3019 1504 3084 concha:
1529 3026 1578 3071 et
1606 3020 1669 3071 de
1705 3017 1990 3084 artiﬁcibus

502 3094 572 3154 ac
589 3084 666 3154 de
690 3084 914 3154 materia
953 3080 1218 3154 .Ilacarius
1243 3083 1314 3135 ad
1333 3087 1582 3154 prarsides
1612 3080 1829 3138 scribat.

437 3146 950 3225 XXXIII.Quomodo
973 3150 1208 3205 Ecclesia
1223 3146 1518 3225 §ervatoris
1535 3167 1796 3210 exstructa
1817 3156 1996 3225 fuerit,

501 3235 660 3294 quam
690 3223 953 3294 propheta;
991 3238 1175 3294 novam
1213 3222 1548 3280 Hierusalem
1584 3222 1988 3292 appellaverant.

690 3286 982 3364 Descriptio
1008 3293 1218 3360 a’dtﬁcii
1243 3298 1410 3349 sancti
1431 3286 1674 3364 sepulcri.

681 3353 973 3434 Descriptio
996 3353 1121 3416 atrii
1146 3375 1192 3416 et
1217 3353 1530 3430 porticuum.

439 3426 675 3482 XXXVI.
707 3426 1023 3509 Descriptio
1068 3426 1325 3509 parietum
1375 3439 1594 3509 tectique
1620 3476 1636 3502 ,
1690 3448 1737 3491 et
1777 3449 1990 3491 ornatus

468 3509 679 3572 __at_qu_e_
700 3501 1050 3572 inaurationis
1102 3505 1264 3570 ipsius
1288 3501 1535 3560 basilicai.

442 3563 705 3647 XXXVII.
737 3568 1024 3638 Descriptio
1062 3563 1388 3647 geminorum
1408 3577 1648 3647 utrinque
1675 3578 1990 3646 porticuum,

509 3649 575 3706 et_
597 3646 756 3706 trium
783 3651 1054 3706 portarum
1093 3646 1447 3700 orientalium.

441 3703 724 3781 XXXVIII.
763 3703 1054 3776 Descriptio
1095 3713 1466 3781 hemisphterii,
1508 3729 1552 3770 et
1586 3719 1857 3772 duodecim
1907 3735 1996 3771 co-

507 3775 804 3830 s'umnarum
833 3775 953 3833 cum
971 3775 1282 3838 crateribus'.

441 3915 586 3926 ——-—

591 3921 753 3931 ——.._.

760 3923 968 3932 .—._———-

971 3923 1194 3931 ———

1110 310 1372 366 EUSEBII
1410 309 1875 365 CxES:\RIENSIS
1913 308 1985 365 0P

2101 311 2277 367 psus
2309 275 2349 368 ιζ
2387 345 2453 355 -
2490 312 2876 369 HISTORICA.

3499 317 3519 369 I
3531 316 3626 371 052

2005 435 2045 489 Α
2077 427 2314 485 XXXIX.
2369 429 2663 498 Descriptio
2711 432 2860 494 atrii,
2923 430 3265 484 exhedrarum
3314 439 3362 484 et
3411 432 3658 486 vestitis--

2142 503 2332 554 lorum.

2073 567 2185 623 XL.
2211 570 2286 623 De
2305 586 2516 624 numero
2533 571 2753 625 donaria
2766 587 2904 625 rum.

2075 637 2209 693 XLI.
2253 639 2326 694 De
2344 640 2705 713 testiﬁcatione
2729 642 2958 696 ecclesia:
2983 638 3469 713 apudﬁethlehem,
3496 651 3541 694 et
3578 643 3626 696 in

2144 720 2314 762 monte
2331 708 2622 764 Oliuarum.

2075 777 2234 851 48],
2283 779 2442 851 XLII.
2483 778 2752 844 Quomodo
2790 779 2990 834 Helena
3038 782 3270 850 Augusta
3307 779 3629 834 Constantini

2145 857 2312 982 nigt’eir
2323 849 2617 932 Bethlehem
2642 851 2824 905 orandi
2841 867 2999 904 causa
3013 849 3269 922 profecta,
3292 851 3388 905 has
3403 852 3626 904 ecclesias

2147 935 2191 972 te
2232 935 2245 969 ι
2290 929 2442 973 cavit.

2147 921 2442 973 (ediﬁcavit.

2084 987 2262 1041 XLIII.
2307 988 2508 1043 Rursus
2547 991 2609 1042 de
2640 991 2856 1044 ecclesia
2885 990 3325 1045 Bethlehemitica.

2291 1060 2365 1129 De
2390 1060 2742 1129 magnitudine
2775 1063 2940 1113 animi
2971 1071 3017 1112 et
3040 1061 3378 1129 beneficentia
3409 1055 3628 1110 Helenae.

2083 1127 2239 1200 XLV.
2267 1128 2538 1194 Quomodo
2576 1127 2773 1183 Helena
2813 1131 2867 1183 in
2908 1131 3138 1184 ecclesiis
3167 1127 3630 1200 religiosepersata

2147 1209 2234 1250 σπι.

2082 1265 2263 1387 Χιᾶνι.
2298 1266 2572 1348 Quomodo
2599 1269 2950 1338 octogenario,
2970 1277 3278 1338 testamento
3313 1268 3507 1338 facto,e
3537 1270 3628 1321 vita

2187 1346 2385 1387 ecesstt.

2187 1339 2385 1391 ecessit.

2081 1405 2287 1460 XLVII.
2363 1407 2631 1472 Quomodo
2691 1408 3062 1463 Constantinus
3115 1416 3338 1462 matrem
3384 1407 3626 1473 deposuit,

2151 1487 2198 1530 et
2229 1478 2456 1545 qualiter
2480 1479 2626 1530 illam
2661 1481 2818 1532 coluit
2856 1481 2979 1531 dum
3016 1480 3226 1534 viveret.

2083 1545 2314 1601 XLVIII.
2369 1547 2640 1613 Quomodo
2702 1547 3152 1613 Constantinopoli
3219 1547 3472 1616 martyria
3519 1564 3630 1600 con-

2156 1619 2368 1674 struxit.
2403 1634 2702 1686 omnemque
2733 1618 2993 1672 idolorum
3024 1620 3221 1670 cultum
3247 1617 3488 1670 abolevit.

2087 1685 2272 1741 XLIX.
2316 1686 2532 1755 Signum
2569 1685 2736 1743 crucis
2779 1691 2836 1741 in
2864 1688 3086 1755 palatio,
3121 1698 3170 1741 et
3217 1688 3392 1756 imago
3418 1686 3628 1740 Danielis

2189 1826 2263 1897 De
2285 1827 2513 1880 ecclesiis
2539 1846 2668 1897 quas
2710 1827 3035 1883 Nicomedia:
3065 1834 3115 1880 et
3145 1828 3272 1880 alibi
3302 1827 3567 1881 exstruxit.

2088 1894 2172 1948 LI.
2211 1896 2363 1960 Quod
2387 1898 2443 1948 in
2483 1894 2714 1951 Humbre
2736 1897 3010 1952 ecclesiam
3033 1898 3333 1965 mdiﬁcavit.

2090 1965 2196 2018 LII.
2227 1965 2797 2035 Constantiui'epistola
2829 1968 2897 2020 ad
2926 1965 3208 2020 Eusebium
3237 1968 3302 2020 de
3328 1966 3569 2020 Mambre.

2089 2035 2218 2088 LIII.
2245 2035 2397 2099 Quod
2431 2036 2678 2092 Servator
2704 2048 2879 2092 noster
2908 2037 3096 2089 ibidem
3137 2039 3280 2090 visus
3300 2047 3376 2090 est
3406 2037 3626 2090 Abrahae.

2089 2104 2222 2159 LIV.
2245 2103 2400 2160 Fana
2439 2116 2489 2160 et
2522 2108 2804 2160 simulacra
2837 2108 3023 2174 ubique
3060 2107 3256 2158 diruta.

2090 2174 2199 2228 LV.
2234 2174 2312 2228 De
2352 2176 2568 2230 basilica
2597 2188 2860 2230 exstructa
2889 2179 3032 2236 apud
3063 2176 3416 2231 Antiochiam.

2093 2245 2220 2298 LVI.
2264 2244 2476 2301 Eversio
2509 2247 2621 2316 fani
2651 2252 2791 2316 apud
2827 2247 3040 2314 Aphaca
3073 2248 3129 2298 in
3173 2245 3436 2313 Phoenice,
3481 2259 3522 2302 et
3547 2248 3629 2300 im-

2159 2316 2428 2382 pudicitia:
2467 2318 2701 2372 abolitio.

2090 2383 2244 2456 LVII.
2282 2383 2575 2456 Destructio
2605 2389 2780 2454 templi
2809 2383 3111 2451 Esculapii
3151 2385 3330 2456 zEgis.

2090 2453 2267 2512 LVIII.
2294 2454 2568 2520 Quomodo
2601 2453 2840 2528 gentiles,
2860 2456 3126 2511 damnatis
3157 2453 3628 2528 simulacris,Deum

2160 2537 2498 2591 agnoverunt.

2090 2593 2223 2649 LIX.
2265 2594 2538 2660 Quomodo
2582 2597 2718 2665 apud
2767 2595 3081 2662 HeliOpolim
3137 2599 3401 2652 destructo
3442 2596 3627 2651 Veneris

2164 2666 2306 2730 fano,
2345 2669 2540 2726 primus
2570 2669 2839 2720 ecclesiam
2871 2667 3185 2720 construxit.

2093 2733 2204 2788 LX.
2231 2735 2307 2789 De
2337 2738 2565 2790 tumultu
2602 2737 2896 2791 Antiochia:
2918 2747 3131 2805 prapter
3157 2735 3488 2792 Eustathium
3511 2737 3628 2794 ρειὶι

2162 2815 2291 2858 tato.

2093 2873 2227 2928 LXI.
2267 2874 2598 2930 Constantini
2635 2878 2856 2941 epistola
2889 2882 2957 2932 ad
2996 2879 3366 2938 Antiochenos.
3402 2894 3461 2931 ne
3488 2875 3626 2930 Euse-

2163 2946 2301 2998 bium
2341 2946 2582 3000 Ca'sarea
2623 2951 3000 3015 abstruherent,
3049 2953 3138 3004 sed
3193 2961 3244 3001 ut
3291 2948 3454 3002 alium
3502 2957 3624 3015 qua:-

2167 3027 2357 3071 rerent.

2093 3083 2624 3160 LXII._lm_perato_ris
2667 3088 2734 3140 ad
2775 3105 2867 3142 nos
2897 3091 3121 3158 epistola
3173 3098 3290 3160 post
3322 3088 3623 3155 repudiatum

2167 3155 2454 3224 Antiochia:
2479 3157 2849 3224 episcopatum.

2094 3223 2276 3302 LXIII.
2307 3223 2642 3302 Constantini
2670 3229 2889 3295 epistola
2915 3231 2984 3283 ad
3007 3234 3288 3302 synodum,
3314 3245 3375 3284 ne
3399 3225 3614 3282 Eusebius

2163 3294 2406 3348 Ca'sarea
2436 3294 2794 3350 abstrahatur.
2952 3337 2954 3340 μ

2093 3363 2274 3418 LXIV.
2303 3366 2572 3430 Quomodo
2595 3368 2813 3422 haereses
2848 3372 3148 3426 exscindere
3169 3371 3444 3425 studuerit.

2092 3435 2252 3488 LXV.
2282 3436 2608 3490 Constantini
2649 3441 2954 3494 constitutio
2985 3443 3233 3495 adversus
3265 3443 3537 3494 hcereticos.

2091 3503 2272 3559 LXVI.
2311 3505 2387 3558 De
2420 3506 2656 3560 tollendis
2698 3513 3070 3564 conventiculis
3105 3516 3480 3566 nccreticorum.

2093 3573 2300 3629 LXVII.
2341 3574 2611 3639 Quomodo
2650 3583 2868 3644 nefariis
2915 3582 3063 3634 libris
3101 3585 3240 3647 apud
3278 3584 3618 3647 hatreticosje-

2090 3647 2287 3766 pertlis,
2312 3649 2526 3714 plurimi
2568 3643 2746 3700 eorum
2799 3651 2867 3704 ad
2907 3643 3222 3705 catholicam
3270 3651 3498 3704 redierint
3537 3643 3621 3697 Ec—

2167 3733 2192 3766 c
2217 3731 2398 3766 esmm.

2167 3731 2398 3768 etestam.

2467 3939 2824 3948 ———————_—

1081 4064 1800 4182 ΕΥΣΕΒΙΟΥ
1853 4066 2149 4184 ΤΟΥ
2207 4065 3021 4187 ΠΑΜΦΙΛΟΥ

957 4263 1066 4316 ΕΙΣ
1104 4264 1238 4318 TON
1277 4265 1435 4319 BION
1474 4267 1608 4321 ΤΟΥ
1646 4269 2008 4323 ΜΑΚΑΡΙΟΥ
2044 4271 2580 4325 ΚΩΝΣΤΑΝΤΙΝΟΥ
2615 4273 2748 4326 ΤΟΥ
2786 4272 3112 4326 ΒΑΣΙΛΕΩΣ

1789 4433 2151 4519 ΛΟΓΟΣ
2186 4427 2290 4520 Γ.

1396 4716 1952 4832 EUSEBII
2035 4719 2715 4832 PAMPHILI

1170 4944 1257 5000 DE
1295 4944 1457 5000 VITA
1496 4947 1883 5004 BEATISSIMI
1920 4947 2388 5005 IMPERATORIS
2429 4943 2890 5004 CONSTANTINI

1578 5107 1932 5194 LIBER
1985 5107 2542 5196 TERTIUS.

948 5387 1108 5460 432
1159 5389 1385 5447 CAPUT
1439 5391 1478 5445 1.

508 5481 841 5549 Comparatio
879 5482 1086 5549 pietatis
1137 5482 1474 5536 Constantini
1505 5501 1620 5537 cum
1659 5485 1929 5554 iniquitate

1017 5565 1430 5619 persecutorum.

507 5640 617 5696 Iloc
652 5645 805 5700 modo
847 5647 1054 5699 damon
1107 5645 1369 5699 bonorum
1420 5645 1660 5699 omnium
1721 5644 1993 5709 inimicus,

442 5733 526 5808 qui
568 5731 817 5791 Ecclesiae
853 5736 1090 5792 felicitati
1122 5752 1332 5806 semper
1386 5740 1625 5797 invidere
1653 5737 1808 5805 solet,
1840 5742 1988 5807 pacis

2642 5388 3033 5442 ΚΕΦΑΛΑΙΟΝ
3066 5389 3144 5442 A'.

2108 5485 2424 5553 Σύγκρισις
2447 5482 2761 5553 εὐσεϐείας
2789 5479 3259 5553 Κωνσταντξνου,
3287 5473 3377 5530 καὶ
3404 5467 3494 5536 τῆς
3509 5460 3608 5517 τῶν

2550 5551 2808 5604 διωκτῶν
2836 5551 3218 5619 παρανομίας.
3648 5567 3654 5571 ·

2189 5644 2246 5697 '0
2275 5644 2370 5712 μὲν
2401 5643 2465 5715 δὴ
2488 5642 2776 5715 μισὸκαλος
2806 5641 3010 5712 δαίμων
3041 5633 3140 5693 ὧδὲ
3172 5655 3245 5709 πη
3272 5635 3370 5691 τοῖς
3399 5627 3480 5696 τῆς
3505 5619 3610 5672 Ἐκ⁴

2108 5739 2332 5807 κλησίας
2382 5736 2686 5807 βασκαίνων
2735 5735 2937 5801 καλοῖς,
2981 5734 3245 5806 χειμῶνας
3277 5728 3393 5796 αὐτῇ
3423 5718 3495 5773 καὶ
3523 5728 3581 5762 τι
