3864 6494
203 429 315 486 1037

684 541 1079 597 ΚΕΦΔΛΑΙΟΝ
1107 542 1182 596 1".

194 638 310 708 Περὶ
326 635 545 708 εἰκόνος
578 633 783 708 αὐτοῦ,
809 632 942 708 ἐνῇ
966 633 1326 708 ὑπερέκείτο-
1339 632 1456 703 μὲν
1479 636 1513 687 ό
1537 648 1720 688 σταυ-

396 705 520 775 ρὸς,
550 702 853 773 πέπληκτο
879 702 948 758 δὲ
973 702 1129 758 κάτω
1159 707 1192 759 ό
1219 703 1470 773 δράκων.

260 774 311 853 δέ)
329 774 418 868 μὲν
467 795 527 865 δὴ
558 795 650 849 καὶ
681 796 738 847 ὲν
777 793 993 865 γραφῆς
1032 794 1344 865 ὑψηλοτάτῳ
1393 793 1581 847 πίνακι
1612 793 1719 866 πρὸ

194 892 279 945 τῶν
307 887 577 960 βασιλικῶν
619 886 902 958 προθύρων
942 887 1301 957 ἀνακειμένῳ,
1346 889 1458 949 τοῖς
1501 886 1717 940 πάντων

192 982 447 1054 ὀφθαλμοῖς
471 980 694 1053 ὁρᾶσθαι
722 979 1020 1052 προύτίθει,
1040 979 1102 1035 τὸ
1128 979 1226 1050 μὲν
1267 978 1531 1050 σωτήριον
1559 979 1719 1051 ὑπερ-

194 1073 407 1142 κείμενον
434 1071 530 1141 τῆς
546 1069 709 1125 αὐτοῦ
734 1069 977 1141 κεφαλῆς
1003 1072 1070 1140 τῇ
1092 1071 1275 1142 γραφῇ
1303 1068 1595 1141 παραδοὺς,
1625 1070 1717 1123 τὸν

191 1164 234 1217 δὲ
252 1161 420 1234 ἐχθρὸν
444 1160 535 1214 καὶ
566 1159 818 1231 πολέμιον
848 1159 1009 1231 θῆρα,
1027 1159 1117 1213 τὸν
1140 1159 1240 1231 τήν
1281 1159 1602 1232 Ἐκκλησίαν
1620 1159 1714 1214 τοῦ

192 1252 301 1307 θεοῦ
327 1252 404 1306 διά
433 1253 529 1323 τῆς
559 1251 665 1306 τῶν
701 1250 876 1305 ἀθέων
913 1250 1345 1323 πολιορκήσαντα
1383 1251 1713 1323 τυραννίδος,

192 1345 307 1399 κατὰ
329 1344 477 1416 βυθοῦ
514 1345 809 1416 φερόμενον
844 1345 1073 1416 ποιήσας
1100 1346 1158 1399 ὲν
1188 1344 1474 1417 δράκοντος
1511 1348 1713 1417 μορφῇ.

190 1438 433 1510 Δράκοντα
465 1437 571 1508 γὰρ
608 1436 769 1490 αὐτὸν
797 1437 891 1490 καὶ
933 1435 1301 1507 σκολιὸννδφιν
1330 1437 1388 1489 ἐν
1423 1435 1715 1509 προφητῶν

189 1528 299 1584 Θεοῦ
332 1528 521 1599 βίϐλοις
553 1529 848 1600 ἀνηγόρευε
886 1526 954 1582 τά
984 1528 1156 1597 λόγια.
1197 1528 1288 1582 Διὸ
1324 1528 1419 1584 καὶ
1465 1528 1715 1600 βασιλεὺς

193 1620 273 1675 iub
302 1622 404 1684 τοῖς
428 1619 587 1675 αὑτοῦ
613 1619 834 1673 καὶτῶν
866 1619 1033 1673 αὑτοῦ
1066 1619 1217 1684 ποσὶ,
1250 1618 1391 1691 βέλει
1428 1621 1714 1693 πεπαρμέ-

193 1731 257 1767 sev
277 1713 403 1768 κατὰ
423 1713 584 1785 μέσου
606 1712 700 1766 τοῦ
724 1712 938 1777 κύτους,
962 1712 1143 1783 βυθοῖς
1168 1731 1226 1767 τε
1249 1712 1521 1785 θαλάσσης
1552 1715 1717 1787 ἀπερ-

190 1805 433 1876 ριμμένον,
478 1803 566 1858 διὰ
611 1804 708 1875 τῆς
761 1805 1058 1878 κηροχύτου
1099 1805 1318 1877 γραφῆς
1353 1806 1561 1861 ἐδείκνυ
1601 1810 1714 1873 τοῖς

1214 419 1301 475 DE
1339 418 1498 476 VITA
1531 419 1990 478 CONSTANTINI
2028 420 2138 477 LIB
2199 420 2287 478 Ill.

1750 554 1793 603 Α

3248 424 3383 479 1058

2435 541 2659 599 CAPUT
2687 541 2775 597 ΙΙΙ.

1819 635 1897 691 De
1929 636 2153 708 imagine
2173 634 2528 708 Constantini,
2554 636 2639 689 cui
2666 632 3026 708 crux_quidem
3052 631 3383 701 superposita

2234 714 2365 767 erat,
2397 705 2536 772 infra
2575 715 2748 757 autem
2776 703 2958 756 draco.

1890 798 2031 866 Quin
2053 797 2298 854 etiamin
2324 795 2540 851 sublimi
2573 797 2804 866 quadam
2837 793 3018 848 tabula
3050 791 3382 864 antegvesti-

1821 891 2002 945 bulum
2032 889 2220 960 palatii
2254 889 2452 958 posita,
2505 886 2717 942 cunctis
2770 883 3124 956 spectandum
3184 896 3384 954 propo-

1820 985 1946 1051 suit,
1981 981 2218 1038 salutare
2256 981 2473 1050 quidem
2527 977 2741 1049 signum
2788 976 2951 1047 capiti
2985 990 3085 1050 ευρ
3116 988 3382 1045 ευρετροο

1818 1074 1980 1128 situm
2014 1089 2028 1126 :
2080 1070 2224 1126 infra
2260 1084 2392 1125 vero
2426 1069 2639 1123 hostem
2674 1065 2826 1120 illum
2872 1073 2928 1120 et
2976 1064 3255 1120 inimicum
3287 1076 3382 1132 ge-

1821 1162 1966 1218 neris
2013 1160 2278 1224 humani,
2336 1159 2427 1230 qui
2487 1157 2774 1228 impiorum
2831 1168 3182 1227 tyrannorum
3218 1170 3380 1224 opera

1818 1252 2117 1311 Ecclesiam
2151 1252 2247 1307 Dei
2270 1260 2699 1323 oppugnaverat,
2726 1249 2825 1304 sub
2855 1249 3108 1304 draconis
3131 1247 3305 1304 forma
3326 1249 3380 1301 in

1815 1358 2058 1419 praeceps
2086 1352 2353 1398 ruentem.
2378 1342 2583 1411 Quippe
2606 1341 2784 1395 divina
2813 1341 3031 1397 oracula
3064 1341 3115 1396 in
3151 1341 3383 1411 prophe-

1818 1426 2198 1501 tarumlibris,
2229 1435 2518 1488 draconem
2551 1433 2697 1486 illum
2722 1440 2778 1486 et
2822 1434 3098 1487 sinuosum
3151 1448 3380 1504 serpen-
3452 1487 3461 1494 ,

1822 1536 1930 1581 tem
1965 1525 2323 1597 appellarunt.
2368 1526 2571 1580 Idcirco
2609 1526 2904 1594 imperator
2934 1525 3226 1580 draconem
3260 1523 3381 1579 telis

1817 1633 1914 1688 per
1934 1619 2168 1677 medium
2192 1626 2436 1672 ventrem
2470 1619 2762 1683 conﬁxum,
2790 1624 2844 1668 et
2865 1615 2918 1669 in
2948 1613 3245 1685 profundos
3266 1630 3382 1669 ma-

1820 1710 1896 1766 ris
1926 1710 2169 1781 gurgites
2199 1707 2525 1778 projectum,
2552 1707 2652 1764 sub
2677 1707 2792 1761 suis
2822 1720 3152 1776 suorumque
3181 1706 3381 1763 libero-

1820 1816 1937 1856 rum
1978 1801 2203 1872 pedibus
2244 1816 2372 1856 cera
2429 1802 2551 1871 igne
2591 1798 2836 1855 resoluta
2866 1797 3080 1868 depiugi
3122 1799 3380 1868 proponi-

189 1900 296 1952 πᾶσι
314 1898 396 1952 τὸν
417 1898 699 1970 δράκοντα,
724 1891 825 1954 ὧδέ
842 1917 917 1972 πη
940 1899 1030 1952 τὸν
1051 1899 1233 1971 ἀφανῆ
1254 1898 1348 1953 τοῦ
1369 1899 1477 1953 τῶν
1501 1899 1598 1954 ἀνθ
1607 1898 1712 1972 ρὼ-

1823 1909 1918 1963 que
1945 1893 2195 1949 omnibus
2224 1893 2393 1947 voluit
2412 1936 2427 1961 ,
2475 1892 2580 1949 hoc
2610 1892 2865 1949 videlicet
2898 1890 3059 1946 modo
3084 1889 3377 1960 designans

188 2004 280 2040 πων
307 1987 482 2057 γένους
523 1988 780 2060 πολέμιον
816 1988 1202 2060 αἰνιττόμενος,
1257 1989 1315 2044 ὃν
1356 1991 1451 2045 καὶ
1492 1991 1715 2063 δυνάμει

187 2080 260 2133 τοῦ
289 2081 414 2152 ὑπὲρ
448 2081 690 2152 κεφαλῆς
721 2080 1077 2153 ἀνακειμένου
1125 2083 1391 2156 σωτηρίου
1432 2084 1713 2154 τροπαίου,

188 2172 305 2226 κατὰ
343 2171 509 2243 βυθῶν
543 2172 819 2238 ἀπωλείας
865 2173 1237 2246 κεχωρηκέναι
1286 2175 1493 2247 ἐδήλου.
1559 2174 1717 2229 Ἀλλά

185 2262 326 2318 ταῦτα
351 2264 441 2334 μὲν
466 2264 614 2318 άνθει
644 2264 948 2336 χρωμάτων
973 2267 1213 2337 ᾐνίττετο
1234 2266 1320 2320 διὰ
1346 2267 1447 2337 τῆς
1474 2267 1678 2332 εἰκόνος
1696 2285 1711 2299 ο

188 2354 267 2424 ἐμὲ
304 2354 356 2408 δὲ
404 2354 582 2427 θαῦμα
622 2355 725 2425 τῆς
764 2355 859 2409 τοῦ
908 2355 1174 2426 βασιλέως
1215 2360 1435 2427 κατεῖχε
1480 2356 1714 2429 μεγαλο-

190 2445 326 2511 νοίας,
352 2445 421 2510 ὡς
445 2446 741 2517 ὲμπνεύσει
763 2446 882 2519 θείᾳ
903 2446 1075 2503 ταῦτα
1099 2447 1373 2513 διετύπου,
1397 2448 1434 2503 ἃ
1455 2449 1519 2521 δή
1541 2448 1715 2519 φωναὶ¹

188 2537 438 2608 προφητῶν
457 2531 559 2592 ὧδέ
597 2555 704 2592 που
729 2537 856 2610 περί⁸
880 2537 1032 2592 τοῦδε
1063 2538 1158 2592 τοῦ
1187 2538 1350 2610 θηρὸς
1379 2537 1566 2602 ὲϐόων,
1615 2539 1716 2593 ἑπ-

186 2627 303 2692 ἂξειν
351 2629 435 2683 τὸν
463 2629 615 2699 Θεὸν,
657 2630 932 2699 λέγουσαι,
968 2630 1068 2702 τὴν
1115 2630 1387 2702 μάχαιραν
1417 2631 1513 2702 τὴν
1544 2629 1714 2702 μεγά-

187 2715 264 2787 λην
286 2720 369 2772 καὶ
391 2719 643 2792 φοϐεράν,
666 2721 759 2774 ἐπὶ
782 2720 872 2773 τὸν
898 2721 1163 2792 δράκοντα
1201 2721 1292 2774 τὸν
1316 2720 1437 2791 ὅφιν
1468 2721 1559 2775 τὸν
1586 2721 1714 2793 φεύ-

186 2826 335 2877 γοντα,
364 2812 453 2865 καὶ
473 2812 682 2866 ἀνελεῖν
713 2811 802 2867 τὸν
829 2813 1095 2884 δράκοντα
1127 2812 1218 2867 τὸν
1263 2815 1320 2867 ὲν
1343 2816 1409 2885 τῇ
1450 2812 1709 2887 θαλάσσῃ.

188 2898 375 2967 Εἰκόνας
403 2903 463 2976 δὴ
498 2904 707 2959 τούτων
737 2903 986 2958 διετύπου
1020 2903 1293 2974 βασιλεὺς,
1319 2903 1535 2976 ἀληθῶς
1567 2906 1710 2961 ἐντι-

189 2989 275 3055 θεὶς
301 2994 575 3066 μιμήματα
606 2997 676 3068 τῇ
706 2992 1064 3068 σκιαγραφίᾳ.

677 3265 1071 3320 ΚΕΦΑΛΔΙΟΝ
1095 3266 1169 3319 Δν.
1732 3226 1776 3285 θ

188 3352 282 3408 Ἔτι
304 3357 426 3426 περὶ
446 3357 562 3413 τῶν
583 3357 685 3412 διὰ
724 3347 952 3428 Ἄρειον
970 3358 1041 3412 ἐν
1058 3358 1334 3428 Αἰγύπτῳ
1351 3354 1710 3426 ζητημάτων.

239 3446 399 3502 Ταῦτα
431 3450 528 3520 μὲν
573 3444 669 3505 οὖν
697 3449 844 3521 αὑτῷ
882 3447 1233 3520 καταθυμίως
1261 3446 1618 3501 συνετελεῖτο·
1644 3446 1715 3501 τὰ

113 3554 119 3561 '
185 3535 228 3589 δέ
248 3555 302 3607 γε
328 3540 417 3611 τῆς
433 3541 524 3596 τοῦ
553 3541 750 3611 φθόνου
776 3540 1093 3612 βασκανίας,
1120 3538 1309 3603 δεινῶς
1330 3537 1425 3604 τὰς
1447 3537 1588 3592 κατά
1615 3537 1713 3610 τὴν

194 3628 553 3704 Ἀλεξάώρειαν
596 3634 921 3706 Ἐκκλησίας
947 3632 1041 3687 τοῦ
1074 3631 1208 3686 Θεοῦ
1255 3630 1711 3703 συνταράττοντα,

186 3721 336 3775 καὶτὸ
368 3723 615 3796 Θηϐαίων
658 3742 719 3779 τε
752 3724 846 3779 καὶ
877 3723 1190 3793 Αἰγυπτίων
1226 3720 1583 3793 σχισματικδν
1613 3737 1715 3775 κα-

185 3811 257 3901 λὸν
290 3814 409 3886 (27),
438 3818 495 3871 οὐ
525 3816 776 3901 σμικρῶς
804 3816 967 3870 αὐτὸν
991 3815 1178 3880 ἐκίνει,
1220 3811 1715 3886 προσρηγνυμένων

183 3900 279 3954 καθ’
306 3902 527 3979 ἑκάστην
553 3900 712 3961 πόλιν
736 3906 1047 3961 ἐπισκόπων
1071 3905 1413 3969 ἐπισκόποις,
1438 3904 1623 3975 δήμων
1654 3919 1716 3956 τε

184 3994 337 4066 δήμοις
356 4000 819 4072 ἐπανισταμένων,
866 4002 959 4055 καὶ
989 4000 1270 4072 μονονουχὶ
1309 3997 1716 4070 Συμπληγάδων

182 4086 269 4158 (28)
294 4094 729 4148 κατακοπτόντων
763 4092 1044 4165 ἀλλήλους,
1086 4092 1215 4147 ὥστ’
1241 4091 1341 4164 ήδη
1376 4090 1586 4163 φρενῶν
1623 4091 1719 4143 ὲκ-

185 4180 339 4236 στάσει
369 4185 493 4249 τοὺς
526 4186 987 4257 ἀπεγνωσμένους
1030 4185 1262 4249 ἀνοσίοις
1293 4185 1583 4256 ἐγχειρεῖν,
1624 4180 1718 4236 καὶ

183 4272 277 4336 ταῖς
318 4272 571 4344 βασιλέως
613 4276 821 4348 τολμᾷν
864 4275 1167 4349 ἐνυϐρίζειν
1219 4276 1456 4330 εἰκόσιν·
1501 4277 1563 4329 οὐ
1612 4274 1720 4346 μὴν

183 4358 286 4415 ὥστ’
310 4368 384 4430 είς
413 4368 585 4441 ὀργὴν
613 4367 848 4440 ἐγείρειν
875 4368 967 4422 τὸν
1005 4367 1229 4439 βασιλέα
1264 4367 1480 4439 μᾶλλον,
1509 4369 1543 4439 ἢ
1583 4368 1720 4439 πρὸς

185 4453 313 4508 πόνον
348 4458 539 4531 ψυχῆς,
584 4456 997 4532 ὐπεραλγοῦντα
1046 4458 1148 4529 τῆς
1187 4457 1295 4512 τῶν
1339 4457 1719 4531 φρενοϐλαϐῶν

183 4542 418 4612 ἀπονοίας.

682 4725 1075 4780 ΚΕΦΑΛΑΙΟΝ
1101 4728 1178 4781 E'.

387 4817 526 4886 Περὶ
550 4815 662 4885 τῆς
680 4817 779 4873 διὰ
809 4817 875 4871 τὸ
895 4818 1111 4888 Πάσχα
1130 4820 1435 4889 διχονοίας

232 4904 539 4982 Προῦπῆρχε
576 4910 622 4963 δ’
652 4909 760 4982 ἄρα
801 4910 896 4963 καὶ
928 4910 1062 4981 ἄλλη
1101 4929 1188 4974 τις
1230 4909 1432 4963 τούτων
1475 4908 1715 4982 προτέρα

182 4994 306 5060 νόσος
349 4999 734 5073 ἀργαλεωτάτη
782 5001 846 5052 ὲκ
889 4999 1101 5071 μακροῦ
1143 4998 1485 5069 διενοχλοῦσα
1512 4998 1643 5069 (29),
1678 4999 1712 5068 ἠ

181 5083 259 5156 τῆς
285 5090 534 5162 σωτηρίου
558 5090 752 5162 ἑορτῆς
773 5090 1067 5159 διαφωνίαο
1092 5089 1202 5142 τῶν
1227 5089 1324 5160 μὲν
1351 5088 1576 5141 ἕπεσθαι
1606 5088 1715 5140 δεῖν

184 5178 234 5245 τῇ
261 5178 510 5236 Ἰουδαίων
539 5181 794 5253 συνηθείᾳ
820 5182 1154 5251 φασκόντων,
1181 5181 1287 5233 τῶν
1317 5180 1393 5245 δὲ,
1420 5182 1716 5251 προσήκειν

185 5268 266 5339 τήν
289 5274 475 5346 ἀκριϐῆ
522 5273 616 5328 τοῦ
651 5273 842 5345 καιροῦ
887 5272 1324 5345 παραφυλάττειν
1363 5270 1533 5342 ὥραν,
1583 5270 1716 5341 μηδὲ

132 5544 139 5555 '
238 5534 336 5608 (27)
362 5538 467 5593 Καὶ
495 5539 560 5593 τὸ
594 5538 859 5608 Θηϐαίων
886 5554 949 5591 τε
976 5538 1073 5608 καὶ
1096 5535 1714 5608 Αίγυπτίαηθλσχισμα-

184 5605 330 5675 rguit?
375 5610 575 5664 κακόν.
647 5605 894 5665 Schisma
959 5605 1368 5662 Meletiauorum
1433 5606 1707 5675 intelligit.

184 5671 418 5748 IEgyptus
444 5682 586 5734 enim
618 5690 741 5734 tunc
777 5679 1034 5748 temporis
1076 5677 1283 5748 duplici
1312 5676 1500 5748 morbo
1547 5671 1701 5730 labo-

186 5744 337 5810 rabit,
362 5751 552 5804 Ariaua
591 5751 799 5805 scilicet
823 5744 1012 5803 hairesi
1042 5759 1097 5801 et
1116 5744 1307 5801 Meletii
1339 5747 1649 5801 schismate.

241 5816 342 5889 (28)
368 5817 538 5894 Vulg.,
563 5816 980 5891 Συμπληγάσι.
1012 5818 1191 5876 Codex
1213 5815 1345 5873 Fuk.
1378 5817 1540 5872 habet
1560 5816 1701 5888 Συμ-

1815 1984 2087 2040 occultum
2124 1984 2345 2040 humani
2382 1985 2602 2057 generis
2628 1986 2870 2050 hostem,
2923 1998 3084 2053 quem
3127 1981 3383 2038 salutaris

1816 2075 1960 2131 illius
1988 2076 2172 2146 trepmi
2209 2078 2351 2144 quod
2385 2077 2549 2147 capiti
2577 2076 2749 2147 ipsius
2789 2072 3192 2145 superpositum
3238 2081 3380 2137 erat,

1815 2168 1868 2223 vi
1906 2181 1969 2224 ac
1994 2169 2233 2238 potentia
2281 2169 2336 2223 in
2387 2169 2539 2223 exitii
2595 2169 2915 2224 barathrum
2949 2166 3228 2222 detrusum
3258 2178 3382 2219 esse

1816 2257 2180 2328 signiﬁcabat.
2206 2258 2385 2328 Atque
2423 2259 2527 2313 hoc
2554 2254 2777 2328 quidem
2822 2257 3000 2327 imago
3032 2255 3197 2310 variis
3230 2254 3383 2310 colo-

1817 2349 1967 2405 ribus
1999 2349 2230 2419 depicta,
2282 2351 2443 2405 tacite
2485 2348 2781 2407 indicabat.
2811 2347 2940 2402 Mihi
2965 2362 3096 2402 vero
3126 2347 3379 2402 eximiam

1815 2441 2160 2512 imperatoris
2188 2441 2599 2512 intelligentiam
2651 2442 2839 2497 mirari
2862 2440 3028 2508 subit,
3074 2441 3168 2510 qui
3195 2439 3382 2495 divino

1815 2533 2049 2603 quodam
2078 2532 2261 2588 alilatu
2315 2533 2600 2604 impulsus,
2630 2547 2693 2587 ea
2735 2532 3005 2604 pingendo
3064 2530 3334 2601 expressit
3363 2568 3381 2595 ,

1814 2638 1933 2694 quae
1959 2623 2349 2696 prophetarum
2374 2627 2599 2681 vocibus
2624 2625 2689 2681 de
2709 2624 2873 2698 485
2897 2625 3066 2680 bestia
3089 2623 3178 2679 illa
3211 2623 3382 2678 multo

1814 2723 1937 2769 ante
1969 2714 2227 2784 praedicta
2280 2715 2539 2772 fuerant:
2598 2718 2762 2773 Deum
2792 2718 3003 2773 scilicet
3050 2717 3378 2773 machaeram

1814 2805 2087 2875 ingentem
2122 2816 2177 2861 et
2211 2807 2508 2862 terribilem
2543 2808 2863 2862 adacturum
2913 2822 3034 2863 esse
3084 2809 3138 2862 in
3191 2809 3383 2862 draco-

1813 2911 1935 2952 nem
1983 2907 2402 2967 serpentemque
2450 2898 2785 2969 fugientem,
2839 2908 2892 2953 et
2917 2899 3227 2953 occisurum
3257 2910 3381 2951 esse

1814 2987 2109 3043 draconem
2156 2989 2361 3059 quiest
2403 2989 2456 3044 in
2513 2990 2674 3044 mari.
2718 2988 2920 3044 Horum
2954 2990 3121 3059 igitur
3153 2989 3379 3060 ﬁguram

1814 3081 2087 3150 expressit
2138 3080 2479 3152 imperator,
2523 3096 2637 3136 rem
2692 3081 2862 3150 ipsam
2911 3082 3121 3151 pictura
3154 3095 3380 3152 prorsus

1815 3171 2072 3227 imitatus.

2410 3261 2642 3318 CAPUT
2681 3261 2773 3317 IV.

1814 3352 2020 3408 Rursus
2053 3353 2116 3408 de
2138 3354 2502 3408 controversiis
2521 3354 2575 3407 in
2600 3352 2833 3423 .Egyplo
2865 3354 3109 3408 excitatis
3137 3354 3202 3408 ab
3227 3354 3382 3408 Ario.

1883 3446 1951 3501 Et
1978 3447 2094 3502 haec
2113 3447 2330 3515 quidem
2355 3445 2444 3500 ille
2476 3445 2662 3499 libenti
2695 3446 2879 3501 animo
2913 3445 3249 3517 perﬁciebat.
3274 3446 3379 3501 Ver

1813 3552 1935 3593 rum
1968 3537 2107 3594 livor
2128 3537 2343 3592 invidiae
2380 3538 2472 3606 qui
2498 3536 2762 3592 ecclesias
2790 3535 2884 3591 Dei
2916 3537 2970 3591 in
2990 3537 3122 3591 urbe
3143 3534 3384 3591 Alexan—

1815 3631 1931 3686 dria
1976 3631 2260 3687 etiamtum
2300 3629 2683 3695 conturbabat,
2734 3639 2790 3684 et
2820 3627 3174 3683 Thebzeorum
3220 3637 3385 3696 atque

1814 3717 2195 3789 Egyptiorum
2250 3717 2513 3787 pestilens
2569 3717 2834 3785 scliisma,
2872 3733 2978 3772 non
3033 3716 3385 3773 mediocriter

1816 3812 2055 3866 animum
2082 3810 2252 3881 ipsius
2279 3810 2553 3881 angebant
2578 3830 2594 3864 :
2637 3810 2839 3879 quippe
2868 3824 2992 3864 cum
3025 3823 3122 3878 per
3143 3809 3386 3880 singulas

1817 3904 1981 3957 urbes
2014 3901 2252 3971 episcopi
2285 3901 2547 3956 adversus
2577 3899 2866 3969 episcopos
2893 3899 3336 3956 conﬂictarentur
3366 3916 3380 3961 ;

1817 4002 1872 4049 et
1894 3993 2074 4063 p0puli
2104 3993 2367 4048 adversus
2399 3991 2628 4062 populos
2664 3992 3014 4061 insurgerent
3038 4032 3054 4058 ,
3081 4006 3146 4046 ac
3180 3991 3385 4046 mutuis

1818 4101 1879 4141 se
1907 4085 2219 4141 vulneribus
2252 4085 2425 4140 inStar
2455 4082 2871 4155 Symplegadum
2903 4083 3078 4138 collisi
3134 4082 3391 4138 concidas

1819 4182 1942 4230 rent
1961 4214 1977 4239 .
2004 4176 2141 4230 adeo
2162 4183 2223 4229 ut
2253 4173 2440 4229 lurore
2470 4174 2684 4228 tandem
2721 4187 2786 4227 ac
2825 4171 3206 4241 desperatione
3231 4172 3337 4224 acti
3366 4209 3386 4235 ,

1817 4267 1980 4338 impia
2002 4252 2247 4336 quasdam
2265 4268 2574 4330 admittere,
2605 4265 2857 4333 ipsasque
2878 4263 3222 4333 imperatoris
3251 4261 3389 4315 ima-

1817 4359 1972 4430 gines
2001 4359 2206 4414 violare
2235 4359 2352 4412 ausi
2378 4357 2506 4412 sint.
2535 4354 2735 4410 Verum
2770 4356 2883 4410 haec
2918 4369 3021 4408 non
3048 4364 3156 4408 tam
3189 4352 3256 4406 ad
3281 4353 3387 4405 ira.

1820 4450 2076 4504 cundiam
2101 4450 2401 4519 principem
2436 4447 2708 4513 excitare,
2758 4460 2919 4515 quam
2957 4443 3216 4498 maestitia
3267 4442 3387 4495 ani-

1746 4565 1793 4620 ι)
1823 4557 1968 4596 mum
1994 4541 2115 4612 ejus
2144 4540 2358 4596 allicere
2391 4548 2727 4608 potuerunt;
2758 4538 2956 4606 quippe
3005 4534 3096 4603 qui
3137 4533 3386 4602 perdito-

1820 4648 1938 4688 rum
1963 4633 2239 4689 hominum
2273 4630 2570 4688 amentiam
2605 4643 2931 4698 magquere
2954 4625 3284 4694 deploraret.

2443 4719 2674 4777 CAPUT
2715 4719 2779 4774 ν.

2099 4815 2177 4869 De
2203 4813 2528 4869 dissensione
2565 4812 2626 4865 ob
2655 4812 2843 4875 festum
2868 4805 3109 4860 Pass/uc.

1890 4907 2042 4962 Alius
2073 4919 2287 4973 quoque
2311 4903 2396 4958 his
2420 4902 2695 4969 antiquior
2723 4898 2948 4954 suberat
2977 4898 3197 4952 morbus
3228 4896 3389 4965 longe

1821 4997 2192 5070 gravissimus,
2225 4994 2318 5064 qui
2339 4993 2613 5048 Ecclesias
2665 4988 2996 5058 jampridem
3046 4986 3386 5050 infestabat;

1824 5089 2092 5144 dissensio
2117 5086 2334 5141 scilicet
2362 5085 2429 5138 de
2456 5082 2678 5136 salutari
2710 5082 2871 5137 festo.
2908 5077 3117 5148 Quippe
3151 5075 3240 5129 alii
3268 5091 3394 5129 cou-

1823 5179 2163 5234 suetudinem
2202 5174 2510 5231 Iudaeorum
2560 5174 2711 5241 sequi
2742 5180 2995 5241 oportere
3026 5168 3387 5224 asserebant:

1822 5269 1909 5324 alii
1943 5279 2151 5339 tempus
2184 5267 2358 5335 ipsum
2390 5272 2644 5320 accurate
2692 5261 3092 5318 observandum
3122 5272 3245 5313 esse
3277 5257 3390 5311 aie-

1823 5534 2133 5606 πληγάδων,
2159 5532 2426 5603 quomodo
2460 5531 2625 5586 etiam
2658 5528 2946 5585 Turnebus
2991 5529 3058 5583 ad
3102 5541 3253 5582 oram
3305 5523 3409 5579 sui-

1821 5608 2031 5660 codicis
2065 5606 2285 5658 emenda
2295 5613 2395 5655 rat.
3092 5620 3107 5625 ~

1884 5677 1996 5744 ('29)
2063 5675 2156 5726 Ἐκ
2200 5671 2434 5744 μακροῦ
2502 5669 2923 5744 διενοχλοῦσα.
2990 5666 3212 5744 Rectius
3264 5679 3388 5744 meo

1810 5736 2029 5868 qiritlein
2116 5736 2334 5814 judicio
2394 5736 2784 5813 legeretuféx
2850 5736 3066 5811 μακροῦ
3127 5737 3192 5808 δὴ
3262 5737 3383 5793 ἐνο-

1810 5832 1840 5868 γ
1876 5832 2032 5868 ουσα.
2944 5845 2948 5849 ‹

1807 5832 1935 5886 χΑου
1944 5832 2032 5870 σα.
2944 5845 2948 5849 ‹
