3864 6480
495 459 634 514 i053

1239 441 1507 500 EUSEBII
1543 429 2018 494 CASSARIENSIS
2055 431 2202 485 OPP.
2245 427 2426 484 PARS
2460 426 2501 482 Ι.
2539 455 2607 465 -
2644 423 3029 480 HISTORICA.

3585 425 3605 477 l
3614 424 3706 478 060

495 580 648 640 bant,
685 585 786 627 nec
813 564 1118 622 errantibus
1145 556 1568 616 assentiendum,
1604 551 1694 620 qui
1728 550 1795 603 ab
1820 561 2050 613 evange-

2158 543 2523 613 πλανωμένοις
2556 540 2782 595 ἕπεσθαι
2803 543 2913 604 τοῖς
2935 541 3032 609 τῆς
3056 539 3183 607 εὐαγ
3201 537 3416 607 (ελικῆς
3433 537 3703 608 ἀλλοτρίοις

495 669 596 721 lica
627 636 801 735 gratia
831 659 934 712 hac
972 655 1134 708 etiam
1164 650 1216 704 in
1249 657 1402 717 parte
1431 642 1590 698 alieni
1631 649 1832 694 essent.
1868 636 2052 704 Itaque

495 725 835 812 cumvomnes
873 746 1070 814 ubique
1093 738 1270 810 populi
1300 733 1616 803 jamdudum
1672 729 1814 782 inter
1851 740 1908 782 se
1941 725 2052 779 dis-

494 849 759 907 siderent,
788 848 844 894 et
873 835 1016 891 sacri
1047 831 1325 900 religionis
1367 835 1564 880 nostrae
1591 823 1727 876 ritus
1755 816 2050 874 conturba-

495 951 683 996 rentur
713 931 930 1005 (quippe
954 927 1006 980 in
1041 939 1146 978 uno
1181 921 1477 987 eodemque
1509 915 1647 968 festo
1675 911 1935 979 temporis
1968 908 2054 962 di-

494 1002 734 1086 versitas
763 1021 1054 1076 maximum
1106 1013 1392 1069 discidium
1425 1013 1566 1062 inter
1619 1004 1877 1060 feriantes
1905 1002 2054 1057 exci-

497 1120 666 1181 tabat,
685 1112 878 1170 cum‘bi
903 1107 1125 1178 jejuuiis
1149 1113 1200 1158 et
1223 1101 1480 1155 aerumnis
1506 1097 1715 1165 seipsos
1732 1100 2052 1156 attererent,

503 1211 579 1265 illi
613 1206 724 1262 otio
759 1218 820 1257 ac
854 1200 1052 1255 laetitiae
1083 1185 1802 1262 indulgerent),mortalium
1836 1183 2052 1252 quidem

497 1316 656 1357 nemo
684 1307 828 1362 erat,
861 1295 954 1365 qui
1009 1291 1132 1346 huic
1163 1287 1302 1344 malo
1341 1283 1636 1339 remedium
1689 1288 1868 1349 posset
1902 1275 2056 1330 adhi-

497 1393 623 1446 bere
650 1433 663 1456 ,
690 1403 811 1444 cum
838 1386 1094 1451 utrinque
1114 1381 1258 1434 inter
1277 1373 1656 1432 dissentientes
1675 1369 1814 1423 velut
1845 1375 2053 1435 aequata

496 1485 648 1538 lance
729 1473 1092 1535 controversia
1148 1473 1422 1541 penderet.
1507 1463 1620 1520 Soli
1697 1456 2053 1528 omnipotenti

498 1578 605 1631 Deo
645 1571 898 1643 perfacile
922 1577 1042 1623 erat
1095 1565 1216 1619 istis
1249 1561 1406 1616 malis
1444 1557 1672 1620 mederi;
1723 1566 1865 1606 unus
1891 1563 2054 1621 porro

495 1669 548 1722 in
583 1640 742 1720 terris
769 1660 1016 1718 exstabat
1051 1653 1456 1716 Constantinus,
1491 1645 1659 1720 486
1712 1645 1803 1713 qui
1838 1642 1902 1695 ad
1946 1640 2057 1694 haec

496 1763 632 1816 bona
655 1753 983 1826 perﬁcienda
1020 1749 1249 1804 idoneus
1281 1745 1374 1799 Dei
1421 1742 1670 1795 minister
1693 1751 1814 1792 esse
1844 1734 2057 1788 videre-

497 1862 605 1905 tur.
641 1847 743 1916 Qui
766 1854 1116 1917 posteaquam
1161 1841 1275 1894 haic
1301 1851 1420 1905 qua:
1447 1835 1604 1887 modo
1638 1828 1745 1885 dixi
1779 1826 2054 1882 auditione

2157 632 2393 700 χάριτος.
2425 631 2543 684 Κάν
2573 630 2743 699 τούτῳ
2765 629 3048 700 τοιγαροῦν
3073 629 3187 697 ('50,
3223 629 3453 696 μακροῖς
3483 626 3576 696 ήδη
3602 628 3706 698 χρό-

2155 739 2262 784 νοις
2293 721 2400 774 τῶν
2431 721 2739 792 ἁπανταχοῦ
2768 720 2911 773 λαῶν
2951 721 3396 791 διενηνεγμένων,
3428 718 3630 789 θεσμῶν
3654 736 3706 771 τε

2155 813 2314 866 θείων
2357 815 2749 883 συγχεομένων,
2779 813 2855 875 ὡς
2886 813 2976 864 ἐπὶ
3011 813 3138 882 μιᾶς
3179 811 3393 880 καὶτῆς
3421 809 3583 880 αὐτῆς
3602 811 3704 880 ἐορ-

2152 900 2253 972 τῆς
2277 903 2372 973 τὴν
2412 903 2507 956 τοῦ
2537 902 2726 974 καιροῦ
2769 902 3122 975 παρατροπὴν
3161 903 3426 972 μεγίστην
3454 901 3705 955 διάστασιν

2155 997 2399 1065 ἐμποιεῖν
2418 998 2528 1059 τοῖς
2547 995 2644 1065 τὴν
2671 997 2864 1067 ἑορτὴν
2883 995 3093 1064 ἄγουσι,
3118 995 3225 1048 τῶν
3257 996 3355 1064 μὲν
3384 995 3606 1058 ἀσιτίαις
3625 995 3704 1049 καὶ

2155 1089 2546 1153 κακοπαθείαις
2588 1089 3013 1160 ἐνασκουμένων,
3056 1090 3163 1142 τῶν
3188 1089 3232 1141 δ’
3266 1088 3451 1142 ἀνέσει
3475 1087 3568 1158 τὴν
3599 1104 3703 1157 σχο-

2155 1179 2251 1249 λὴν
2290 1179 2664 1242 ἀνατιθέντων,
2699 1181 2872 1244 οὐδεὶς
2904 1174 3010 1244 οἶός
3045 1197 3103 1232 τε
3136 1174 3202 1252 ἦν
3237 1178 3535 1250 ἀνθρώπων
3567 1177 3704 1248 θερα-

2157 1273 2312 1324 πείαν
2331 1271 2592 1342 εὕρασθαι
2620 1271 2712 1325 τοῦ
2741 1271 2929 1335 κακοῦ,
2961 1271 3263 1325 ίσοστασίου
3297 1270 3395 1340 τῆς
3422 1269 3589 1340 ἔριδος
3609 1268 3701 1338 (5i)

2154 1367 2267 1428 τοῖς
2294 1364 2572 1418 διεστῶσιν
2597 1364 2946 1436 ὑπαρχούσης
2965 1381 2978 1394 ·
3023 1365 3169 1434 μόνῳ
3212 1363 3257 1416 δ’
3287 1363 3395 1434 ἀρα
3421 1361 3498 1433 τῷ
3539 1379 3702 1416 παντο·

2155 1454 2378 1525 δυνάμῳ
2407 1455 2527 1525 Θεῷ
2569 1455 2662 1508 καὶ
2707 1453 2860 1509 ταῦτ’
2891 1453 3070 1508 ἰᾶσθαι
3101 1453 3283 1525 ῥᾴδιον
3313 1448 3403 1523 ἧν,
3427 1453 3630 1519 ἀγαθῶν
3662 1455 3699 1506 δ’

2157 1544 2434 1614 ὑπηρέτης
2458 1543 2606 1615 αὐτῷ
2641 1544 2798 1614 μόνος
2828 1543 2934 1597 τῶν
2962 1543 3053 1595 ἐπὶ
3077 1544 3179 1613 γῆς
3194 1541 3547 1610 κατεφαίνετο
3565 1544 3697 1595 Κων-

2157 1639 2428 1700 σταντῖνος
2452 1652 2466 1665 ο
2504 1636 2564 1699 ὃς
2618 1637 2804 1706 ἐπειδὴ
2850 1635 2947 1707 τὴν
2997 1635 3106 1688 τῶν
3183 1633 3483 1704 λεχθέντων
3534 1634 3698 1702 διέγνω

2154 1729 2342 1799 ἀκοὴν,
2373 1728 2432 1781 τό
2479 1743 2538 1781 τε
2584 1727 2970 1798 καταπεμφθὲν
3005 1727 3154 1797 αὐτῷ
3187 1729 3423 1798 γράμμα
3453 1729 3559 1789 τοῖς
3580 1727 3694 1778 κατᾶ

2155 1821 2254 1890 τὴν
2289 1818 2691 1890 Ἀλεξάνδρειαν
2737 1821 3014 1891 ἄπρακτον
3047 1818 3213 1890 ἐώρα,
3249 1819 3370 1871 τότε
3414 1818 3564 1882 αὐτὸς
3590 1819 3694 1870 ἐαυ-

495 1940 724 2009 accepit,
758 1906 810 1992 et
837 1934 1032 1989 litteris
1060 1945 1195 2000 quas
1215 1928 1283 1984 ad
1307 1924 1709 1982 Alexandrinos
1733 1919 1954 1974 miserat
1979 1919 2053 1970 ni-

2158 1913 2248 1966 τοῦ
2277 1913 2374 1984 τὴν
2410 1913 2645 1967 διάνοιαν
2679 1912 3030 1983 ἀνακινήσας,
3060 1911 3217 1965 ἄλλον
3246 1911 3454 1964 τουτονὶ
3481 1927 3696 1977 καταγωο

498 2031 572 2086 hil
615 2044 674 2084 se
727 2025 1026 2096 profecisse
1054 2020 1354 2091 cognovit,
1405 2014 1600 2069 mentis
1632 2027 1742 2066 sua:
1786 2009 2056 2064 solertiam

500 2123 614 2188 ipse
635 2118 878 2174 excitans
901 2157 916 2181 ,
959 2127 1156 2168 novum
1192 2109 1295 2164 sibi
1347 2106 1548 2162 bellum
1581 2103 1844 2157 adversus
1871 2097 2060 2153 invisi-

498 2213 657 2266 bilem
703 2211 910 2264 hostem
949 2203 1201 2259 Ecclesia:
1234 2207 1433 2257 statum
1465 2193 1898 2266 perturbantem,
1932 2203 2060 2244 con-

500 2303 786 2359 [ieiendum
809 2313 929 2355 esse
957 2298 1116 2352 dixit.

1099 2381 1324 2439 CAPUT
1357 2380 1443 2433 Vl.

721 2478 992 2545 Quomodo
1025 2475 1280 2544 synodum
1307 2468 1503 2522 Niccea:
1531 2466 1647 2534 ﬁeri
1669 2463 1848 2533 jussit.

571 2571 690 2627 Mox
718 2571 863 2624 velut
887 2567 1120 2623 divinam
1152 2561 1442 2632 quamdam
1463 2556 1783 2628 phalangem
1805 2552 2062 2606 adversus

504 2679 626 2718 eum
656 2663 949 2725 instruens,
974 2655 1280 2730 generalem
1307 2650 1565 2721 synodum
1591 2644 1938 2729 convocavit;
1973 2642 2064 2696 lto-

501 2753 739 2809 norilicis
762 2752 955 2807 litteris
975 2722 1256 2818 episcopos
1277 2744 1515 2812 undique
1540 2739 1793 2801 invitans,
1811 2722 1870 2789 ut
1893 2749 2064 2804 quan-

501 2845 674 2899 tocius
701 2843 976 2898 adessent.
1007 2839 1115 2894 Nec
1141 2851 1270 2891 vero
1299 2833 1525 2903 simplex
1554 2844 1619 2885 ac
1648 2829 1789 2883 nuda
1814 2835 1933 2882 erat
1955 2823 2066 2892 jus-

498 2937 579 2989 sio
611 2951 626 2991 :
657 2934 750 2989 sed
803 2943 1060 3004 praeterea
1102 2928 1329 2984 multum
1377 2925 1444 2980 ad
1501 2924 1604 2977 hoc
1649 2935 1785 2990 opus
1835 2914 2062 2972 contulit

496 3027 844 3096 imperatoris
866 3023 1199 3094 benignitas,
1229 3020 1320 3088 qui
1354 3017 1474 3073 aliis
1503 3013 1718 3084 quidem
1747 3023 1939 3065 cursus
1962 3022 2058 3076 pu-

496 3120 622 3174 blici
655 3120 864 3188 copiam
890 3115 1149 3187 praebuit,
1205 3111 1328 3166 aliis
1351 3122 1480 3162 vero
1507 3105 1878 3174 iumentorum
1903 3111 2058 3152 nsum

496 3211 708 3266 abunde
730 3206 1178 3262 subministravit.
1199 3203 1335 3270 Quin
1355 3200 1520 3254 etiam
1541 3196 1695 3252 sedes
1711 3192 1835 3248 huic
1859 3188 2064 3260 synodo

501 3298 1010 3356 convenientissima
1041 3297 1308 3364 assignata
1333 3301 1436 3354 est,
1468 3290 1599 3343 urbs
1621 3298 1741 3355 qua:
1772 3299 1801 3337 a
1833 3281 2060 3336 vietoria

498 3408 692 3449 nomen
723 3392 888 3446 habet
919 3387 1118 3451 Nicaea,
1173 3387 1224 3438 in
1265 3382 1512 3452 Bithynia
1561 3378 1686 3432 sita.
1717 3373 1931 3429 Perlato
1961 3371 2060 3439 igi-

500 3497 584 3538 tur
614 3484 668 3538 in
699 3496 886 3536 omnes
922 3477 1232 3547 provincias
1261 3470 1605 3542 imperatoris
1631 3473 1922 3538 praecepto,
1951 3472 2059 3515 sta-

501 3577 595 3627 tim
621 3574 797 3628 cuncti
854 3570 1001 3625 velut
1030 3583 1095 3621 ex
1128 3577 1416 3621 transenna
1462 3560 1668 3623 emissi,
1700 3551 1909 3612 summa
1937 3567 2058 3606 cum

500 3665 779 3717 alacritate
831 3659 1175 3715 advolarunt.
1227 3654 1514 3709 Alliciebat
1566 3650 1773 3704 scilicet
1813 3660 1908 3701 eos
1937 3659 2060 3714 spes

501 3754 785 3816 hoaorum,
810 3760 863 3804 et
895 3747 1174 3818 praesentis
1201 3745 1346 3815 pacis
1373 3738 1783 3812 Opportunitas;
1813 3736 1932 3789 novi
1965 3734 2057 3785 de-

501 3845 661 3912 nique
691 3842 960 3904 miraculi,
1017 3839 1150 3893 tanti
1186 3837 1438 3891 nimirum
1476 3829 2061 3901 imperatoris,specta-

498 3934 697 3988 culum.
729 3931 1088 3999 Posteaquam
1121 3929 1174 3981 in
1207 3940 1371 3980 unum
1424 3934 1748 3985 convenere,
1802 3917 1890 3971 Dei
1923 3930 2058 3984 opus

498 4041 618 4080 esse
645 4026 696 4078 id
723 4024 864 4094 quod
895 4023 1187 4093 gerebatur
1216 4015 1483 4086 apparuit.
1503 4011 1636 4067 Nam
1657 4012 1750 4082 qui
1771 4025 1878 4065 non
1901 4008 2058 4062 modo

498 4119 713 4184 animis,
745 4132 928 4171 verum
967 4116 1135 4170 etiam
1181 4110 1501 4182 corporibus
1541 4116 1595 4160 et
1655 4102 1966 4176 regionibus
1993 4115 2056 4153 ac

497 4210 626 4264 locis
659 4220 713 4264 et
747 4207 1039 4278 provinciis
1071 4202 1379 4273 longissime
1413 4200 1556 4252 inter
1579 4211 1637 4251 se
1667 4195 1839 4250 dissiti
1874 4199 2052 4254 erant,

2157 2004 2381 2058 νιεῖσθαι
2406 2005 2513 2059 δεῖν
2547 2005 2646 2075 ἔφη
2671 2005 2761 2057 τὸν
2787 2003 2924 2055 κατὰ
2954 2000 3048 2055 τοῦ
3077 2002 3439 2073 ταράττοντος
3463 2003 3553 2071 τὴν
3594 2001 3692 2054 Ἐκ-

2158 2095 2384 2166 κλησίαν
2413 2095 2647 2165 ἀφανοῦς
2679 2094 2871 2166 ἐχθροῦ
2905 2094 3155 2165 πόλεμον.

2682 2359 3075 2415 ΚΕΦΑΛΑΙΟΝ
3099 2361 3187 2428 σο.

2162 2449 2351 2515 Ὀπως
2383 2451 2644 2504 σύνοδον
2674 2453 2744 2504 ἐν
2777 2453 2988 2520 Νικαίᾳ
3017 2451 3293 2522 γενέσθαι
3336 2451 3685 2520 προσέταξεν.

2231 2538 2344 2596 Εἶθ’
2385 2543 2570 2615 ῶσπερ
2616 2543 3016 2614 ἐπιστρατεύων
3051 2544 3225 2615 αύτῷ,
3277 2544 3412 2598 Θεοῦ
3469 2545 3689 2614 φάλαγγα

2164 2633 2376 2687 σύνοδον
2407 2636 2787 2709 οἱκουμενικὴν
2817 2636 3149 2707 συνεκρότει,
3183 2637 3432 2690 σπεύδειν
3476 2639 3684 2691 ἅπαντα·

2162 2725 2316 2795 χόθεν
2341 2728 2464 2790 τοὺς
2490 2727 2822 2790 ἐπισκόπους
2847 2728 3136 2798 γράμμασι
3173 2733 3478 2799 τιμητικοῖς
3512 2747 3686 2800 προκα·

2161 2817 2440 2889 λούμενος.
2491 2820 2604 2872 Οὐκ
2633 2814 2701 2889 ἦν
2727 2818 2773 2872 θ’
2808 2820 3015 2873 ἁπλοῦν
3043 2821 3102 2873 τὸ
3131 2822 3433 2892 ἐπίταγμα.
3469 2823 3686 2891 συνήργει

2162 2907 2218 2960 δὲ
2248 2909 2339 2962 καὶ
2365 2909 2500 2980 αὐτῇ
2526 2908 2720 2980 πράξει
2758 2909 2818 2963 τὸ
2847 2911 3106 2981 βασιλέως
3135 2912 3329 2983 νεῦμα,
3354 2909 3434 2977 οἷς
3456 2914 3543 2984 μὲν
3564 2912 3685 2976 ἐξου-

2165 2999 2282 3053 σίαν
2302 3001 2560 3071 δημοσίου
2583 3002 2819 3073 παρέχον
2840 3002 3038 3081 δρόμου
3057 3003 3190 3075 (52),
3221 3000 3304 3070 οἷς
3336 3006 3392 3059 δὲ
3408 3006 3685 3078 νωτοφόρων

2163 3091 2464 3163 ὑπηρεσίας
2496 3092 2786 3160 ἀφθόνους·
2821 3095 3022 3166 ὥριστο
3074 3097 3130 3150 δὲ
3179 3099 3272 3151 καὶ
3324 3099 3469 3162 πόλις
3511 3097 3684 3168 ἐμπρὲ-

2166 3200 2341 3238 πουσα
2370 3186 2435 3254 τῇ
2468 3185 2688 3254 συνόδῳ,
2714 3184 2867 3257 νίκης
2893 3187 3198 3258 ἐπώνυμος,
3229 3188 3371 3242 κατὰ
3395 3189 3451 3240 τὸ
3482 3187 3684 3241 Βιθυνῶν

2113 3263 2133 3307 λ
2165 3275 2388 3346 ἔθνος,ή
2418 3276 2635 3330 Νίκαια.
2681 3278 2766 3340 Ὡς
2803 3263 2894 3331 οῦν
2918 3279 3105 3347 ἐφοίτα
3125 3278 3402 3351 πανταχοῦ
3428 3283 3485 3332 τὸ
3508 3279 3685 3348 παράγε

2165 3365 2361 3436 γελμα,
2395 3364 2481 3420 οίά
2513 3383 2655 3431 τινος
2703 3367 2811 3421 ἀπὸ
2851 3366 3050 3440 νύσσης
3087 3371 3134 3423 οἱ
3180 3370 3379 3435 πάντες
3426 3371 3560 3423 ἔθεον
3607 3370 3683 3421 σὺν

2166 3455 2440 3528 προθυμίᾳ
2470 3457 2614 3529 πάσῃ
2641 3475 2654 3488 ο
2687 3452 2834 3512 εἷλκε
2864 3459 2971 3530 γὰρ
3011 3461 3205 3526 αὐτοὺς
3233 3461 3449 3529 ἀγαθῶν
3477 3462 3624 3522 ἐλπὶς,
3653 3461 3680 3527 ἤ

2162 3563 2222 3600 τε
2248 3547 2348 3617 τῆς
2377 3549 2596 3619 εἰρήνης
2624 3552 2900 3620 μετουσία,
2930 3553 3022 3605 τοῦ
3055 3569 3112 3604 τε
3143 3552 3294 3618 ξένου
3319 3552 3589 3623 θαύματος,
3605 3551 3682 3621 τῆς

2162 3636 2258 3690 τοῦ
2307 3637 2558 3691 τοσούτου
2609 3640 2870 3709 βασιλέως
2914 3641 3162 3716 otiaeng
3212 3643 3331 3698 θέα.
3371 3641 3566 3711 Ἐπειδὴ
3606 3636 3678 3692 οὖν

2166 3727 2418 3782 συκίῆλθον
2454 3731 2502 3782 oi
2534 3733 2751 3794 πάντες,
2787 3731 2944 3804 ἔργον
2973 3733 3071 3804 ἤδη
3103 3733 3238 3787 θεοῦ
3263 3733 3323 3787 τὸ
3361 3735 3679 3804 πραττόμενον

2168 3817 2469 3891 ἐθεωρεῖτο.
2541 3823 2602 3874 Οἱ
2647 3822 2755 3894 γὰρ
2813 3824 2885 3893 μὴ
2943 3824 3100 3894 μόνον
3156 3824 3373 3895 ψυχαῖς,
3442 3824 3563 3878 ἀλλά
3605 3822 3679 3874 καὶ

2167 3909 2378 3980 σώμασι
2407 3913 2497 3964 καὶ
2511 3912 2736 3984 χώραις,
2760 3914 2852 3967 καὶ
2872 3914 3054 3978 τόποις
3081 3916 3173 3968 καὶ
3199 3915 3373 3969 ἔθνεσι
3391 3915 3678 3988 πορρωτάτω

2162 4000 2444 4066 διεστῶτες
2481 4003 2741 4074 ἀλλήλων,
2769 4004 2903 4074 ὁμοῦ
2953 4008 3272 4076 συνήγοντο’
3313 4008 3402 4060 καὶ
3449 4008 3536 4078 μία
3577 4005 3677 4064 τοὺς

2163 4095 2367 4158 πάντας
2395 4096 2680 4166 ὑπεδέχετο
2707 4097 2880 4160 πόλις,
2909 4093 3017 4150 οἶόν
3061 4115 3178 4150 τινα
3231 4099 3477 4168 μέγιστον
3522 4097 3676 4168 ἱερέων

2163 4185 2441 4254 στέφανον,
2467 4185 2524 4251 ἐξ
2547 4186 2762 4257 ὡραίων
2783 4185 2985 4239 ἀνθέων
3007 4188 3546 4258 καταπεποικιλμένον

499 4315 624 4356 tunc
652 4303 706 4355 in
737 4315 900 4354 unum
929 4297 1235 4369 congregati
1291 4294 1771 4350 cernebantur:et
1792 4284 1942 4339 velut
1987 4279 2272 4334 maximam
2319 4277 2605 4346 quamdam
2636 4279 2980 4333 sacerdotum
3045 4292 3302 4332 coronam
3359 4293 3418 4332 ex
3471 4276 3676 4347 puli-her-

496 4396 647 4452 rimis
672 4395 892 4450 ﬂoribus
922 4403 1229 4448 contextam
1260 4431 1276 4454 ,
1317 4404 1419 4443 una
1449 4393 1677 4442 cunctos
1725 4380 1920 4435 civitas
1958 4373 2229 4444 capiebat.

1086 4484 1310 4543 CAPUT
1351 4483 1458 4537 VII.

493 4580 570 4637 De
599 4580 877 4636 universali
906 4577 1143 4642 concilio,
1167 4577 1233 4629 ad
1256 4573 1392 4643 quod
1409 4587 1472 4653 ea:
1491 4568 1729 4650 omnibus
1764 4559 2051 4633 provinciis

961 4655 1311 4701 convenerunt
1343 4657 1591 4710 episcopi.

563 4743 774 4795 Etenim
798 4755 864 4794 ex
893 4738 1147 4794 omnibus
1171 4732 1422 4788 Eeclesiis
1460 4745 1579 4800 quae
1606 4726 1912 4781 universam
1945 4719 2050 4773 Eu-

493 4847 700 4900 ropam,
751 4830 988 4884 Africam
1017 4837 1180 4896 atque
1212 4825 1398 4880 Asiam
1453 4821 1805 4894 impleverant
1835 4855 1848 4880 ,
1885 4814 1920 4867 ii
1951 4811 2043 4880 qui

2703 4466 3092 4520 ΚΕΦΑΛΑΙΟΝ
3126 4469 3197 4519 Z’.

2158 4559 2297 4626 Περὶ
2327 4557 2743 4642 οὶκουμςνριῆς
2796 4558 3089 4642 συνόδοις,
3123 4561 3218 4642 ἐἰς
3272 4557 3353 4625 ἦν
3380 4558 3444 4611 ὲκ
3478 4557 3672 4609 πάντων

2497 4628 2687 4684 ἐθνῶν
2723 4628 3004 4695 παρῆσαν
3033 4628 3368 4681 ἐπίσκοποι.

2227 4719 2345 4772 Τῶν
2389 4719 2517 4788 γοῦν
2535 4720 2866 4789 Ἐκκλησιῶν
2918 4719 3166 4783 ἁπασῶν,
3197 4721 3250 4772 αἱ
3301 4719 3395 4788 τὴν
3447 4715 3670 4788 Εὐρώπην

2151 4808 2366 4863 ἃπασαν
2388 4851 2402 4875 ,
2435 4811 2639 4880 Λιϐύην
2668 4827 2726 4862 τε
2761 4812 2854 4864 καὶ
2882 4809 2978 4880 τὴν
3013 4809 3196 4861 Ἀσίαν
3245 4809 3502 4879 ἐπλήρουν
3523 4846 3535 4869 ,
3563 4800 3668 4873 6μοῦ

564 4945 672 5014 (50)
701 4943 825 4998 Κάν
845 4944 1033 5008 τούτῳ
1062 4937 1396 5014 τοιγαροῦτς.
1439 4934 1538 5014 ilic
1565 4934 1724 5014 locus
1753 4942 1919 5014 prava
1974 4925 2053 5004 in-

2158 4923 2308 4995 ἕριδα
2344 4932 2446 4979 hoc
2474 4925 2594 5008 loco
2627 4923 2762 5014 dixit
2790 4924 3074 4986 Eusebius,
3098 4923 3149 4975 id
3173 4931 3275 4983 est,
3319 4922 3517 5014 paribus
3542 4914 3668 4970 utrin-

2169 5012 2248 5014 ,___
2360 5011 2375 5014 _
2401 5008 2561 5014 “-HL,
2624 4995 2658 5014 13
2698 5011 2721 5014 ..
2764 5005 2861 5014 ,κηη
2932 4994 3326 5014 μ-.-...--.---ΣΑ...
3435 4991 3507 5014 ⁷η-.
3553 4993 3665 5014 σηιοιη

492 5000 872 5081 ῑοιῗιηιὶητιῇοιιθ
901 5000 1184 5081 corruptus
1210 5000 1316 5081 est.
1346 5008 1538 5081 Scriba
1565 5004 1730 5081 igitur
1764 5019 1776 5052 :
1811 5000 1923 5060 τοῖς
1943 5000 2041 5081 τῇς

490 5069 846 5152 εύσίγγελικῆς
875 5069 1424 5152 ἀλλοτρίοιςχάριτος
1455 5076 1558 5127 κάν
1583 5069 1917 5152 courqiLete.
1954 5069 2044 5152 Alit

487 5138 755 5208 Eusebius
781 5138 988 5205 J'udteos
1019 5138 1127 5203 tum
1149 5138 1238 5201 ’ἱιῖ
1267 5138 1386 5201 aliis
1445 5149 1602 5198 rebus
1643 5138 1738 5195 ab'
1767 5138 2040 5208 Evangelii

489 5207 658 5290 gratia
687 5224 890 5276 alienos
924 5235 1062 5281 esse,
1094 5230 1204 5271 tum
1235 5219 1286 5270 in
1343 5219 1444 5290 hac
1503 5213 1840 5290 potissimum
1864 5280 1873 5290 I
1900 5207 2043 5276 quod

490 5280 694 5346 pascha
718 5307 785 5346 ex
816 5280 1056 5344 hlosaica'
1093 5287 1483 5342 consuetudine
1503 5280 1712 5336 'adhuc
1743 5280 2040 5338 celebrent,

490 5379 593 5415 non
632 5364 781 5428 juxta
839 5359 1106 5428 Evangelii
1159 5352 1812 5428 veritatem._Couhrmat
1863 5356 2039 5428 autent

489 5415 916 5485 emendationem
950 5415 1186 5482 nostram
1219 5425 1601 5479 Constantinus
1633 5423 1683 5474 in
1715 5416 1937 5488 epistola
1976 5415 2042 5488 ad

490 5501 782 5560 Ecclesias,
799 5499 950 5564 cuius
973 5499 1127 5551 verba
1145 5497 1448 5549 referuntur
1467 5493 1601 5545 infra
1627 5486 1828 5564 ξιξ-αξη
1849 5507 1861 5541 ;
1881 5486 2044 5564 Ἐκεῖς

488 5571 578 5622 θεν
606 5566 697 5622 οὖν
724 5555 897 5622 τοίνυν
918 5569 1017 5620 κάν
1042 5565 1213 5635 τούτῳ
1242 5564 1319 5634 τῷ
1348 5564 1500 5634 μέρει
1530 5564 1625 5632 τὴν
1655 5559 1906 5629 ἀλήθειαν
1931 5555 2040 5623 οὐχ’

487 5640 703 5710 ὁρῶσιν.
735 5679 740 5684 -

561 5711 668 5775 (51)
709 5708 1078 5761 Ἰσοστασίου
1124 5704 1232 5771 τῆς
1275 5703 1486 5770 ἔριδος.
1531 5697 1704 5755 Graeci
1746 5697 2042 5749 ἰσοστάσιον

495 5779 670 5846 μάχην
705 5779 907 5841 dicunt,
938 5777 1147 5846 quoties
1175 5780 1244 5846 ita
1278 5784 1571 5846 pugnatum
1606 5777 1708 5833 est,
1745 5777 1808 5846 _ttt
1854 5780 2041 5846 neutra

494 5835 1234 5914 pars'victoriant'retulet'it.
1277 5835 1476 5896 Eodem
1529 5854 1688 5895 sensu
1744 5835 2042 5890 ἰσοστάσιον

2154 4991 2251 5062 que
2298 4997 2565 5048 momentis
2620 4994 2866 5048 libratam
2921 4994 3350 5047 controversiam.
3404 4991 3508 5062 lion
3553 4993 3666 5061 recte

2155 5055 2319 5132 igitur
2378 5066 2908 5132 ChristophorsOuus
2994 5067 3065 5116 ita
3133 5062 3358 5116 vertit:
3406 5055 3661 5112 Prwsem'm

2151 5137 2673 5217 cunuconlroversia
2733 5134 3096 5189 dissidentium
3170 5135 3373 5184 animos
3431 5144 3490 5182 ea:
3549 5136 3663 5190 a'quo

2150 5215 2482 5273 exagitaret"

2221 5261 2332 5342 (32)
2363 5275 2727 5342 Δημοσίου...
2755 5273 2993 5340 δρόμου.
3019 5270 3208 5342 Mirum
3241 5281 3323 5326 est
3359 5267 3490 5336 quod
3525 5261 3660 5342 Ense?

2147 5329 2268 5398 bitis
2309 5329 2588 5399 ίιοοἼοοο
2637 5345 2704 5396 τὰ
2769 5329 3046 5412 νωτοφόρα
3097 5329 3388 5412 distinguit-
3417 5354 3444 5390 a
3489 5329 3662 5412 publice

2149 5429 2331 5468 cursu.
2387 5413 2490 5468 Sed
2536 5414 2846 5482 responderi
2877 5399 3074 5481 potest,
3129 5399 3451 5482 Eusebium,
3487 5399 3661 5456 nomin

2150 5485 2351 5552 publici
2382 5501 2444 5538 eu
2456 5499 2576 5538 rsus
2603 5477 2930 5536 intellexisSe
2955 5482 3218 5534 vehicula.
3241 5481 3412 5552 Atque
3433 5477 3506 5552 ita
3528 5481 3653 5552 acce-

2151 5540 2228 5619 im
2274 5553 2611 5621 Nicephorus
2656 5554 2708 5605 in
2762 5554 2854 5608 lib.
2909 5565 3026 5621 vui,
3069 5565 3188 5621 cap.
3237 5540 3344 5602 ΗΣ
3367 5546 3488 5621 Aliis
3529 5540 3659 5621 ίῧίξξξξ

2150 5605 2426 5692 episcopis
2451 5605 2698 5678 vellicula
2726 5605 2951 5690 praeberi
2977 5605 3656 5692 jussit'Constautinus,aliif

2151 5677 2613 5820 eitultis'publicos
2667 5677 2864 5762 qu'ihus
2929 5677 3253 5747 veherentur
3299 5688 3363 5743 ad
3417 5677 3654 5739 conuii!!!"

2151 5782 2245 5820 vro
2273 5776 2467 5820 ecturt.

2149 5776 2467 5832 protectum.
