3864 6486
503 341 635 399 1067

1230 337 1506 396 EUSEBII
1543 333 2024 394 CESABIENSIS
2061 345 2068 383 ι

2178 337 2215 392 ³.
2256 335 2439 392 PARS
2477 337 2517 392 Ι.
2560 368 2630 379 —
2667 336 3057 396 HISTORICA.

3609 345 3732 400 10ϋὸ

502 479 809 541 peratorem
856 464 1120 520 allocutus
1161 468 1280 527 est,
1325 467 1549 530 propter
1593 455 1743 511 illum
1779 457 1986 527 gratias
2020 467 2068 513 et

2178 458 2515 532 προσφωνῶν
2551 457 2630 530 τῷ
2673 457 2918 529 βασιλεῖ,
2967 459 3048 532 τῷ
3103 477 3162 514 τε
3205 462 3597 534 παντοκράτορι
3630 463 3733 534 Θεῷ

506 561 696 617 laudes
733 558 1024 630 perbibens
1075 550 1437 622 omnipotenti
1495 549 1625 604 Deo.
1653 547 1944 617 Postquam
1989 549 2078 606 ille

503 654 668 710 etiam
709 647 934 712 assedit,
965 659 1088 699 mox
1126 642 1306 699 cuncti
1351 640 1544 696 deﬁxis
1594 640 1648 694 in
1689 639 2073 711 imperatorem

501 745 674 801 oculis
712 740 987 798 silentium
1018 736 1223 792 fecere.
1265 734 1358 789 llle
1388 734 1530 790 lactis
1565 732 1742 789 oculis
1777 743 1832 788 et
1863 733 2078 804 placido

501 834 649 890 vultu
679 834 962 886 universos
1001 829 1255 893 intuitus,
1300 841 1367 883 ac
1413 825 1610 883 deinde
1638 834 1876 882 mentem
1921 841 2075 882 suam

502 927 557 980 in
601 940 661 979 se
691 921 969 990 colligens,
1012 919 1118 976 leui
1164 928 1223 974 et
1271 919 1548 974 moderata
1594 931 1729 974 voce
1767 916 2076 988 huiusmodi

499 1016 665 1072 verba
697 1012 825 1069 fecit
849 1030 862 1066 :

1100 1101 1330 1159 CAPUT
1366 1101 1480 1156 ΧΠ.

677 1193 1014 1252 Constantini
1040 1192 1110 1246 ad
1146 1193 1407 1262 synodum
1438 1191 1610 1246 oratio
1645 1191 1711 1246 de
1750 1209 1896 1261 pace.

561 1306 582 1339 ο
602 1288 727 1346 [an
745 1298 860 1346 erat
881 1301 1096 1343 summa
1109 1296 1356 1341 votorum
1373 1298 1642 1349 meorum,
1666 1284 2000 1349 charissimi,
2020 1294 2078 1339 ut

497 1387 674 1435 coetus
705 1376 872 1430 vestri
906 1383 1204 1443 conspectu
1253 1373 1385 1428 mihi
1421 1375 1757 1446 quandoque
1804 1375 1910 1430 frui
1952 1389 2079 1431 con-

499 1472 746 1541 tingeret.
763 1471 928 1540 Cujus
945 1473 1054 1528 voti
1078 1489 1300 1545 compos
1315 1490 1460 1530 nunc
1481 1475 1681 1542 factus,
1702 1475 1811 1530 Deo
1830 1475 2075 1530 omnium

494 1562 629 1632 Regi
662 1565 868 1634 gratias
898 1581 1021 1636 ago,
1063 1567 1157 1638 qui
1205 1577 1408 1638 prmter
1450 1569 1740 1624 innumera
1771 1567 1876 1623 alia
1914 1569 2080 1623 bene-

495 1653 638 1721 ﬁcia,
681 1656 785 1712 hoc
829 1658 1075 1713 omnium
1118 1660 1388 1715 bonorum
1432 1660 1731 1715 maximum
1775 1660 1909 1715 mihi
1955 1675 2077 1730 spe-

493 1759 642 1803 ctare
691 1750 985 1819 concessit,
1028 1761 1088 1806 ut
1128 1752 1343 1808 scilicet
1389 1768 1486 1808 vos
1536 1754 1592 1808 in
1667 1769 1834 1808 unum
1885 1767 2078 1808 omnes

2177 549 2528 622 χαριστήριον
2562 549 2648 602 ἐπ’
2697 549 2850 621 αὐτῷ
2881 551 3201 622 ποιούμενος
3236 550 3406 622 ὕμνον
3427 569 3441 583 ο
3471 553 3646 625 ἐπειδὴ
3685 554 3731 608 δὲ

2177 640 2272 693 κα)⁵
2301 638 2463 702 αὐτὸς
2490 637 2750 709 καθῆστο,
2785 639 2912 710 σιγὴ
2949 639 3048 710 μὲν
3078 639 3346 708 ἐγίγνετο,
3389 637 3601 691 πάντων
3629 639 3728 692 ἁτε·

2176 733 2264 795 νὲς
2291 733 2368 795 εἰς
2397 730 2619 800 βασιλέα
2648 730 2974 801 βλεπόντωψ
3002 733 3030 784 ὁ
3051 731 3108 785 δὲ
3135 731 3380 804 φαιδροῖς
3409 730 3610 804 ὄμμασι
3637 731 3732 795 τοῖς

2177 824 2312 877 πᾶσι
2354 821 2588 892 γαληνὸν
2635 821 2933 892 ἐμϐλέψας,
2976 823 3209 878 κᾶπειτα
3251 821 3727 892 συναγαγὼν-αὐτὸ,

2179 915 2314 984 πρὸς
2339 913 2542 982 ,ἑαυτὸν
2583 913 2681 984 τὴν
2705 914 2943 969 διάνοιαν
2963 955 2977 980 ,
3005 915 3194 987 ἡσύχῳ
3235 916 3331 969 καὶ⁹
3368 915 3568 989 πραείᾳ
3602 921 3728 989 φωνῇ

2178 1009 2318 1061 τοῖον
2345 1005 2595 1060 ἀπέδωκε
2619 1005 2802 1075 λόγον·

2699 1095 3099 1151 ΚΕΦΑΛΑΙΟΝ
3137 1094 3240 1150 ΙΒ’.

2179 1189 2638 1245 Κωνσταντίνου
2680 1187 2830 1257 πρὸς
2868 1186 2982 1256 τὴν
3018 1187 3287 1242 σύνοδον
3324 1189 3458 1256 περὶ
3497 1189 3726 1260 εἰρήνης.

2251 1299 2270 1332 ι
2309 1281 2489 1350 Εὑχῆς
2516 1280 2612 1351 μὲν
2639 1282 2763 1352 ἐμοὶ
2791 1279 2942 1344 τέλος
2964 1277 3054 1351 ἦν,
3079 1273 3125 1334 ὧ
3152 1279 3297 1348 φίλοι
3321 1319 3336 1344 ,
3367 1280 3466 1350 τῆς
3492 1282 3728 1355 ὑμετέρας

2179 1370 2481 1426 ἀπολαῦσαι
2508 1371 2754 1444 χορείας,
2783 1370 2974 1425 τούτου
3002 1371 3059 1423 δὲ
3092 1369 3294 1442 τυχὼν,
3329 1371 3522 1425 εἰδέναι
3544 1372 3613 1442 τῷ
3637 1373 3725 1428 Βα-

2182 1465 2320 1518 σιλεί
2344 1465 2451 1518 τῶν
2478 1465 2614 1518 ὃλων
2646 1463 2742 1536 τὴν
2777 1465 2936 1537 χάριν
2962 1463 3231 1535 ὁμολογῶ,
3256 1465 3340 1518 ὅτι
3368 1482 3457 1536 μοι
3490 1466 3613 1536 πρὸς
3634 1469 3725 1530 τοίς

2179 1557 2359 1622 ἄλλοις
2382 1558 2573 1624 ἅπασι,
2592 1559 2687 1613 καὶ
2712 1558 2871 1611 τοῦτο
2891 1561 3134 1627 κρεῖττον
3163 1558 3372 1628 ἀγαθοῦ
3402 1560 3591 1624 παντὸς
3619 1560 3724 1612 ἰδεῖν

2179 1650 2521 1723 ἐδωρήσατο·
2556 1652 2700 1723 φημὶ
2729 1651 2794 1724 δὴ
2825 1652 2920 1716 τὸ,
2958 1652 3331 1722 συνηγμένους
3375 1652 3507 1724 ὁμοῦ
3551 1653 3724 1716 πάντας

2178 1745 2491 1811 ἀπολαϐεῖν,
2515 1745 2642 1818 μίαν
2666 1763 2725 1799 τε
2745 1745 2930 1817 κοινὴν
2952 1746 3208 1800 ἁπάντων
3228 1747 3508 1819 ὁμόφρονα
3528 1746 3721 1819 γνώμην

491 1853 876 1914 congregatos,
909 1854 964 1899 et
993 1845 1437 1915 conspirantihus
1466 1846 1665 1902 animis
1705 1860 1868 1901 unum
1901 1845 2068 1900 idem-

2181 1813 2681 1908 θεάσασθαιίΜηδ
2713 1832 2804 1890 οὖν
2841 1813 3107 1907 βασκανός
3137 1855 3221 1901 τις
3254 1813 3448 1909 ἐχθρὸς
3488 1813 3723 1909 τοῖς

497 1950 604 2004 que
641 1935 937 1991 sentientes
967 1936 1236 1993 viderem.
1276 1937 1468 1994 Nullus
1497 1938 1666 2010 igitur
1709 1939 1934 2008 posthac
1963 1954 2079 1992 ma-

493 2023 704 2080 levolus
736 2024 909 2081 hostis
937 2025 1147 2081 lelicem
1183 2041 1364 2081 rerum
1392 2036 1699 2082 nostrarum
1727 2037 1927 2082 statum
1956 2043 2079 2098 per-

493 2114 695 2182 turbet,
746 2129 846 2170 nec
891 2125 1012 2186 post
1053 2116 1280 2172 deletam
1315 2116 1563 2173 funditus
1594 2134 1660 2174 ac
1692 2118 1958 2174 sublatam
1983 2118 2078 2174 Dei

496 2202 808 2262 Servatoris
837 2208 1064 2270 auxilio.
1093 2209 1439 2279 tyrannidem
1470 2223 1659 2264 eorum
1692 2210 1783 2280 qui
1813 2210 1922 2265 Deo
1956 2209 2074 2265 bel-

493 2294 603 2348 lum
645 2296 982 2362 indixerant,
1038 2297 1544 2370 rursusmalignus
1586 2300 1794 2354 daemon
1838 2299 1940 2354 alia
1989 2302 2074 2354 via

491 2402 557 2441 ac
575 2387 781 2443 ratione
807 2389 1039 2444 divinam
1075 2387 1244 2459 legem
1275 2390 1576 2447 maledictis
1597 2400 1654 2446 et
1675 2391 1956 2446 calumniis
1981 2406 2077 2445 ex-

493 2490 682 2551 ponat.
717 2481 925 2552 Quippe
957 2483 1210 2538 intestina
1253 2483 1451 2537 seditio
1494 2482 1752 2539 Ecclesia:
1795 2483 1910 2550 Dei,
1944 2482 2075 2537 mihi

494 2573 714 2642 quidem
751 2573 898 2627 omni
939 2573 1082 2630 bello
1113 2585 1169 2629 et
1201 2575 1609 2631 concertatione
1639 2575 1860 2645 gravior
1885 2590 1948 2630 ac
1978 2591 2074 2646 pe-

494 2663 782 2720 riculosior
809 2665 1055 2720 videtur:
1096 2681 1195 2723 nec
1222 2677 1459 2723 externae
1505 2683 1593 2724 res
1635 2676 1843 2723 tantum
1893 2668 2076 2722 animo

494 2769 618 2810 meo
664 2755 909 2811 dolorem
953 2756 1213 2820 aderunt,
1255 2769 1520 2826 quantum
1569 2760 1684 2814 haec
1720 2758 1958 2829 negotia.
2008 2759 2078 2813 Et

489 2862 558 2905 eo
591 2849 806 2919 quidem
844 2860 1090 2922 tempore
1121 2867 1230 2924 quo
1265 2853 1360 2908 Dei
1392 2860 1524 2908 nutu
1555 2860 1718 2923 atque
1751 2852 1954 2908 auxilio
1979 2851 2077 2906 ad-

485 2939 642 3010 jutus
666 2938 950 2995 victoriam
1001 2942 1070 2998 de
1113 2943 1362 2998 hostibus
1396 2943 1729 3007 retuleram,
1778 2941 1914 2996 nihil
1955 2956 2074 2996 am-

490 3030 636 3101 plius
671 3032 801 3087 mibi
855 3047 1145 3104 superesse
1178 3033 1597 3099 existimabam,
1643 3046 1808 3104 quant
1847 3038 1906 3088 ut
1957 3040 2074 3088 tum

489 3123 682 3182 divino
731 3122 953 3180 Numini
991 3126 1196 3196 gratias
1242 3139 1488 3198 agerent,
1535 3133 1646 3179 tum
1688 3138 1794 3179 una
1841 3138 1966 3180 cum
2007 3124 2075 3182 iis

488 3231 631 3284 quos
677 3216 820 3274 Deus
867 3233 986 3272 mea
1029 3233 1198 3290 opera
1237 3217 1291 3274 in
1336 3216 1644 3274 libertatem
1679 3218 2074 3286 vindicaverat,

486 3311 767 3364 communi
794 3311 991 3380 gaudio
1021 3309 1378 3368 exsultarem.
1414 3310 1522 3366 Sed
1553 3309 1644 3364 ubi
1671 3310 1739 3367 de
1776 3309 2076 3366 dissensio.

491 3418 560 3456 ne
594 3413 770 3456 vestra
815 3404 1038 3459 nuntius
1088 3403 1156 3458 ad
1203 3418 1291 3459 me
1348 3404 1626 3474 insperato
1677 3404 1922 3473 perlatus
1965 3413 2070 3470 est,

489 3495 744 3565 equidem
790 3511 910 3550 eam
986 3512 1098 3551 rem
1163 3495 1388 3552 minitne
1439 3496 1808 3567 ncgligendam
1858 3497 2065 3568 putavi.

489 3584 702 3660 Quippe
729 3597 927 3660 optans
958 3596 1017 3643 ut
1044 3588 1172 3644 huic
1201 3588 1344 3645 malo
1384 3603 1504 3645 mea
1535 3604 1751 3660 quoque
1783 3604 1948 3660 opera
1981 3605 2068 3646 re-

491 3826 576 3871 est
605 3818 660 3872 in
693 3818 849 3872 titulo
873 3816 1037 3886 hujus
1067 3813 1707 3886 capitisu'l'heodoritus
1742 3815 1950 3886 vero_in
1983 3813 2022 3869 l.
2051 3831 2069 3872 ι

493 3887 768 3950 Historim,
795 3902 916 3956 cap.
947 3884 1012 3948 Ἴ,
1049 3884 1171 3956 ηοιι
1199 3887 1268 3940 ab
1298 3884 1549 3949 Eusebio,
1605 3886 1698 3939 sed
1737 3889 1806 3938 ab
1864 3884 2063 3940 Eusta-

491 3959 606 4014 thio
635 3955 935 4012 Antiochia:
968 3955 1208 4010 civitatis
1253 3956 1509 4025 episcopo
1574 3956 1875 4010 orationem
1923 3956 2069 4011 hanc

489 4027 728 4084 habitam
753 4042 872 4082 esse
906 4027 1056 4082 dicit.
1094 4025 1410 4080 Theodoriti
1465 4028 1790 4080 sententiam
1849 4035 2069 4080 secutus

486 4112 571 4154 est
603 4098 868 4152 Duronius
895 4114 910 4156 ;
935 4112 1095 4166 quem
1154 4095 1389 4166 quidem
1410 4110 1625 4163 semper
1669 4095 1850 4149 hostili
1887 4106 2066 4166 atque

435 4177 467 4246 ’ξ
488 4169 700 4246 infenso
725 4170 908 4246 animo
933 4164 1524 4246 adversusAEusebium
1578 4176 1822 4246 nostrum
1864 4165 2062 4246 III'ISSC,

462 4234 553 4293 ‘ex
579 4239 944 4308 ejusscriptis
983 4237 1161 4306 quivis
1212 4236 1371 4308 facile
1412 4235 1804 4308 deprehendet.
1864 4234 2062 4308 Verum

434 4317 446 4331 ’
488 4305 677 4364 auctor
700 4305 953 4363 Historia:
986 4305 1274 4376 tripartite:
1314 4306 1368 4361 in
1411 4305 1550 4361 libro
1585 4323 1647 4370 ιι,
1703 4320 1822 4374 cap.
1875 4305 1929 4364 5.
1971 4306 2060 4360 ubi

487 4380 801 4435 Theodoriti
856 4379 1020 4434 verba
1073 4377 1356 4440 describit,
1417 4378 1493 4431 ait
1540 4386 1664 4446 post
1718 4376 2060 4430 Eustathiurn

486 4451 881 4505 Antiochenum
905 4488 921 4511 ,
967 4448 1257 4504 Eusebium
1297 4459 1515 4517 quoque
1552 4446 1944 4517 Caesariensem
1994 4446 2062 4517 de

487 4521 736 4576 laudibus
789 4518 1141 4588 imperatoris
1195 4516 1500 4572 orationem
1558 4517 1835 4588 habuisse.
1903 4516 2060 4588 Quod

487 4600 666 4646 tamen
709 4591 761 4645 in
807 4587 1015 4646 Grmcis
1074 4587 1388 4656 Tbeodorjti
1433 4587 1838 4656 exemplaribus
1902 4587 2062 4640 hodie

484 4642 1254 4730 tto—ti“habetuer—prvorsusrut
1288 4642 1523 4730 itkcessg
1548 4642 1667 4730 si't,
1696 4667 1795 4730 aut
1826 4656 2064 4730 Epipha-

485 4731 634 4784 nium
662 4727 1055 4785 scholastieum
1103 4729 1432 4797 integriores
1483 4727 1799 4783 Tbeodoriti
1848 4729 2062 4782 codices

486 4810 705 4854 nactum
735 4801 920 4864 fuisse,
952 4810 1046 4854 aut
1081 4800 1146 4852 de
1173 4814 1273 4854 suo
1303 4801 1356 4854 id
1415 4799 1709 4859 addidisse,
1773 4807 1833 4851 ut
1893 4798 2063 4851 inter-

483 4870 611 4924 dum
640 4870 795 4924 solet.
827 4871 957 4923 Tale
985 4878 1072 4924 est
1098 4869 1226 4923 illud
1266 4870 1410 4938 quod
1455 4885 1621 4938 supra
1657 4868 1967 4922 notavimus
1995 4869 2062 4922 de

482 4940 644 5010 regite
657 4941 806 5010 urbis
819 4943 1096 5009 episcopo,
1114 4953 1276 5008 quem
1298 4939 1525 4993 Nicaeum
1541 4940 1872 5010 synodgtton
1888 4938 2059 5010 inter-

483 5009 655 5079 fuisse
684 5008 940 5064 Socrates
965 5027 1032 5066 ex
1059 5011 1293 5065 Eusebio
1317 5008 1581 5079 prodidit,
1609 5010 1697 5063 ubi
1724 5008 2059 5078 Epiphanius

480 5077 840 5150 scholasticus
865 5080 1157 5135 Alexandri
1190 5077 1384 5136 nomen
1413 5081 1621 5134 addidit
1661 5080 1812 5150 gravi
1832 5077 2057 5150 errore,

479 5165 604 5206 cum
640 5148 1045 5218 Metrophanem
1077 5153 1259 5220 potius
1295 5152 1478 5206 dicere
1505 5148 1802 5220 debuisset.
1855 5148 2060 5220 Scdut

481 5221 548 5274 ad
589 5222 922 5291 propositum
954 5218 1320 5284 revertamur,
1343 5220 1585 5291 suntqui
1619 5234 1718 5291 nec
1751 5218 2057 5291 Eustathio,

483 5289 869 5356 nec’EuSebio,
908 5293 1001 5343 sed
1059 5291 1366 5345 Alexandro
1419 5289 1910 5344 Alexandrinorum
1944 5289 2060 5353 epi-

481 5375 646 5428 scopo
673 5363 726 5415 id
760 5361 979 5414 honoris
1016 5360 1254 5414 delatum
1289 5377 1409 5416 esse
1429 5361 1675 5414 scribant
1701 5399 1716 5421 ,
1747 5369 1808 5412 ut
1839 5358 2054 5413 concilii

482 5427 700 5486 nurnine
726 5433 1106 5499 imperatorem
1149 5432 1540 5500 alloqueretur.
1575 5429 1793 5500 Nicctas
1837 5429 1907 5500 in;
1930 5427 2058 5482 Tlte-

480 5516 642 5570 σαψ-ο
675 5498 982 5556 orthodoxa:
1028 5503 1176 5570 ﬁdei,
1235 5498 1328 5556 lib.
1358 5517 1410 5566 ν,
1469 5517 1587 5570 cap.
1630 5498 1698 5562 7,
1740 5499 1790 5570 id
1823 5498 2058 5570 alIirtnat

483 5569 569 5626 his
594 5575 775 5626 verbis
802 5589 816 5625 :
852 5593 870 5623 ι
898 5568 1166 5626 Eusebius
1196 5572 1270 5626 De
1301 5573 1411 5625 vita
1441 5568 1787 5625 Constantini
1822 5568 1964 5622 libro
1993 5584 2054 5624 ιιι

483 5653 545 5695 se
578 5645 810 5714 primum
855 5645 1016 5714 verba
1070 5642 1122 5695 in
1179 5642 1386 5714 synodo
1438 5642 1940 5714 fecisse__testatur.
1997 5641 2054 5694 Si

485 5709 666 5766 tamen
711 5711 1038 5766 'l'heodorito
1078 5709 1386 5777 credimus,
1446 5710 1761 5766 Eustathius
1803 5709 2011 5778 primus
2037 5749 2053 5774 ,

477 5792 620 5846 εις..
680 5790 740 5835 ιιι
799 5790 975 5836 autem
1011 5781 1327 5838 Theodorus
1375 5781 1785 5853 Mopsuesteuus
1844 5779 2048 5844 scribit,

2179 1930 2360 2002 τέροις
2402 1930 2586 1994 καλοῖς
2627 1929 3002 2001 λυμαινέσθω,
3031 1930 3170 2001 μηδὲ
3215 1931 3316 2002 τῆς
3353 1933 3612 2003 τυράννων
3634 1931 3722 1985 θεον

2183 2023 2384 2094 μαχξας
2428 2022 2670 2076 ἐκποδὼν
2709 2021 2969 2094 ἀρθείσης
3012 2022 3149 2076 Θεοῦ
3194 2023 3450 2094 Σωτῆρος
3509 2024 3718 2094 δυνάμει,

2180 2115 2382 2186 ἑτέρως
2415 2114 2528 2186 (47)
2562 2117 2591 2168 ὁ
2633 2113 2993 2185 φιλοπόνηρος
3043 2113 3251 2186 δαίμων
3297 2115 3390 2168 τὸν
3426 2115 3558 2168 Θείον
3588 2115 3718 2186 νόμον

2181 2205 2548 2277 βλασφημίαις
2569 2204 2939 2277 περιδαλλέτω
2955 2222 2968 2236 ’
2993 2204 3070 2267 ὡς
3091 2204 3282 2276 ἔμοιγε
3306 2206 3501 2268 παντὸς
3522 2205 3715 2276 πολέμου

2179 2298 2272 2350 καὶ
2294 2297 2473 2368 μάχης
2518 2293 2664 2368 δεινὴ
2703 2296 2797 2350 καὶ
2828 2295 3212 2367 χαλεπωτέρα,
3244 2297 3279 2366 ἡ
3312 2297 3409 2366 τῆς
3444 2296 3715 2367 Ἐκκλησίας

2177 2388 2270 2442 τοῦ
2315 2388 2450 2442 Θεοῦ
2497 2389 2760 2461 ἐμφύλιος
2796 2387 3108 2458 νενόμισται
3154 2388 3381 2454 στάσις,
3425 2389 3513 2442 καὶ
3555 2389 3717 2460 μᾶλλον

2175 2481 2346 2536 ταῦτα
2388 2482 2496 2536 τῶν
2542 2482 2738 2549 ἔξωθεν
2772 2480 2992 2554 λυπηρὰ
3029 2482 3441 2552 καταςαξνεται.
3473 2483 3583 2536 Ὅτε
3609 2482 3718 2551 γοῦν

2177 2575 2274 2638 τας
2307 2575 2449 2629 κατὰ
2472 2575 2580 2630 τῶν
2608 2575 2880 2647 πολεμίων
2911 2575 3070 2639 νίκας
3092 2575 3325 2646 νεύματι
3355 2577 3448 2630 καὶ
3475 2575 3717 2648 ωνεργείᾳ

2176 2666 2272 2720 τοῦ
2305 2669 2610 2740 κρείττονος
2639 2669 2884 2740 ἠράμην,
2915 2669 3067 2723 οὐδέν
3098 2686 3158 2722 τε
3199 2668 3408 2723 λείπειν
3438 2669 3537 2741 (48)
3565 2669 3716 2739 ἐνόμι-

2179 2761 2291 2826 ζον,
2318 2761 2351 2832 ἢ
2381 2760 2500 2832 Θεῷ
2525 2762 2623 2832 μὲν
2648 2760 2888 2832 νομίζειν
2908 2763 3006 2833 τὴν
3034 2761 3216 2834 χάριν,
3250 2762 3553 2835 συγχαίρειν
3572 2761 3619 2814 δὲ
3640 2762 3716 2814 καὶ

2177 2856 2290 2918 τοῖς
2328 2853 2470 2925 ὑπὲρ
2512 2853 2676 2908 αὑτοῦ
2715 2854 2783 2908 δι’
2823 2854 2980 2926 ἡμῶν
3021 2855 3526 2927 ἡλευθερωμένοις·
3561 2853 3714 2925 ἐπειδὴ

2176 2945 2275 3017 τὴν
2299 2945 2571 3020 ὑμεἻτέρειν
2585 2946 2869 3002 διάστασιν
2889 2949 3017 3019 παρ’
3041 2947 3231 3001 ἐλπίδα
3255 2950 3436 3002 πᾶσαν
3459 2947 3713 3018 ἐπυθόμην,

2177 3037 2278 3091 οὐκ
2305 3040 2362 3093 ὲν
2388 3038 2622 3111 δευτέρῳ
2651 3039 2747 3112 τὴν
2773 3041 2941 3112 ἀκοὴν
2963 3040 3188 3112 ὲοέμην,
3205 3044 3390 3112 τυχεῖν
3411 3041 3465 3095 δὲ
3487 3039 3714 3095 καὶτοῦτο

2179 3127 2475 3202 θεραπείας
2501 3131 2567 3184 δι’
2595 3131 2735 3204 ἐμῆς
2763 3132 3058 3205 εὐξάμενος
3089 3136 3397 3207 ὑπηρεσίας
3416 3178 3430 3202 ,
3466 3137 3579 3198 τοὺς
3604 3133 3712 3187 πάν-

2181 3241 2282 3288 τας
2329 3222 2597 3297 ὰμελλητῖ
2656 3225 3240 3299 συμμετεστειλάμηνο
3298 3229 3394 3282 καὶ
3437 3228 3596 3299 χαίρω
3635 3226 3714 3296 μὲν

2179 3316 2320 3385 δρῶν
2349 3317 2449 3390 τὴν
2473 3318 2742 3390 ὑμετέραν
2769 3321 3060 3391 ὁμήγυριν,
3094 3320 3217 3374 τότε
3249 3321 3308 3374 δὲ
3336 3320 3556 3392 μάλιστα
3577 3318 3714 3390 κρίνω

2180 3411 2300 3464 κατ’
2348 3409 2512 3480 εὐχὰς
2547 3411 2780 3482 ἐμαυτὸν
2815 3412 3044 3484 πράξειν
3068 3453 3082 3477 ,
3131 3412 3353 3467 ἐπειδὰν
3395 3415 3510 3477 ταῖς
3549 3412 3713 3482 ψυχαῦς

2177 3502 2583 3574 ἀνακραθέντας
2608 3503 2775 3574 ἴδοιμι
2802 3505 2927 3568 τοὺς
2950 3505 3179 3569 πάντας,
3206 3505 3336 3576 μίαν
3367 3522 3425 3559 τε
3448 3503 3610 3574 κοινὴν
3625 3501 3710 3570 (49)

2174 3594 2545 3667 βραϐεύουσαν
2570 3599 2681 3662 τοῖς
2703 3598 2868 3651 πᾶσιν
2893 3597 3176 3670 εἰρηνικὴν
3203 3598 3538 3670 συμφωνίαν,
3561 3599 3618 3667 ἦν
3637 3592 3710 3647 καὶ

2179 3815 2494 3886 Alexandro
2525 3814 2898 3886 Alexandrino
2938 3816 3183 3886 pontifici
3242 3816 3296 3870 id
3345 3813 3708 3886 bonorisiultro

2177 3885 2413 3939 delatmn
2437 3898 2540 3940 est.
2582 3906 2600 3936 ι
2641 3885 2754 3955 Ego
2797 3885 3016 3942 vero'in
3049 3895 3197 3940 tanta
3226 3888 3541 3956 scriptorum
3563 3885 3708 3940 diver-

2174 3957 2338 4011 sitate
2371 3957 2624 4010 libentius
2647 3957 2694 4010 ei
2730 3958 3016 4012 sententia:
3073 3960 3427 4020 accesserim,
3475 3972 3584 4025 quae
3626 3956 3711 4008 llu-

2172 4028 2323 4080 sebio
2357 4029 2560 4096 primas
2585 4027 2799 4080 dicendi
2826 4038 3009 4093 partes
3041 4043 3070 4080 a
3107 4031 3317 4096 synodo
3365 4027 3560 4083 delatas
3614 4038 3709 4080 esse

2172 4096 2420 4151 allirmat.
2453 4096 2694 4151 Primum
2744 4097 2870 4165 quia
2923 4098 3165 4152 omnium
3213 4099 3332 4152 sine
3385 4097 3709 4152 controversia

2173 4167 2523 4221 doctissimus
2556 4181 2619 4220 ac
2646 4167 3039 4223 disertissimus
3068 4178 3186 4222 erat
3216 4167 3500 4224 Eusebius.
3545 4166 3738 4221 Deinde.

2173 4236 2288 4305 ipse
2321 4240 2374 4290 id
2403 4247 2591 4306 aperte
2627 4246 2860 4294 testatur
2885 4240 2937 4292 in
2969 4239 3242 4304 principio
3271 4240 3429 4304 hujus
3460 4239 3623 4306 operis
3643 4236 3707 4289 his

2172 4308 2406 4379 verbis:
2440 4305 2605 4378 Ἀρτι
2736 4310 2831 4362 καὶ
2857 4311 3015 4379 ἡμεῖς
3047 4309 3202 4362 αὐτοὶ
3243 4309 3546 4362 καλλίνικον
3579 4305 3708 4375 μέσον

2169 4377 2532 4451 ἀπολαϐόντες
2563 4377 2700 4451 Θεοῦ
2731 4377 3059 4451 λειτουργῶν
3090 4381 3310 4451 συνόδου
3329 4424 3344 4445 ,
3378 4383 3705 4451 εἰκοσαετηριτ

2169 4451 2284 4526 κοῖς
2298 4449 2486 4518 ὕμνοις
2514 4450 2896 4526 εγεραίρομεν,
2914 4446 2973 4526 id
2990 4459 3115 4526 est,
3134 4448 3498 4526 Δ’ξῖιιρςιίειίαιιι
3524 4465 3607 4502 nos
3631 4446 3706 4514 ipsi

2093 4503 2138 4560 Ῑ)
2167 4503 2416 4572 victorem
2447 4503 2735 4589 principem
2777 4503 2831 4573 in
2863 4503 3033 4574 medio
3077 4519 3172 4572 Dei
3213 4503 3565 4575 ministrorum
3612 4503 3707 4570 con-

2165 4597 2320 4642 ventu
2343 4591 2674 4654 residentem,
2710 4591 3073 4644 vicennatibus
3104 4591 3314 4660 hymnis
3357 4589 3608 4661 prosecuti
3631 4603 3704 4640 ιιι-

2164 4674 2299 4712 ηιιιε.

2231 4750 2347 4821 (47)
2406 4751 2666 4821 Ἑτέρως.
2727 4752 3040 4819 Portesius,
3109 4753 3621 4824 ChristOphorsonus
3665 4755 3705 4801 et

2162 4820 2405 4877 Gallicus
2433 4820 2704 4892 interpres
2735 4827 2876 4878 hanc
2913 4839 3096 4879 vocem
3129 4820 3381 4883 omisere.
3409 4840 3530 4880 cum
3555 4832 3700 4876 tamen

2166 4903 2277 4946 tota
2312 4896 2396 4948 vis
2419 4895 2702 4948 sententis:
2732 4894 2784 4946 in
2815 4910 2877 4948 ea
2915 4910 3049 4948 voce
3104 4895 3280 4962 posita
3330 4897 3422 4949 sit.
3471 4895 3546 4947 Ad
3591 4893 3700 4962 hanc

2161 4964 2307 5034 enim
2341 4980 2526 5019 vocem
2555 4963 2794 5017 refertur
2827 4980 2950 5034 quae
2975 4967 3226 5034 proxime
3271 4966 3516 5032 sequitur
3557 4961 3700 5034 perio-

2162 5033 2261 5085 dus
2289 5051 2302 5086 :
2335 5053 2352 5085 ι
2389 5035 2609 5107 Cavete,
2635 5035 2828 5107 inquit,
2844 5031 2926 5107 'ne
2968 5031 3088 5107 post
3120 5031 3364 5089 deletam,
3405 5031 3698 5107 tyrannidem

2161 5117 2350 5156 eorum
2379 5105 2468 5167 qui
2523 5105 2632 5160 Deo
2661 5103 2858 5158 bellum
2905 5103 3244 5169 intulerunt,
3288 5103 3479 5160 rursus
3529 5105 3698 5156 daemon

2162 5174 2270 5226 alia
2305 5175 2390 5227 via
2420 5174 2738 5244 religionem
2774 5186 3018 5230 nostram
3067 5175 3374 5230 maledictis
3425 5185 3478 5229 et
3525 5173 3698 5244 calum-

2160 5245 2266 5314 ttiis
2297 5242 2545 5310 objiciat.
2566 5265 2584 5297 ι
2610 5246 2731 5314 Alia
2778 5247 2942 5314 igitur
2965 5246 3072 5309 via,
3108 5245 3160 5298 id
3201 5257 3306 5313 est,
3338 5261 3434 5314 per
3462 5242 3698 5300 inteStiuas

2159 5311 2548 5369 dissensiones.
2582 5313 2716 5370 Vide
2743 5311 2863 5384 qua:
2891 5333 3014 5370 mox
3037 5311 3362 5385 sequuntur.

2231 5428 2342 5497 (48)
2405 5428 2596 5482 Οὐδέν
2641 5446 2706 5482 τε
2754 5430 3008 5484 λείπειν.
3073 5428 3432 5484 Scribendum
3484 5427 3694 5497 videtur.

2157 5496 2518 5572 οὐδὲν-ἔμοιγε
2563 5499 2771 5572 λείπειν
2814 5499 3081 5572 ἐνόμιζον,
3119 5511 3198 5572 Διιι
3237 5502 3407 5572 paulo
3454 5508 3566 5572 post
3603 5496 3695 5560 lego

2157 5586 2281 5642 cum
2315 5570 2567 5642 'l‘tirrtebo
2589 5583 2645 5623 et
2673 5569 2929 5636 Grutero,
2960 5572 3082 5623 ἐπεὶ
3113 5569 3168 5623 δὲ
3197 5571 3296 5642 τὴν
3323 5570 3693 5642 ὑμετέραν,ςιςο

2230 5640 2342 5710 (49)
2375 5641 2534 5694 Μίαν
2560 5658 2626 5694 τε
2655 5642 3116 5706 xowdrdtectius
3151 5639 3274 5698 meo
3298 5639 3498 5712 judicio
3521 5639 3694 5696 scrib?

2160 5723 2309 5766 retur
2348 5713 2500 5782 κοινῇ
2532 5714 2928 5768 adverbialiter.
