3864 6494
172 462 290 521 ίυτὸ

1195 456 1307 525 ΒΕ,
1334 454 1496 511 VITA
1538 452 1996 511 CONSTANTINI
2033 453 2164 510 LIB.
2211 456 2303 512 III.

3255 456 3394 514 1074

173 596 263 651 ρων
279 573 381 646 (60)
405 573 871 647 προσανεπαύοντο
895 542 1165 636 κλινάδας.
1195 570 1427 644 Χριστοῦ
1451 569 1693 642 βασιλεία

1825 586 1946 627 cum
1982 572 2310 643 imperatore
2336 570 2705 627 accubuerunt
2729 569 2852 626 :alii
2877 569 2930 626 in
2961 569 3205 627 stibadiis
3227 573 3396 635 utrin-

168 669 322 733 ἔδοξεν
371 666 436 721 ἁν
482 683 568 731 τις
608 665 1033 737 φαπασιοῦσθαι
1070 666 1284 731 εἰκόνα,
1329 665 1460 735 δναρ
1499 667 1545 719 τ’
1573 660 1710 720 εἶναι

168 759 267 818 ἀλλ’
292 759 384 829 οὐχ
417 756 564 832 ὕπαρ
596 757 656 812 τὸ
687 757 992 830 γινόμενον.

649 933 1048 988 ΚΕΦΑΛΔΙΟΝ
1079 931 1194 1002 Iq'.

138 1098 141 1099 ν
192 1027 517 1098 Χαρίσματα
571 1024 978 1114 ἐπισχέσεως,
1014 1026 1111 1114 καὶ
1169 1022 1477 1096 ψάμματα
1527 1027 1676 1098 πρὸς

697 1111 839 1163 τους
897 1111 1149 1162 πάντας.

134 1156 143 1271 ξ
233 1189 370 1243 Ἐπεὶ
416 1189 472 1244 δὲ
521 1188 789 1262 λαμπρῶς
814 1156 903 1243 ’τὰ
947 1188 1048 1259 τῆς
1099 1156 1332 1261 εὐωχίας
1381 1189 1708 1263 προύχώρει,

132 1324 137 1343 ε
160 1277 227 1331 ἔτι
256 1281 341 1334 καὶ
365 1280 522 1334 τοῦτο
546 1280 794 1352 βασιλεὺς
813 1281 1151 1354 δεξιούμενος
1166 1283 1291 1346 τοὺς
1308 1282 1515 1347 πάντας
1542 1300 1711 1354 προσ-

159 1370 320 1438 ετίθει,
376 1366 762 1445 μεγάλοψύχως
826 1374 1059 1428 ἕκαστον
1092 1375 1234 1430 κατὰ
1264 1376 1362 1447 τὴν
1399 1375 1712 1448 πρέπουσαν

157 1462 295 1531 ἀξίαν
321 1468 431 1529 τοῖς
458 1468 591 1538 παρ’
620 1466 784 1520 αὐτοῦ
810 1466 982 1538 τιμῶν
1017 1466 1227 1533 ξενίοις.
1260 1468 1371 1541 Τῆς
1400 1468 1456 1521 δὲ
1495 1465 1710 1522 συνόδου

157 1558 355 1629 ταύτης,
391 1559 484 1611 καὶ
523 1560 636 1623 τοῖς
672 1557 745 1630 μὴ
780 1559 1011 1632 παροῦσι
1040 1559 1138 1632 τὴν
1172 1562 1393 1632 μνήμην
1418 1560 1483 1613 δι’
1510 1561 1708 1615 οἰκείου

159 1651 415 1721 παρεδίδου
440 1653 783 1723 γράμματος,
807 1652 835 1706 ὃ
856 1652 918 1725 δὴ
944 1653 1037 1707 καὶ
1057 1653 1208 1717 αὐτὸ,
1229 1652 1417 1725 ὥσπερ
1438 1654 1495 1707 ὲν
1517 1653 1706 1725 στήλῃ,

158 1741 267 1812 τῇδε
294 1744 356 1814 τῇ
399 1743 527 1814 περὶ
569 1741 733 1796 αὐτοῦ
774 1743 996 1813 συνάψω
1037 1743 1314 1816 διηγήσει,
1359 1742 1546 1799 τοῦτον
1589 1743 1710 1816 ἔχον

154 1833 232 1887 τὸν
263 1834 476 1906 τρόπον.

658 1925 1055 1980 ΚΕΦΑΛΑΙΟΝ
1082 1923 1180 1980 ῙΖ’.

152 2018 581 2073 Κωνσταντίνου
612 2018 762 2086 πρὸς
786 2018 892 2085 τὰς
927 2018 1292 2089 Ἐκκλησίας
1321 2018 1455 2088 περὶ
1488 2018 1598 2089 τῆς
1633 2018 1704 2074 ἐν

643 2090 861 2157 Νικαίςι
898 2088 1188 2143 συνόδου.

265 2200 282 2231 ι
315 2181 717 2242 Κωνσταντῖνος
750 2177 1017 2241 Σεϐαστὸς
1044 2179 1164 2241 ταῖς
1206 2178 1570 2251 Ἐκκλησίαις.

210 2289 227 2321 ι
255 2270 449 2343 Πεῖραν
476 2267 654 2322 λαϐών
685 2269 750 2322 ἐκ
774 2268 875 2339 τῆς
904 2265 1014 2321 τῶν
1040 2266 1232 2321 κοινῶν
1256 2268 1572 2340 εὐπραξίας,
1600 2269 1700 2340 ὅση

147 2363 233 2435 τῆς
264 2363 406 2428 θείας
446 2362 732 2432 δυνάμεως
778 2360 990 2430 πέφυκε
1025 2359 1206 2432 χάρις,
1252 2360 1442 2416 τοῦτον
1482 2360 1589 2434 πρό
1638 2377 1703 2430 γε

148 2453 340 2509 πάντων
381 2453 573 2525 ἔκρινα
623 2446 760 2506 εἷναί
804 2468 893 2522 μοι
937 2451 1234 2523 προσήκειν
1273 2450 1473 2507 σκοπὸν
1493 2492 1507 2517 ,
1556 2452 1703 2516 ὅπως

149 2548 279 2617 παρᾶ
308 2549 416 2611 τοῖς
444 2545 887 2617 μακαριωτάτοις
923 2544 1024 2615 τῆς
1046 2544 1340 2617 καθολικῆς
1381 2544 1703 2617 Ἐκκλησίας

148 2634 348 2706 πλήθεσι
395 2636 581 2700 πίστις
615 2636 714 2707 μία
742 2635 837 2689 καὶ
874 2633 1169 2708 είλικρινὴς
1205 2635 1425 2708 ἀγάπη,
1468 2635 1704 2708 ὁμογνώ-

147 2746 244 2797 μων
281 2746 337 2784 τε
373 2730 504 2802 περὶ
550 2728 643 2783 τὸν
676 2728 972 2801 παγκρατῆ
1004 2729 1135 2783 Θεὸν
1162 2730 1411 2785 εὐσέϐεια
1443 2731 1697 2802 τηρῆται.

155 2818 272 2872 Ἀλλ’
301 2820 488 2891 ἐπειδὴ
530 2819 677 2875 τοῦτ’
700 2822 800 2893 οὐχ
838 2816 949 2875 οἷόν
966 2823 1014 2877 τ’
1038 2817 1107 2894 ἦν
1131 2822 1323 2894 ἀκλινῆ
1346 2824 1439 2877 καὶ
1480 2823 1702 2894 βεϐαίαν

144 2911 271 2978 τάξιν
295 2911 509 2978 λαϐεῖν,
550 2915 600 2967 εί
629 2913 706 2985 μὴ
752 2914 833 2977 είς
862 2914 1027 2968 ταύτὸ
1063 2915 1280 2970 πάντων
1311 2915 1469 2986 ὁμοῦ,
1515 2916 1548 2987 ἢ
1592 2914 1702 2969 τῶν

144 3004 250 3073 γοῦν
278 3007 538 3061 πλειόνων
568 3008 880 3064 ἐπισκόπων
908 3007 1269 3063 συνελθόντων
1290 3051 1305 3076 ,
1336 3009 1566 3063 ἑκάστου
1588 3008 1700 3062 τῶν

143 3097 498 3168 προσηκόντων
547 3099 612 3169 τῇ
662 3098 941 3170 ἁγιωτάτῃ
992 3097 1259 3171 θρησκείᾳ
1297 3098 1568 3171 διάκρισις
1609 3095 1720 3167 γέ-’

141 3204 280 3255 νοιτο,
319 3188 510 3247 τούτου
554 3190 744 3245 ἕνεκεν
793 3190 1059 3245 πλείστων
1097 3191 1237 3244 ὅσων
1285 3190 1697 3262 συναθροισθέν-

138 3295 246 3343 των,
274 3281 431 3344 αύτὸς
462 3281 522 3335 δὲ
560 3281 814 3355 καθάπερ
844 3277 925 3346 εἷς
952 3281 1013 3347 ἐξ
1050 3281 1203 3353 ὑμῶν
1235 3282 1531 3353 ἐτύγχανον
1560 3301 1696 3353 συμ-
1724 3287 1767 3344 C

138 3370 306 3445 παρὼν
337 3374 416 3446 (οὐ
459 3374 569 3446 γάρ
608 3373 952 3447 ἀρνησαίμην
973 3372 1060 3438 ἂν,
1108 3372 1193 3441 ἐφ’
1220 3365 1263 3441 ᾧ
1299 3373 1533 3444 μάλιστα
1571 3374 1695 3444 χαί·

139 3483 230 3534 ρω,
272 3466 624 3539 συνθεράπων
670 3465 934 3537 ὑμέτερος
971 3464 1314 3534 πεφυκέναι),
1346 3464 1474 3536 ἁχρι
1518 3463 1701 3517 τοσού-

136 3573 214 3610 του
260 3559 474 3612 ἅπαντα
544 3557 647 3628 τῆς
712 3556 1097 3629 προσηκούσης
1158 3556 1456 3628 τετύχηκεν
1513 3556 1698 3621 ἐξετά-

138 3666 272 3714 σεως,
310 3651 469 3722 ἄχρις
499 3644 561 3705 οὗ
595 3653 629 3722 ἡ
663 3648 741 3720 τῷ
777 3650 991 3705 πάντων
1018 3650 1197 3722 ἐφόρῳ
1226 3649 1345 3721 Θεῷ
1382 3649 1695 3722 ἁρὲσκουσα

136 3740 322 3815 γνώμη,
369 3743 510 3814 πρὸς
554 3741 653 3814 τὴν
686 3742 790 3812 τῆς
827 3742 1080 3814 ὲνότητος
1112 3742 1430 3814 συμφωνίαν
1475 3741 1587 3814 (6|)
1616 3743 1696 3804 είς

135 3830 233 3898 φῶς
261 3832 507 3905 προήχθη
532 3871 548 3896 ,
583 3823 871 3903 ὡς’μηδὲν
916 3831 996 3886 ἐτι
1029 3831 1167 3905 πρὸς
1213 3832 1479 3904 διχόνοιαν
1521 3832 1554 3903 ἢ
1607 3832 1697 3886 πί-

136 3937 280 3988 στεως
301 3926 706 3999 ἀμφισϐήτησιν
739 3924 1146 3998 ὑπολείπεσθαι.

626 4018 1025 4073 ΚΕΦΑΛΑΙΟΝ
1055 4018 1165 4072 IH'.

173 4107 274 4162 Τοῦ
319 4107 507 4164 αὑτοῦ
551 4108 685 4177 περὶ
726 4110 1079 4179 συμφωνίας
1121 4106 1231 4179 τῆς
1263 4106 1379 4179 τοῦ
1424 4107 1641 4179 Πάσχα

415 4126 507 4163 που
551 4126 685 4177 περι
726 4126 808 4164 συ
852 4126 1079 4179 spumat;
1121 4126 1153 4161 τ
1199 4130 1231 4174 ς
1271 4126 1375 4161 του

415 4179 633 4248 ἑορτῆς
656 4218 673 4245 ,
720 4128 847 4233 arar
866 4179 1016 4233 κατὰ
1061 4126 1375 4233 Ἰουτδαίων.

183 4271 368 4327 ιἝνθα
389 4273 485 4325 καὶ
514 4270 644 4343 περὶ
667 4270 765 4341 τῆς
791 4269 885 4323 τοῦ
917 4271 1111 4341 Πάσχα
1141 4269 1449 4342 ἁγιωτάτης
1478 4269 1693 4342 ἡμέρας

131 4361 402 4435 γενομένης
435 4363 719 4436 ζητήσεως
739 4402 754 4428 ,
781 4362 925 4430 ἔδοξε
954 4367 1107 4435 κοινῇ
1134 4363 1329 4438 γνώμῃ
1364 4364 1475 4437 (62)
1510 4363 1691 4427 καλῶς

130 4448 272 4520 ἔχειν,
301 4455 392 4508 ἐπὶ
427 4456 559 4526 μιᾶς
583 4455 795 4527 ἡμέρας
826 4455 1037 4521 πάντας
1070 4457 1197 4520 τοὺς
1225 4456 1540 4527 ἁπανταχοῦ
1573 4459 1692 4511 ὲπι-

128 4543 297 4601 τελεῖν.
319 4548 384 4601 Τί
405 4548 515 4620 γάρ
534 4548 667 4619 ἡμῖν
688 4547 926 4613 κάλλιον,
943 4550 996 4601 τί
1019 4548 1076 4625 δὲ
1102 4548 1425 4621 σεμνότερον
1448 4549 1688 4621 ὑπάρξαι

1816 678 1923 734 que
1955 662 2232 733 dispositis
2267 663 2610 718 discubuere.
2656 661 2884 718 Prorsus
2935 663 3113 734 imago
3142 664 3390 733 qumdam

1811 755 1965 827 regni
2012 753 2217 811 Christi
2262 754 2595 820 adumbrari,
2623 767 2817 826 resque
2846 755 2960 825 ipsa
2989 755 3199 812 somnio
3225 769 3389 828 quam

1811 847 2024 905 veritati
2062 847 2280 919 propior
2305 846 2604 902 videbatur.

2395 938 2625 997 CAPUT
2664 938 2806 996 XVI.

1820 1031 2048 1088 Munera
2071 1033 2327 1103 episcopis
2341 1032 2559 1099 donata,
2575 1042 2623 1088 et
2651 1033 2842 1088 litterae
2860 1033 2930 1088 ad
2950 1048 3127 1091 omnes
3154 1033 3386 1103 scriptae.

1881 1188 2181 1246 Celebratis
2214 1190 2648 1261 splendidissimo
2669 1199 2930 1261 apparatu
2960 1190 3254 1257 conviviis,
3284 1193 3386 1246 im-

1812 1291 2032 1351 perator
2063 1292 2292 1338 cunctos
2322 1281 2622 1339 liberaliter
2655 1285 2956 1355 excipiens,
3000 1284 3053 1339 id
3083 1285 3249 1341 etiam
3284 1300 3386 1355 pro

1812 1391 1909 1433 sua
1955 1375 2353 1446 magniﬁcentia
2405 1378 2629 1449 adjecit,
2681 1387 2741 1433 ut
2796 1392 3241 1449 unumquemque
3285 1393 3386 1449 pro

1811 1468 2023 1524 meritis
2077 1483 2142 1523 ac
2201 1469 2470 1539 dignitate
2530 1469 2847 1528 muneribus
2903 1473 3215 1528 honoraret.
3279 1470 3387 1527 Eos

1811 1575 2029 1631 quoque
2055 1561 2147 1631 qui
2184 1559 2313 1618 huic
2360 1563 2565 1633 synodo
2618 1562 2841 1617 minime
2884 1563 3287 1629 interfuissent,
3320 1562 3389 1618 de

1811 1651 1974 1708 rebus
1997 1653 2050 1708 in
2077 1667 2139 1708 ea
2176 1655 2350 1725 gestis
2380 1655 2649 1712 certiores
2677 1655 2804 1710 fecit
2832 1669 2930 1725 per
2963 1656 3173 1711 litteras
3199 1673 3214 1711 :
3246 1670 3387 1727 quas

1811 1743 1875 1798 in
1917 1744 2021 1799 hoc
2063 1759 2252 1815 opere,
2286 1755 2546 1816 tanquam
2590 1746 2645 1800 in
2681 1744 2866 1800 tabula
2903 1746 3137 1817 quadam
3186 1745 3387 1803 incisas

1810 1849 2128 1905 proponam.
2158 1835 2293 1893 Sunt
2325 1847 2500 1892 autem
2533 1835 2860 1904 huiusmodi.

2373 1928 2601 1986 CAPUT
2641 1929 2805 1986 XVII.

1812 2021 2054 2093 Epistola
2086 2022 2426 2078 Constantini
2450 2023 2519 2075 ad
2544 2021 2812 2077 Ecclesias
2834 2022 2900 2077 de
2918 2021 3118 2094 synodo
3140 2012 3385 2076 Nicwua.

1884 2134 1905 2169 ι
1940 2116 2328 2174 Constantinus
2353 2114 2630 2187 Augustus
2668 2116 2954 2172 Ecclesiis.

1884 2229 1904 2263 ι
1933 2208 2067 2265 Cum
2116 2227 2185 2266 ex
2216 2223 2477 2280 prospero
2512 2208 2821 2277 reipublicae
2864 2218 3007 2265 statu
3047 2218 3385 2280 compertum

1808 2302 2089 2369 haberem,
2145 2311 2350 2373 quanta
2398 2301 2593 2359 fuisset
2654 2317 2782 2375 erga
2842 2318 2942 2358 nos
2996 2305 3389 2374 omnipotentis

1810 2394 1910 2451 Dei
1938 2395 2281 2466 benignitas,
2316 2395 2369 2449 in
2393 2394 2500 2451 hoc
2530 2393 2807 2467 praecipue
2839 2394 2968 2450 mihi
2993 2393 3383 2451 elaborandum

1810 2502 1932 2544 esse
1960 2486 2290 2554 existimavi,
2321 2496 2382 2542 ut
2418 2501 2449 2541 a
2482 2487 2849 2543 sanctissimis
2890 2486 3148 2543 Ecclesiae
3192 2489 3384 2544 catino-

1809 2580 1926 2637 lica),
1953 2579 2168 2652 populis
2196 2594 2304 2634 una
2338 2578 2496 2644 ﬁdes,
2519 2580 2733 2636 sincera
2763 2580 3107 2643 cbaritas,ret
3144 2594 3382 2635 consona

1808 2687 1936 2744 erga
1984 2671 2413 2741 omnipotentem
2448 2671 2618 2727 Deum
2663 2672 2853 2742 religio
2900 2679 3231 2728 servaretur.
3275 2671 3382 2725 Sed

1807 2765 2059 2836 quoniam
2084 2763 2202 2820 ﬁeri
2236 2779 2341 2819 non
2370 2773 2587 2835 poterat
2621 2777 2679 2819 ut
2708 2780 2770 2819 ea
2816 2778 2903 2820 res
2931 2764 3085 2819 firme
3113 2778 3178 2819 ac
3210 2762 3382 2818 stabi-

1807 2855 1935 2911 liter
1961 2856 2403 2923 constitueretur,
2442 2853 2549 2909 nisi
2593 2854 2848 2909 omnibus
2896 2846 3193 2925 c'piscopis,
3216 2851 3382 2924 492

1805 2947 1892 3002 vel
1925 2958 2074 3003 certe
2106 2947 2354 3018 plurimis
2409 2961 2599 3003 eorum
2661 2947 2717 3002 in
2782 2962 2948 3002 unum
3009 2946 3379 3016 congregatis,

1806 3038 2016 3110 singula
2046 3053 2168 3107 quae
2198 3040 2267 3094 ad
2296 3039 2728 3094 sacratissimam
2758 3038 3072 3109 religionem
3107 3037 3375 3108 pertinent

1808 3131 2107 3201 disceptata
2137 3131 2286 3201 prius
2332 3130 2604 3187 fuissent:
2635 3132 2775 3187 banc
2805 3130 2875 3187 ob
2910 3143 3154 3197 causam,
3173 3127 3407 3185 coactis

1806 3235 1968 3290 quam
2020 3220 2136 3275 ﬁeri
2175 3221 2352 3291 potuit
2403 3221 2653 3295 plurimis
2688 3221 3088 3288 sacerdotibus,
3119 3234 3209 3277 me
3241 3234 3381 3290 quo-

1799 3326 1905 3382 que
1944 3323 2198 3384 tanquam
2232 3329 2341 3371 uno
2374 3328 2444 3371 ex
2492 3314 2647 3370 vobis
2680 3322 2945 3386 praesente
2984 3313 3188 3383 (neque
3232 3313 3376 3367 enim

1800 3406 2107 3475 negaverim
2155 3405 2207 3461 id
2242 3420 2350 3476 quo
2395 3407 2631 3462 maxime
2659 3406 2905 3475 exsulto,-
2923 3418 3249 3463 conservum
3289 3418 3377 3460 me

1800 3507 2037 3554 vestrum
2066 3497 2211 3571 esse)
2236 3507 2428 3555 cuncta
2458 3500 2790 3571 competenti
2823 3499 3075 3555 examine
3103 3512 3171 3555 eo
3203 3511 3376 3567 uSque

1798 3586 2042 3642 discussa
2061 3596 2209 3652 sunt,
2226 3589 2399 3643 donec
2424 3588 2727 3660 inspectori
2751 3589 2993 3646 omnium
3020 3590 3131 3645 Deo
3149 3599 3372 3657 accepta

1798 3677 2090 3742 sententia,
2122 3678 2191 3730 ad
2248 3677 2479 3734 unitatis
2535 3692 2867 3736 concentum
2929 3679 3272 3751 proferretur
3322 3678 3376 3733 in

1796 3767 1996 3832 lucem,
2027 3769 2218 3839 itaque
2244 3770 2424 3828 nullus
2454 3771 2808 3840 dissensioni,
2841 3770 3024 3828 nullus
3051 3779 3377 3828 controver-

1796 3859 1891 3919 siae
1925 3862 1992 3918 de
2020 3860 2123 3917 lide
2154 3862 2306 3919 locus
2335 3863 2570 3936 amplius
2600 3864 3020 3936 relinqueretur.

2351 4015 2583 4087 CAPUT
2620 4018 2809 4077 xvul.

1798 4106 1875 4162 De
1903 4123 2160 4167 consensu
2181 4109 2239 4163 in
2265 4109 2615 4237 celebrq'tiqine
2645 4111 2769 4180 {esti
2803 4108 3088 4179 paschalis,
3116 4117 3162 4164 et
3184 4117 3373 4163 contra

1927 4210 1941 4221 -
2495 4198 2527 4235 ιι
2569 4197 2696 4236 deos.

1927 4210 1941 4221 ο
2454 4197 2696 4236 Juawos.

1863 4273 2135 4332 «Ubicum
2151 4275 2217 4332 de
2236 4275 2579 4333 sanctissimo
2621 4273 2784 4326 etiam
2815 4270 3039 4324 Pascha:
3069 4269 3155 4324 die
3176 4268 3375 4338 quaesi.

1798 4372 1909 4420 tum
1946 4364 2161 4428 fuisset,
2192 4363 2469 4421 communi
2505 4362 2752 4420 omnium
2787 4362 3062 4416 sententia
3088 4361 3368 4416 decretum

1792 4470 1898 4522 εει,
1938 4473 2059 4514 eam
2091 4457 2445 4515 festivitatem
2497 4470 2613 4511 uno
2650 4459 2952 4526 eodemque
2979 4454 3068 4509 die
3095 4452 3165 4509 ah
3192 4454 3373 4508 omni-

1792 4551 1897 4607 bus
1952 4551 2152 4622 ubique
2204 4534 2479 4605 celebrari.
2522 4557 2803 4618 oportere.
2860 4546 2998 4615 Quid
3045 4545 3195 4603 enim
3249 4545 3370 4616 pul-

128 4633 410 4709 δυνήσεται,
439 4637 536 4692 τοῦ
579 4639 676 4711 τὴν
720 4640 915 4712 ἑορτὴν
954 4640 1157 4712 ταύτην
1188 4642 1317 4713 παρ’
1348 4637 1417 4716 ἦς
1451 4641 1549 4708 τάς
1584 4643 1683 4713 τῆς

1806 4642 1999 4706 :hrius,
2030 4642 2159 4711 quid
2190 4640 2474 4697 honestius
2518 4639 2675 4696 nobis
2722 4654 2844 4696 esse
2891 4636 3082 4709 possit,
3112 4650 3277 4703 quam
3308 4646 3368 4690 ut

127 4728 403 4797 ἀθανασίας
433 4733 737 4804 εἰλήφαμεν
766 4732 1008 4799 ἐλπίδας,
1037 4737 1136 4807 μιᾷ
1160 4735 1312 4801 τάξει
1341 4737 1438 4792 καὶ
1469 4737 1687 4810 φανερῷ

126 4815 249 4894 λόγῳ
296 4823 451 4897 παρὰ
499 4825 668 4880 πᾶσιν
722 4824 1076 4893 ἀδιαπτώτως
1125 4827 1527 4899 φυλάττεσθαι;
1579 4831 1690 4885 Καὶ

182 5000 287 5077 (ὅθ)
303 5000 464 5077 ναιςΖ
480 5001 632 5072 ἀμφὶ
648 5001 755 5072 τὰς
770 5003 1083 5076 ἑκατέρων.
1105 5007 1456 5063 Scribendum
1470 5017 1599 5077 puto
1613 5006 1676 5073 ἐξ

126 5068 956 5145 ἑκατέρωνίριιέιὶιηεηὶίιιιίοηιὶ
983 5078 1118 5133 nihil
1148 5079 1371 5135 certius.
1397 5068 1675 5135 AitEuse;

124 5138 227 5197 bius
258 5158 323 5199 ex
351 5153 583 5204 utraque
609 5152 764 5204 parte
795 5144 933 5201 aula
985 5147 1149 5204 recite
1194 5148 1456 5204 disoosit’a
1510 5149 1678 5204 fuisse

126 5160 227 5230 unus
258 5160 323 5226 ex
351 5160 587 5227 utraque
609 5160 764 5214 parte
795 5160 933 5228 aula
985 5163 1149 5230 regite
1194 5160 1456 5217 disposita
1510 5160 1676 5204 tuisse

125 5212 360 5301 stibadia,
383 5231 452 5301 Am
473 5215 994 5301 _qu.|bus._ep_t_scopi.
1015 5218 1418 5301 discumberent
1446 5234 1460 5271 :
1494 5219 1676 5301 ipsum

125 5292 238 5362 yero
258 5286 610 5355 imperatoris
640 5286 935 5342 stibadium
980 5286 1036 5342 in
1061 5289 1239 5344 medio
1273 5287 1460 5353 fuisse,
1494 5286 1546 5342 in
1572 5304 1677 5355 quo

124 5365 223 5427 ipse
246 5370 354 5427 una
401 5370 529 5427 cum
583 5355 1025 5412 bonoratioribus
1074 5359 1341 5427 episcopis
1388 5360 1679 5413 accumbe-

124 5418 446 5511 [λοξκεοιιεω
474 5425 813 5511 planemodo
841 5427 904 5511 in
926 5418 1134 5511 synodo
1154 5418 1392 5511 Nicagna,
1421 5429 1675 5511 subsellia

124 5494 323 5557 quidem
344 5505 507 5550 erant
538 5495 794 5567 utrinque
823 5494 1086 5568 disposita
1122 5499 1174 5554 in
1213 5494 1408 5569 quibus
1437 5499 1678 5570 episcopi

125 5565 452 5637 residebant;
512 5567 811 5636 imperator
862 5577 1042 5624 autem
1094 5568 1212 5637 ipse
1265 5568 1476 5624 medius
1536 5569 1679 5625 inter

123 5606 663 5716 Quos‘considenlt‘iurm
691 5606 913 5716 ordines
1023 5606 1675 5716 εθίιῗισῖιιιῗοξν

124 5699 313 5791 Simile-
358 5704 463 5760 fuit
516 5699 998 5791 Constantinopoli
1026 5709 1267 5791 tribunal
1305 5709 1676 5791 novemtlecim

125 5776 505 5856 accubitu-um,
534 5779 602 5831 ad
632 5776 1270 5856 hujus___Constantiniani
1320 5780 1576 5847 convivii,
1620 5790 1680 5837 ut

122 5844 355 5911 equidem
381 5847 643 5912 arbitror,
670 5848 1081 5905 similitudinem
1104 5849 1431 5907 institutum.

183 5912 297 5985 (6|)
329 5915 487 5988 Vulg.
532 5917 692 5987 ,παρὰ
719 5917 834 5989 τὴν
859 5917 970 5989 τῆς
989 5919 1283 5995 ἐνότητος,
1303 5922 1677 5994 συμφωνίαν.

1795 4737 1909 4792 ιιιεο
1952 4734 2241 4801 festivitas,
2266 4749 2298 4791 a
2329 4748 2435 4805 qua
2486 4748 2636 4804 spem
2686 4726 3113 4788 immortalitatis
3154 4728 3366 4798 accepi-

1795 4841 1938 4895 mus,
1962 4842 2070 4884 uno
2097 4828 2396 4897 eodemque
2433 4826 2627 4883 ordine
2656 4833 2713 4880 et
2740 4832 2887 4879 certa
2919 4821 3129 4877 ratione
3153 4821 3224 4876 ab
3249 4835 3367 4874 om-

1780 5007 2000 5066 Rectius
2031 5008 2172 5079 apud
2226 5005 2614 5063 Theodoritum
2659 5017 2710 5061 et
2756 5003 3115 5073 Nicephorum
3161 5002 3361 5074 legitur

1776 5079 2069 5152 «pbg‘r'qv.
2080 5091 2197 5152 etc.

1851 5147 1970 5229 (βε)
1999 5143 2208 5229 Ἔδοξε
2246 5146 2423 5229 κοινῇ
2468 5146 2688 5229 Way.
2738 5143 2867 5226 llaec
2903 5146 3069 5229 verba
3093 5146 3363 5229 Constatu-

1782 5215 1884 5276 tin'i
1921 5215 2230 5304 respexisse
2247 5215 3002 5304 videt‘ur'Athanasiusgcgm
3032 5218 3083 5272 in
3114 5215 3357 5304 lihrqDe

1781 5286 2263 5363 synodis'Arim'ini
2292 5301 2348 5346 et
2375 5288 2634 5344 Seleuciae
2669 5301 2807 5357 ,pag.
2835 5287 2940 5342 875
2962 5329 2980 5354 ,
3016 5297 3166 5343 notat
3200 5286 3356 5339 aIilt-r

1783 5361 1997 5419 locutos
2024 5377 2149 5418 esse
2170 5360 2363 5417 Patres
2406 5356 2602 5429 synodj
2639 5356 2875 5429 Nicaeum
2921 5357 3356 5429 iu_exposniont~

1786 5432 1932 5499 fidei,
1965 5433 2122 5488 aliter
2151 5432 2207 5486 in
2239 5425 2545 5488 deﬁniendo
2572 5425 2796 5499 Pascha;
2833 5428 2940 5499 die.
2974 5425 3115 5499 Nam
3160 5428 3215 5499 in
3253 5427 3352 5481 huc

1786 5497 2003 5574 quidem
2036 5501 2253 5574 negotio
2275 5499 2356 5556 usi
2390 5498 2711 5574 suntverbo
2738 5497 2907 5564 ἔδοξε,
2933 5498 2984 5553 id
3013 5506 3098 5574 est
3130 5498 3349 5574 placuit.

1788 5568 1843 5628 In
1865 5568 2204 5645 expositione
2227 5582 2406 5645 autem
2458 5568 2583 5624 ﬁdei
2645 5568 3348 5645 nequaquani__dix_ere_pl_a—

1785 5636 2050 5709 cuit,,"sed
2090 5645 2166 5698 ita
2199 5643 2365 5696 credit
2418 5650 2600 5694 sancta
2644 5646 2694 5693 et
2734 5636 3045 5694 itnitiersalis
3092 5636 3345 5693 Ecclesia.

1785 5708 1948 5771 Certe
1977 5713 2199 5770 verbum
2227 5710 2371 5777 ἔδοξε
2403 5711 2545 5779 quod
2565 5709 2733 5781 refert
2759 5708 3108 5778 Athanasius,
3136 5726 3240 5765 non
3270 5726 3363 5781 re"
3387 5746 3391 5751 .

1784 5786 1995 5855 peritur
2021 5786 2083 5855 in
2104 5782 2332 5855 epistola
2370 5779 2644 5855 synodica
2666 5818 2683 5845 ,
2724 5781 2819 5836 sed
2876 5780 3087 5855 iu_hac
3108 5851 3123 5855 _
3144 5789 3352 5855 tantum

1787 5849 2012 5931 epistola
2043 5849 2381 5931 constantini
2416 5849 2434 5906 Ξ
2469 5866 2635 5931 quam
2664 5866 2762 5931 pro
2795 5849 3052 5931 synodica
3106 5850 3348 5908 halitain

1788 5920 1954 5983 fuisse
1973 5941 2079 5984 non
2104 5924 2375 5982 immerito
2408 5920 2529 5995 quis
2555 5922 2726 5993 possit
2750 5920 3039 5991 suspicari.
