3864 6490
477 366 619 426 1075

1214 362 1486 420 EUSEBII
1526 362 2009 421 CESARIENSIS
2044 365 2194 420 OPP.
2234 365 2412 470 P’ARS
2446 367 2488 420 Ι.
2524 397 2593 408 —-
2629 364 3020 424 HISTORICA.

3577 371 3595 422 l
3605 370 3691 424 076

476 488 640 546 nibus
692 487 957 543 inoﬂ'ense
1004 486 1360 541 observetur?
1415 486 1492 540 Ac
1540 485 1772 554 primum
1825 465 2040 554 quidem

2151 465 2366 558 πρῶτον
2420 487 2518 558 μὲν
2560 486 2777 554 ἀνάξιον
2832 485 3005 550 ἔδοξεν
3047 481 3180 539 εἶναι
3201 525 3216 547 ,
3266 486 3368 558 τὴν
3416 484 3692 555 ἁγιωτάτην

474 584 592 639 visa
630 592 712 638 est
753 580 1004 636 omnibus
1049 593 1136 633 res
1178 593 1298 632 esse
1348 591 1572 646 prorsus
1621 578 1862 649 indigna,
1894 588 1951 634 ut
1992 580 2043 632 in

475 673 839 730 sanctissimm
860 669 1016 740 hujus
1041 669 1401 722 solemnitatis
1431 667 1798 723 celebratione
1823 684 2047 724 consueo

471 765 717 818 tudinem
763 758 1070 815 Iudaeorum
1124 773 1514 827 sequeremur;
1555 759 1674 828 qui,
1699 774 1820 813 cum
1853 775 2046 815 manus

475 869 608 910 suas
635 854 848 908 nefario
873 851 1080 906 scelere
1131 852 1576 914 contaminarint,
1618 851 2041 921 merito~impuri

474 945 722 999 homines
753 943 997 996 cmcitate
1041 943 1239 996 mentis
1287 942 1557 996 laborant.
1585 942 1817 1011 Quippe,
1845 944 2043 1011 rejecta

473 1036 686 1091 illorum
735 1035 1167 1097 consuetudine,
1214 1050 1507 1104 possumus
1551 1036 1769 1090 rectiori
1809 1037 2039 1099 ordine,

471 1143 633 1196 quem
667 1143 695 1180 a
732 1129 908 1198 primo
943 1126 1212 1194 passionis
1238 1127 1326 1180 die
1356 1127 1423 1180 ad
1461 1127 1574 1180 lucc
1602 1142 1774 1196 usque
1802 1137 2040 1196 tempora

471 1221 830 1284 servavimus,
856 1221 922 1273 ad
947 1220 1126 1274 futura
1143 1219 1310 1276 etiam
1342 1219 1538 1274 szrcula
1566 1220 1726 1290 hujus
1751 1221 2042 1274 observan-

473 1314 560 1365 tiae
592 1315 755 1366 ritum
789 1327 1113 1385 propagare.
1141 1311 1284 1366 Nihil
1316 1327 1445 1382 ergo
1474 1311 1630 1365 nobis
1656 1327 1943 1366 commune
1971 1311 2040 1365 sit

469 1419 592 1456 eum
646 1402 1023 1458 inimicissima
1075 1402 1384 1456 Iudaeorum
1437 1402 1616 1456 turba.
1669 1402 1846 1456 Aliam
1894 1402 2038 1457 enim

466 1494 610 1548 viam
641 1509 671 1548 a
711 1495 1001 1550 Servatore
1029 1495 1364 1564 accepimus.
1400 1493 1720 1563 Propositus
1748 1504 1831 1549 est
1857 1510 2044 1550 sacra-

470 1585 698 1638 tissimze
725 1585 974 1655 religioni
1015 1593 1214 1638 nostra:
1245 1600 1440 1640 cursus
1480 1583 1759 1654 legitimus
1791 1594 1846 1639 et
1870 1585 2040 1638 hone-

467 1684 608 1730 stus.
646 1676 802 1731 llunc
847 1677 1087 1730 unanimi
1139 1691 1410 1731 consensu
1461 1676 1780 1738 retinentes,
1831 1676 1899 1731 ab
1951 1676 2038 1730 illa

467 1769 788 1838 turpissima
820 1769 1081 1823 societate
1127 1777 1182 1821 et
1232 1767 1564 1822 conscientia
1608 1783 1706 1821 nos
1754 1767 2038 1822 abstraha-

469 1875 614 1924 mus,
644 1861 844 1914 fratres
891 1859 1224 1915 charissimi.
1258 1859 1354 1914 Est
1389 1859 1532 1914 enim
1565 1860 1811 1929 profecto
1848 1863 2038 1915 absur—
2071 1834 2112 1891 Β

469 1954 755 2008 dissimum
792 1955 936 2022 quod
973 1953 1049 2008 illi
1101 1953 1392 2024 magniﬁce
1419 1954 1655 2024 jactant,
1688 1969 1785 2008 nos
1833 1955 2040 2024 absque

468 2047 710 2115 ipsorum
745 2046 1061 2116 magisterio
1093 2046 1209 2100 haec
1257 2045 1540 2100 commode
1584 2045 1875 2101 observare
1930 2062 2037 2101 non

468 2154 651 2207 posse.
679 2138 950 2206 Quidnam
985 2154 1117 2194 vero
1155 2138 1230 2192 illi
1275 2149 1424 2194 recte
1453 2139 1654 2195 sentire
1688 2140 1922 2208 possint.
1947 2139 2037 2209 qui

470 2241 596 2300 post
643 2246 830 2286 necem
866 2232 1102 2299 Domini,
1132 2241 1252 2301 post
1289 2231 1418 2286 illud
1463 2232 1822 2302 parricidium
1862 2241 2040 2287 mente

469 2325 636 2394 capti,
668 2339 776 2379 non
826 2327 1057 2393 ratione,
1091 2326 1183 2380 sed
1217 2325 1479 2394 praecipiti
1537 2324 1738 2393 impetu
1791 2324 2042 2379 feruntur

467 2431 794 2486 quocunque
845 2418 1065 2472 innatus
1118 2416 1270 2471 furor
1327 2417 1476 2486 ipsos
1533 2415 1826 2484 impulerit.
1901 2415 2041 2470 llinc

465 2508 718 2576 estquod
753 2522 821 2563 ne
862 2507 1025 2580 593
1062 2507 1112 2561 in
1153 2508 1257 2562 hac
1299 2507 1519 2577 quidem
1557 2518 1711 2578 parte
1749 2509 2037 2562 veritatem

466 2600 637 2669 ipsam
669 2600 1002 2670 perspiciunt
1031 2621 1044 2655 :
1077 2600 1212 2654 adeo
1250 2611 1309 2654 ut
1338 2615 1368 2653 a
1404 2600 1750 2654 convenienti
1781 2600 2038 2656 emenda-

466 2694 615 2747 tione
659 2691 968 2762 longissime
1013 2694 1352 2758 aberrantes,
1395 2707 1504 2745 uno
1554 2693 1854 2762 eodemque
1898 2707 2040 2746 anno

397 2827 401 2830 .
465 2786 574 2839 duo
609 2785 867 2853 paschata
911 2783 1205 2839 celebrent.
1256 2784 1396 2852 Quid
1450 2800 1580 2856 ergo
1631 2795 1717 2840 est
1766 2799 1864 2840 cur
1909 2787 2040 2840 istos

463 2890 782 2944 sequamur,
810 2891 946 2946 quos
991 2884 1204 2931 constat
1241 2877 1566 2944 gravissimo
1608 2878 1814 2932 erroris
1852 2878 2041 2932 morbo

463 2964 751 3020 laborare?
783 2965 918 3020 Nam
957 2982 1065 3021 uno
1116 2965 1414 3036 eodemque
1455 2981 1599 3021 anno
1639 2967 1909 3037 geminum
1946 2982 2040 3037 pa-

462 3057 594 3111 scha
624 3056 825 3121 facere,
845 3056 1375 3126 nnnqnamprofecto
1399 3057 1810 3115 sustinebimus.
1839 3056 2037 3112 Verum

462 3148 678 3203 etiamsi
708 3163 829 3218 qua:
857 3149 968 3202 dixi
1001 3149 1223 3204 minime
1244 3158 1826 3219 suppeterent,vestr:e
1858 3161 2034 3203 tamen
2064 3174 2111 3235 ο

463 3238 696 3294 solertia:
717 3249 825 3306 est,
855 3239 908 3294 id
939 3255 1132 3294 curare
1155 3239 1406 3294 omnibus
1429 3239 1604 3296 modis
1635 3248 1798 3309 atque
1823 3247 2033 3309 Optare,

464 3345 535 3386 ne
595 3333 859 3387 sanctitas
904 3333 1214 3386 animarum
1265 3342 1592 3398 vestrarum,
1637 3332 1692 3387 in
1745 3332 1904 3386 ullius
1957 3332 2034 3386 rei

464 3425 822 3480 similitudine
844 3441 966 3480 cum
995 3427 1454 3497 nequissimorum
1484 3427 1764 3482 hominum
1797 3427 2040 3481 moribus

463 3517 664 3573 Sociari
691 3528 748 3573 et
775 3519 1114 3574 commisceri
1145 3506 1412 3576 videatur.
1449 3520 1582 3574 Illud
1611 3530 1868 3590 praeterea
1901 3535 2038 3574 con-

463 3608 813 3663 siderandum
844 3621 952 3677 est,
977 3610 1132 3666 nefas
1161 3626 1284 3668 esse
1313 3621 1372 3666 ut
1401 3613 1456 3665 in
1489 3613 1623 3666 tanti
1651 3615 1908 3667 momenti
1946 3627 2038 3666 nc—

541 3807 654 3878 (65)
687 3807 866 3880 Vulg"
888 3809 994 3864 τοῦ
1024 3810 1258 3880 ἐκείνου
1287 3811 1520 3878 ἔθνους.
1545 3809 1687 3880 Lego
1728 3809 1882 3874 ἔθους
1914 3827 2034 3864 cum

466 3875 966 3945 Chi-istophorsOno
985 3890 1039 3934 et
1063 3879 1320 3936 Grutero.
1356 3875 1498 3934 Idem
1532 3875 1782 3936 mendum
1824 3885 2034 3935 notavi-

469 3964 589 3999 mus
619 3952 670 4000 in
698 3947 939 4002 Historia
970 3951 1349 4004 ecclesiastica.
1394 3949 1553 4006 Certe
1585 3952 1636 4006 in
1666 3953 1884 4006 schedis
1932 3952 2040 4006 Re-

467 4018 587 4090 giis
610 4028 665 4070 ct
688 4021 740 4071 in
772 4021 911 4090 libro
935 4018 1120 4074 Savilii
1151 4019 1305 4083 ἔθους
1328 4021 1691 4090 perscriptum
1725 4031 1827 4076 est.

563 4089 652 4153 64)
677 4089 786 4142 Καὶ
807 4089 1055 4158 νόμιμος
1077 4091 1175 4144 καί
1195 4091 1456 4160 πρέπων.
1490 4089 1641 4160 Apud
1673 4090 1944 4147 Gelasium
1987 4099 2044 4146 et

468 4155 833 4233 Nicephorum
876 4155 1089 4227 legitur
1133 4155 1433 4233 καῖ’νόμος
1486 4155 1733 4233 πρέπων.
1786 4162 2044 4217 Socrates

467 4239 647 4302 tamen
677 4246 738 4284 ac
770 4231 1132 4302 Theodoritns
1155 4231 1424 4302 vulgatam
1456 4231 1738 4302 lectionem
1765 4241 2003 4302 tuentur.

537 4301 655 4372 (65)
689 4300 956 4370 Αἱσχρᾶς
985 4301 1226 4370 ἐκείνης
1255 4300 1707 4369 συνειδήσεως.
1767 4301 1898 4356 Nam
1948 4302 2039 4372 qui

467 4384 589 4425 cum
630 4371 831 4426 Jndzeis
855 4372 1063 4426 Pascha
1093 4373 1428 4428 Dominicnrn
1484 4374 1783 4435 celebrant,
1832 4371 2036 4428 conscii

467 4442 719 4496 videntur
755 4457 877 4498 esse
910 4445 1133 4498 sceleris
1155 4445 1298 4510 quod
1351 4442 1521 4498 Judaei
1553 4445 1810 4497 adversus
1859 4442 2041 4496 Domi-

469 4528 595 4584 num
623 4514 980 4584 admiserunt.
1030 4514 1096 4566 At
1143 4513 1675 4583 Christophorsonus
1739 4513 2042 4584 συνείδησιν

466 4583 629 4635 vertit
656 4583 970 4648 opinionem,
1000 4585 1086 4637 cui
1120 4601 1224 4638 non
1255 4586 1477 4640 acoedo.

535 4653 649 4721 (66)
684 4652 801 4721 Τῆς
844 4655 1279 4722 προσηκούσης
1329 4652 1812 4720 ἐπανορθώσεως.
1847 4653 2047 4709 Socrao

466 4731 568 4783 tes,
621 4722 1007 4784 Theodoritns,
1042 4725 1291 4779 Gelasius
1341 4739 1406 4776 ac
1451 4723 1786 4792 Nic-ephorus
1844 4727 2046 4779 habent

463 4793 586 4846 ἀντὶ
626 4794 726 4864 τῆς
777 4793 1166 4865 προσηκούσης
1223 4792 1676 4865 ἐπανορθώσεως,
1727 4797 1880 4865 quod
1933 4809 2042 4850 non

465 4867 655 4985 grobo.
681 4865 848 4918 ﬂeete
877 4864 1020 4920 enim
1047 4864 1247 4922 dicitur
1276 4864 1665 4935 πλανωμένους
1686 4864 1788 4936 τῆς
1815 4865 2046 4936 ἐπανορ-

497 4948 704 4985 ωσεως.

497 4948 704 4997 ωσεως.

537 5004 652 5076 (67)
679 5004 770 5076 Τῷ
794 5004 954 5071 αὐτῷ
997 5007 1116 5062 ἔτει
1162 5006 1442 5074 δεύτερον
1475 5003 1543 5076 τῷ
1602 5005 1819 5076 Πάσχα
1863 5006 2047 5059 exite-

459 5075 617 5148 λεῖν.
667 5072 800 5128 Cum
848 5083 1134 5148 neomenia
1179 5072 1454 5148 paschalis
1505 5072 1812 5130 Iudaeorum
1869 5093 1898 5128 a
1958 5081 2046 5148 die

462 5147 654 5211 quinto
691 5146 892 5217 mensis
958 5147 1139 5202 Martii
1179 5146 1480 5217 inciperet,
1529 5157 1584 5199 et
1635 5149 1797 5202 tertio
1839 5146 2044 5217 Aprilis

461 5218 829 5279 clauderetur,
857 5215 987 5272 hinc
1020 5218 1186 5273 ﬁebat
1242 5215 1531 5288 aliquando
1575 5225 1634 5270 ut
1689 5232 1876 5288 eorum
1912 5215 2045 5271 Pas-

462 5289 563 5342 rlia
595 5299 726 5342 ante
755 5289 1140 5355 aequinoctium
1170 5286 1453 5356 inciperet.
1494 5288 1575 5342 lla
1608 5288 1804 5355 duplex
1835 5286 2042 5341 Pascha

461 5360 651 5413 eodem
685 5374 830 5428 anno
861 5357 1231 5420 celebrabant,
1264 5359 1309 5414 si
1347 5373 1550 5412 annum
1585 5357 1856 5428 intelligas
1903 5361 2040 5412 sola-

462 5444 578 5482 rem
606 5444 669 5482 ac
701 5427 1000 5495 Iulianum,
1029 5443 1059 5482 a
1093 5443 1265 5482 verno
1299 5430 1508 5484 scilicet
1558 5427 1890 5496 mquindctio
1947 5429 2047 5482 hu-

457 5496 547 5564 jus
579 5501 706 5551 anni
734 5501 805 5553 ad
853 5500 1133 5566 sequentis
1177 5500 1302 5553 anni
1357 5513 1583 5552 vernum
1636 5497 2041 5566 aequinoctium.

461 5567 610 5622 Idem
648 5570 727 5622 ait
752 5565 1076 5622 Ambrosius
1104 5570 1158 5623 in
1201 5569 1430 5638 epistola
1460 5571 1526 5621 ad
1556 5565 1843 5637 episcopos
1870 5565 2047 5621 Emi-

461 5639 572 5698 lia-,
597 5641 684 5691 ubi
745 5639 938 5692 scribit
965 5638 1181 5694 Judaeos
1213 5637 1482 5692 interdum
1519 5652 1704 5692 mense
1727 5637 2046 5692 duodecimo

467 5707 673 5762 Pascha
701 5709 1036 5776 celebrasse,
1073 5711 1125 5763 id
1152 5719 1258 5774 est,
1281 5710 1437 5778 juxta
1473 5707 1694 5762 Latinos
1723 5708 1806 5758 vel
1851 5705 2046 5761 Orien-

466 5777 621 5832 tales.
655 5778 842 5847 Neque
871 5781 1014 5835 enim
1041 5779 1210 5835 Judaei
1241 5777 1426 5835 mense
1470 5778 1566 5833 illo
1594 5781 1685 5847 qui
1720 5778 1861 5846 apud
1897 5779 2044 5848 ipsos

2070 4484 2117 4540 D

2151 578 2367 648 ἐκείνην
2420 577 2608 650 ἑορτὴν
2641 582 2706 650 τῇ
2754 577 2865 631 τῶν
2909 575 3170 631 Ἰουδαίων
3215 574 3512 645 ἑπομένους
3557 592 3692 645 συνη-

2147 669 2266 740 θείᾳ
2297 669 2538 741 πληροῦν
2562 687 2575 700 ο
2611 669 2658 722 οῖ
2692 669 2792 733 τὰς
2822 668 3028 723 ἐαυτῶν
3058 672 3244 740 χεῖρας
3269 666 3511 738 ἀθεμίτῳ
3539 665 3692 736 πλημ-

2148 760 2423 832 μελήματι
2466 761 2793 830 χράναντες,
2838 761 3059 823 εἰκότως
3097 760 3195 822 τὰς
3238 758 3419 828 ψυχὰς
3447 759 3494 810 οί
3533 759 3692 828 μιαροὶ

2144 850 2567 922 τυφλώττουσιν.
2607 852 2822 918 Ἔξεστι
2870 852 2978 923 γὰρ
3022 850 3114 905 τοῦ
3157 851 3382 904 ἐκείνων
3418 849 3567 912 ἔθους
3602 850 3690 920 (65)

2147 944 2543 1015 ἀποϐληθέντος
2562 985 2576 1008 ,
2610 945 2771 1016 άληοε
2783 946 2946 1017 στὲρᾳ
2969 944 3153 1010 τάξει,
3181 944 3247 1014 ἦν
3277 944 3341 996 ἐκ
3370 941 3587 1014 πρώτης
3615 940 3690 995 τοῦ

2146 1037 2352 1100 πάθους
2379 1035 2588 1108 ἡμέρας
2613 1038 2740 1109 ἄχρι
2786 1038 2880 1091 τοῦ
2908 1038 3168 1107 παρόντος
3202 1035 3579 1106 ἐφυλάξαμεν,
3617 1036 3692 1088 καὶ

2145 1129 2240 1182 ἐπὶ
2284 1130 2410 1193 τοὺς
2469 1129 2760 1200 μέλλοντας
2803 1128 3004 1192 αἰῶνας
3053 1129 3151 1199 τὴν
3202 1127 3305 1196 τῆς
3345 1127 3692 1196 ἐπιτηρήσεως

2145 1219 2348 1291 ταύτης
2375 1219 2766 1291 συμπλήρωσιν
2792 1219 3144 1274 ἐκτείνεσθαι.
3175 1218 3355 1288 Μηδὲν
3377 1218 3552 1271 τοίνυν
3577 1217 3692 1270 ἔστω

2146 1311 2278 1380 ἡμῖν
2309 1308 2485 1362 κοινὸν
2522 1311 2659 1380 μετά
2685 1308 2778 1363 τοῦ
2820 1308 3066 1380 ἐχθίστου
3096 1307 3204 1361 τῶν
3245 1306 3512 1361 Ἰουδαίων
3536 1306 3686 1376 ὄχλου.

2142 1401 2456 1472 Είλήφαμεν
2504 1402 2609 1473 γὰρ
2656 1400 2808 1473 παρὰ
2859 1401 2953 1454 τοῦ
3010 1399 3262 1470 Σωτῆρος
3320 1399 3437 1452 ὁδὸν
3493 1399 3692 1469 ἐτέρανσ

2145 1494 2432 1563 πρόκειται
2476 1494 2673 1566 δρόμος
2709 1497 2776 1566 τῇ
2826 1494 3090 1566 ἱερωτάτη
3121 1491 3280 1564 ἡμῶν
3321 1490 3583 1562 θρησκείᾳ
3613 1489 3690 1544 καὶ

2141 1585 2370 1655 νόμιμος
2414 1585 2506 1638 καὶ
2541 1584 2764 1655 πρέπων
2812 1582 2944 1653 (64).
2986 1582 3186 1636 Τούτου
3230 1580 3535 1652 συμφώνως
3570 1581 3690 1632 ἀντιε-

2140 1675 2560 1747 λαμϐανόμενοι,
2589 1675 2688 1745 τῆς
2716 1675 2945 1746 αἰσχρᾶς
2972 1674 3183 1745 ἐκείνης
3218 1672 3448 1736 ἑαυτοὺς
3483 1671 3690 1743 συνειδή-

2144 1783 2282 1829 σεως
2325 1765 2434 1836 (65)
2479 1765 2886 1836 ἀποσπάσωμεν
2909 1807 2924 1831 ,
2954 1765 3168 1834 ἀδελφοὶ
3195 1763 3529 1831 τιμιώτατοι.
3560 1763 3688 1817 Ἔστι

2141 1861 2250 1933 γὰρ
2287 1861 2364 1925 ὡς
2409 1859 2624 1932 ἀληθῶς
2668 1857 3049 1923 ἀτοπώτατον,
3101 1859 3345 1923 ἐκείνους
3391 1858 3593 1927 αὐχεῖν,
3625 1853 3690 1918 ὡς

2139 1953 2248 2023 ἄρα
2277 1950 2547 2022 παρεκτὸς
2583 1951 2682 2021 τῆς
2719 1951 2898 2004 αὐτῶν
2923 1949 3270 2012 διδασκαλίας
3306 1947 3481 2002 ταῦτα
3515 1947 3684 2017 φυλάτο

2140 2059 2252 2095 τειν
2283 2042 2383 2095 οὐκ
2410 2043 2598 2113 εἴημεν
2633 2040 2830 2096 ἱκανοί.
2880 2041 2944 2094 Τί
2988 2041 3044 2094 δὲ
3083 2043 3300 2113 φρονεῖν
3330 2039 3488 2112 ὀρθὸν
3520 2041 3686 2092 ἐκεῖνος

2139 2133 2483 2202 δυνήσονται,
2510 2133 2558 2185 οἶ
2595 2131 2732 2204 μετὰ
2771 2131 2869 2202 τὴν
2905 2130 3277 2204 κυριοκτονίαν
3305 2148 3366 2185 τε
3396 2131 3491 2184 καὶ
3517 2146 3685 2202 πατρο-

2141 2223 2356 2278 κτονίαν
2396 2224 2609 2295 ἐκείνην
2653 2223 2944 2288 ἐκστάντες
2979 2223 3085 2277 τῶν
3127 2223 3364 2294 φρενῶν,
3407 2220 3684 2292 ἄγονταιοὺ

2141 2317 2385 2388 λογισμῷ
2417 2334 2554 2381 τινι,
2583 2315 2696 2370 ἀλλ’
2727 2317 2870 2388 ὁρμῇ
2909 2315 3284 2388 ἀκατασχέτῳ,
3313 2317 3435 2370 ὅποι
3461 2315 3502 2368 δ’
3530 2315 3589 2370 ἂν
3609 2313 3685 2367 αὑ-

2139 2411 2266 2474 τοὺς
2313 2411 2346 2480 ὴ
2390 2409 2628 2479 ἔμφυτος
2669 2408 2848 2463 αὐτῶν
2887 2408 3069 2482 ἀγάγῃ
3113 2410 3299 2480 μανία.
3354 2409 3580 2462 Ἐκεῖθεν
3608 2401 3684 2461 οὖν

2138 2502 2318 2554 τοίνυν
2351 2502 2453 2554 κάν
2479 2501 2652 2572 τούτῳ
2678 2501 2758 2572 τῷ
2788 2501 2942 2574 μέρει
2974 2501 3071 2572 τὴν
3095 2501 3352 2572 ἀλήθειαν
3380 2499 3476 2570 οὐχ
3495 2497 3680 2570 δρῶσιν,

2139 2593 2216 2656 ὡς
2256 2592 2320 2660 δὴ
2362 2591 2504 2646 κατὰ
2548 2594 2609 2646 τὸ
2649 2593 2898 2647 πλεῖστον
2953 2594 3146 2658 αὐτοὺς
3189 2592 3562 2663 πλανωμένους
3601 2589 3682 2660 τῆς

2141 2684 2526 2757 προσηκούσης
2560 2683 2982 2756 ἐπανορθώσεως
3011 2685 3146 2754 (66),
3177 2683 3253 2755 τῷ
3280 2682 3430 2749 αὐτῷ
3462 2684 3559 2736 ἔτει
3585 2680 3683 2735 δεύ-

2139 2796 2296 2851 τερον
2324 2779 2387 2831 τὸ
2415 2779 2604 2850 Πάσχα
2626 2777 2894 2832 ἐπιτελεῖν
2920 2779 3052 2849 (67).
3081 2779 3236 2842 Τίνος
3265 2779 3427 2850 χάριν
3456 2775 3555 2846 (68)
3582 2772 3682 2827 τού-

2139 2887 2255 2936 τοις
2283 2871 2546 2944 ἐπόμεθα.
2581 2871 2674 2935 οὓς
2703 2870 2880 2943 δεινὴν
2911 2871 3117 2940 πλάνην
3143 2873 3318 2924 νοσεῖν
3341 2869 3676 2940 ὡμολόγηταις

2141 2963 2402 3036 Δεύτερον
2426 2964 2536 3034 γάρ
2565 2962 2642 3033 τῷ
2669 2963 2750 3016 ἐνὶ
2771 2962 3001 3034 ἐνιαυτῷ
3026 2963 3126 3016 ούκ
3151 2963 3215 3016 ἄν
3245 2978 3380 3014 ποτε
3418 2963 3573 3014 ποιεῖν
3602 2959 3678 3012 ἀν·

2140 3055 2396 3127 εξόμεθα.
2442 3054 2578 3108 Ἀλλ’
2613 3057 2661 3108 εί
2694 3053 2987 3108 καὶταῦτα
3019 3055 3092 3125 μὴ
3135 3052 3458 3125 προῦκειτο,
3488 3051 3604 3105 ἀλλὰ
3625 3050 3678 3121 δὴ

2139 3149 2237 3221 τὴν
2281 3147 2552 3220 ὑμετέραν
2589 3147 2868 3217 ἀγχίνοιαν
2901 3147 3064 3217 ἐχρῆν
3100 3145 3194 3197 καὶ
3231 3137 3319 3198 διὰ
3353 3143 3573 3215 σπουδῆς
3603 3141 3681 3196 καὶ

2141 3242 2206 3295 δι’
2235 3241 2398 3313 εὐχῆς
2430 3240 2572 3311 ἐχειν
2602 3240 2852 3304 πάντοτε,
2886 3239 2943 3291 ἐν
2977 3237 3218 3309 μηδεμιᾷ
3249 3237 3311 3290 τὸ
3349 3235 3574 3308 καθαρὸν
3600 3234 3681 3305 τῆς

2147 3334 2416 3406 ὑμετέρας
2455 3333 2632 3404 ψυχῆς
2675 3335 2950 3386 κοινωνεῖν
2999 3331 3176 3385 δοκεῖν
3225 3328 3520 3400 ἀνθρώπων
3559 3327 3678 3382 ἔθεσι

2145 3427 2468 3496 παγκάκων.
2504 3425 2648 3496 Πρὸς
2692 3424 2901 3488 τούτοις
2932 3425 3152 3478 κάκεῖνο
3193 3424 3425 3495 πάρεστι
3465 3420 3678 3491 συνορᾷν,

2144 3519 2220 3583 ὡς
2263 3520 2320 3571 ἐν
2361 3518 2662 3589 τηλικούτῳ
2709 3519 2990 3591 πράγματι
3023 3518 3115 3570 καὶ
3156 3515 3379 3587 τοιαύτῃ
3423 3511 3679 3586 θρησκείας

2146 3613 2305 3684 ἐορτῇ
2339 3611 2630 3680 διαφωνίαν
2668 3610 2856 3682 ἄρχειν
2876 3652 2892 3676 ,
2924 3610 3073 3664 ἐστὶν
3100 3609 3381 3680 ἀθέμιτον.
3422 3609 3559 3664 Μίαν
3590 3605 3679 3674 γὰρ

2143 3822 2263 3866 erat
2288 3813 2636 3867 duodecimus
2654 3851 2670 3875 ,
2713 3809 2920 3866 Pascha
2957 3826 3192 3880 unquam
3225 3809 3577 3872 celebrabant,
3601 3807 3676 3880 sed

2142 3885 2350 3936 decima
2377 3894 2568 3949 quarta
2600 3883 2687 3935 die
2709 3883 2866 3950 primi
2896 3879 3120 3936 mensis.
3151 3881 3323 3937 Porro
3343 3882 3456 3936 haec
3495 3879 3678 3933 iteratio

2149 3969 2308 4017 quam
2370 3951 2572 4007 ludatis
2627 3953 2818 4019 objicit
2876 3950 3270 4006 Constantinus
3302 3991 3319 4016 ,
3374 3963 3675 4018 nequaquam

2148 4023 2324 4094 magni
2350 4023 2606 4077 momenti
2662 4023 3050 4094 mihi_quidem
3100 4021 3528 4094 videtttr._ldem_
3557 4019 3677 4073 enim

2149 4089 2466 4162 returqncre
2517 4101 2764 4162 poterant
2802 4089 2971 4147 Judaei
3025 4094 3291 4147 adversus
3334 4089 3676 4162 Christianos;

2149 4179 2243 4217 eos
2268 4159 2482 4218 scilicet
2511 4159 2618 4216 uno
2658 4161 2955 4231 eodemque
3009 4178 3153 4216 anno
3203 4165 3284 4216 bis
3331 4161 3528 4231 Pascha
3562 4159 3680 4212 cele-

2150 4233 2360 4295 brasse,
2387 4232 2428 4288 Si
2467 4248 2677 4287 annum
2701 4230 3001 4287 vertentem
3029 4232 3414 4302 intelligamus.
3447 4230 3682 4302 Ponantus

2149 4305 2293 4357 enim
2320 4305 2422 4359 hoc
2457 4318 2598 4357 anno
2632 4302 2835 4357 Pascha
2878 4304 3141 4356 celebrari
3181 4299 3394 4356 decimo
3445 4299 3681 4355 Kalendas

2147 4373 2316 4428 Maias
2344 4393 2357 4428 :
2389 4383 2648 4441 sequente
2671 4386 2816 4426 anno
2847 4373 3008 4428 citius
3032 4373 3337 4428 celebretur
3365 4384 3574 4427 necesse
3591 4375 3679 4441 est.

2145 4449 2320 4513 Atque
2360 4445 2433 4499 ita
2467 4438 2660 4512 duplex
2693 4443 2902 4513 Pascha
2945 4444 3083 4498 intra
3114 4445 3275 4496 unius
3305 4445 3429 4498 anni
3455 4438 3682 4513 vertentis

2147 4511 2478 4568 ciirricultini
2515 4511 2655 4586 apud
2678 4512 3022 4568 Christianos
3049 4514 3313 4586 occurrit.
3357 4511 3501 4586 Quod
3529 4520 3680 4586 tamen

2148 4601 2254 4639 non
2279 4586 2514 4658 eveniet,
2549 4577 2597 4638 si
2633 4597 2838 4658 annum
2866 4585 3239 4658 numeraveris
3263 4583 3331 4658 ab
3353 4577 3682 4658 :iquinoctiali

2147 4657 2371 4709 cardine
2394 4661 2461 4708 ad
2499 4646 2719 4708 alterius
2751 4656 2877 4708 anni
2904 4669 3129 4707 vernum
3163 4646 3682 4720 :eqtiinociium.Vide

2148 4726 2507 4794 Epiphanium
2545 4726 2597 4778 in
2645 4724 2838 4779 haeresi
2895 4724 2983 4787 70,
3038 4739 3157 4792 qua:
3213 4733 3298 4778 est
3343 4724 3682 4794 Audianorum

2147 4778 2271 4868 pag:
2299 4796 2429 4868 62Αέ
2461 4804 2510 4868 et
2535 4778 3129 4868 animadversiones-li.
3148 4794 3393 4868 Petavii.
3427 4791 3516 4847 Cui
3537 4778 3700 4858 jungel

2147 4862 2267 4934 i-ap.
2303 4865 2337 4919 ὃ
2364 4865 2564 4933 Egidii
2593 4865 2845 4918 Buclierii
2883 4863 2962 4918 De
2997 4862 3245 4917 Prisc/tali
3289 4863 3586 4917 Judazorum
3608 4872 3682 4925 cy-

2146 4937 2250 4991 clo.

2219 5005 2332 5077 (68)
2375 5003 2544 5072 Τίνος
2587 5004 2782 5075 χάριν.
2826 5005 2981 5077 Apud
3033 5003 3418 5077 Theodoritum
3463 5009 3518 5077 _el
3545 4997 3682 5077 Nice-

2147 5071 2375 5148 phorum
2408 5071 2620 5148 legitnj—
2639 5071 2782 5140 τίνος
2811 5071 2905 5129 οὖν
2935 5077 3113 5148 χάριν.
3149 5076 3241 5148 Sic
3265 5076 3428 5128 etiam
3459 5073 3681 5127 Socrates

2146 5158 2203 5201 et
2239 5145 2509 5220 Gelasins.
2559 5145 2637 5202 Ex
2685 5145 3234 5220 quibuscor‘rigenda
3285 5155 3431 5220 sunt,
3467 5157 3573 5211 quae
3604 5152 3679 5220 se:

2148 5227 2386 5286 quunlur
2421 5219 2520 5272 hoc
2576 5207 2734 5289 modo
2783 5237 2796 5272 :
2851 5218 2948 5289 τὴν
2982 5207 3252 5289 ὑμετέραν
3305 5207 3586 5286 ἀγχίνοιαν.
3627 5207 3683 5289 Et

2147 5274 2308 5360 paulo
2342 5298 2462 5356 post
2498 5290 2556 5342 ἐν
2603 5288 2841 5360 μηδεμιᾷ
2873 5274 3167 5360 ὁμοιότητιῖ
3192 5274 3682 5360 Ϋριιοιῖρἶοηιοριιιά

2147 5344 2273 5412 illos
2311 5344 2457 5430 quos
2479 5344 3136 5430 dixi‘sc'ripto'res‘legitur
3185 5344 3249 5410 ἐν
3283 5344 3682 5430 μηδενὸς-ὅμοιά

2146 5445 2290 5499 τητι.
2322 5424 2378 5484 in
2422 5424 3016 5497 Fuketiano'scriptnm
3049 5437 3146 5499 est
3180 5430 3240 5482 ἐν
3284 5424 3520 5499 ’μηδεμιᾷ
3568 5429 3683 5499 spor

2148 5497 2330 5567 φάσει.
2369 5500 2539 5555 Porro
2563 5501 2630 5555 ad
2670 5503 2785 5554 lucc
2816 5503 2979 5554 verba
3011 5497 3252 5553 alludere
3278 5497 3486 5552 videtur
3513 5498 3682 5567 auctor

2148 5564 2599 5645 gannitutionum
2641 5582 2812 5645 opust.
2847 5569 2988 5645 libro
3041 5583 3108 5645 v,_
3141 5582 3260 5636 cap.
3293 5567 3378 5623 16.
3408 5564 3682 5645 Quod}??-

2147 5642 2290 5695 fecto
2337 5642 2598 5696 fatebitur
2649 5633 2893 5708 quisquis
2939 5654 3062 5695 eum
3095 5633 3274 5694 locum
3304 5654 3423 5694 cum
3451 5635 3527 5690 bis
3552 5633 3683 5686 Con-

2145 5711 2372 5766 stantini
2410 5713 2592 5768 verbis
2627 5712 2932 5767 contulerit.
