3864 6486
504 364 645 424 1083
1241 363 1517 423 EUSEBII
1558 361 2047 422 CESARIENSIS
2077 362 2227 421 OPP.
2273 364 2452 420 PARS
2489 363 2530 419 I.
2553 394 2623 406 —
2654 361 3045 421 HISTORICA.
3609 367 3724 420 {081

503 482 700 554 quippe
725 498 847 539 cum
883 482 1043 539 facile
1082 484 1285 540 servari
1316 485 1544 556 possint,
1596 486 1642 541 si
1669 499 1733 540 ea
1758 499 1879 555 quae
1926 485 2067 555 apud

2194 484 2387 549 ῐιώσεσι
2447 482 2967 556 φιλοφρονουμένους
3023 483 3379 549 ἀσπάζονται,
3421 481 3517 539 καὶ
3561 482 3726 551 ξενίοις

503 590 605 631 nos
631 586 914 648 geruntur,
947 576 1052 632 illis
1073 575 1272 632 eximia
1321 586 1377 632 et
1402 576 1716 631 admiranda
1766 574 2070 633 videantur.

2194 572 2477 646 τιμώμενοι
2535 573 2823 642 ἀγαπῶσιν
2883 573 3079 646 ἕτερον
3118 573 3340 646 βραχεῖς
3394 573 3440 628 δ’
3481 576 3529 628 oi
3579 573 3726 642 λόγων

502 664 688 739 Neque
737 683 865 723 vero
899 668 1029 737 ipsis
1083 668 1375 723 obscurum
1409 682 1556 734 esse,
1617 682 1932 723 sermonum
1980 682 2071 723 co-

2194 664 2394 735 ιληθῶν
2442 663 2660 735 ἀληθείς
2715 663 2829 735 (85)
2881 664 3126 737 ἐρασταὶ,
3171 667 3268 722 καὶ
3311 667 3538 731 σπάνιος
3590 662 3651 720 αὖ
3703 668 3728 720 ὁ

505 763 654 833 piam
688 762 1105 830 haudquaquam
1156 759 1409 816 omnibus
1438 759 1751 816 hominibus
1781 758 2071 814 utilitatem

2194 756 2279 827 rip:
2338 756 2595 827 ἀληθείας
2653 755 2828 827 φίλος.
2894 756 2984 810 Διὸ
3040 757 3177 830 πρὸς
3229 758 3440 823 πάντας
3489 759 3728 830 ἁρμόττε-

500 853 714 909 all‘erre.
752 854 853 908 Alii
885 854 1028 907 enim
1060 861 1319 921 tauquam
1352 852 1420 907 ad
1455 853 1622 907 vitam
1658 851 2070 907 sustentandam

2194 848 2305 903 τθαι
2341 849 2440 913 δεῖ,
2480 848 2662 921 ίατροῦ
2679 849 2837 923 δίκην
2858 849 3071 921 ἑκάστῳ
3097 847 3169 903 τὰ
3190 848 3444 921 λυσιτελῆ
3474 852 3604 924 πρὸς
3629 869 3721 906 σω-

498 944 780 1000 eommoda
830 944 932 999 sibi
970 941 1306 1011 suppeditari
1340 941 1578 1011 gaudent
1614 960 1629 996 :
1667 941 1759 996 alii
1788 942 1855 995 ad
1887 951 2071 1011 patro-

2194 958 2235 1012 τη
2247 940 2366 1012 ρίαν
2394 941 2816 1014 ποριζομένους·
2851 941 2981 998 ὥστ’
3002 945 3062 1012 ἐξ
3089 944 3331 1009 ἅπαντος
3360 945 3460 1017 τὴν
3484 947 3721 1018 σωτήριον

498 1035 699 1091 ciuium
720 1034 895 1091 solent
927 1035 1239 1104 confugere.
1265 1033 1497 1100 Quidam
1526 1048 1663 1089 eosa
1689 1032 1892 1104 quibus
1916 1032 2071 1089 beni-

2194 1031 2324 1104 ταρὰ
2358 1033 2472 1096 τοῖς
2492 1034 2625 1086 πᾶσι
2651 1033 2972 1102 δοξάζεσθαι
2996 1036 3362 1091 διδασκαλίαν.
3394 1037 3617 1092 Τοιαῦτα
3638 1039 3720 1110 μὲν

499 1126 603 1200 gtle
629 1126 973 1197 excipiuntur
999 1125 1232 1196 diligunt
1257 1141 1274 1189 ;
1305 1124 1557 1181 nonnulli
1587 1124 1928 1181 munusculis
1971 1125 2070 1181 ho-

2199 1141 2227 1176 ν
2256 1121 2494 1195 πρώτοις
2513 1124 2747 1199 παρῄνει
2765 1145 2780 1158 ·
2810 1128 2964 1193 τέλος
2999 1127 3045 1183 δ’
3078 1130 3338 1194 ἐπετίθει,
3363 1130 3462 1194 τὰς
3486 1129 3613 1203 ὑπὲρ
3637 1133 3721 1187 a6-

496 1218 697 1282 norati,
723 1218 790 1271 ad
818 1216 1118 1270 amicitiam
1149 1216 1441 1270 iucundam
1491 1215 1863 1286 impelluntur.
1903 1214 2070 1271 Pauci

2194 1214 2262 1270 τοῦ
2310 1215 2446 1287 πρὸς
2490 1218 2583 1271 τὸν
2617 1218 2750 1273 Θεὸν
2790 1221 3069 1294 ἱκετηρίας
3109 1223 3556 1295 ἐσπουδασμένως
3575 1227 3722 1280 ποιεῖ-

496 1308 787 1363 admodum
808 1316 935 1362 sunt
957 1307 1070 1362 veri
1102 1320 1415 1361 sermonum
1452 1317 1882 1363 amatoresznec
1915 1307 2071 1364 facile

2194 1308 2319 1364 τθαι.
2343 1308 2499 1364 Οῦτω
2527 1310 2591 1383 δὴ
2616 1312 3035 1385 συνταξάμενος,
3054 1316 3146 1370 ἐπὶ
3165 1315 3234 1370 τὰ
3261 1316 3412 1387 σφῶν
3434 1319 3598 1375 οίκεῖα
3614 1320 3720 1383 τοὺς

495 1400 791 1463 invenitur,
824 1400 915 1470 qui
953 1403 1203 1457 veritatis
1231 1400 1507 1456 studiosus
1532 1399 1628 1455 sit.
1655 1400 1828 1466 Quam
1853 1400 1924 1454 ob
1946 1414 2071 1454 cau-

2194 1398 2384 1465 πάντας
2421 1401 2700 1458 ἐπανιέναι
2739 1405 2922 1474 ﬁetu-
2953 1408 3002 1459 οἱ
3034 1406 3081 1459 δ’
3105 1406 3412 1479 ἐπανῄεσαν
3446 1410 3538 1463 σὺν
3561 1410 3722 1481 εὐφρο-

494 1504 611 1546 sam
640 1492 892 1546 omnibus
940 1505 1061 1546 sese
1090 1492 1502 1546 accommodare
1524 1495 1763 1559 oportet,
1794 1497 1851 1543 et
1902 1491 2071 1545 instar

2194 1490 2328 1564 πὺνῃ,
2358 1493 2579 1565 ἐκράτει
2609 1511 2669 1548 τε
2696 1494 2887 1551 λοιπὸν
2927 1498 3079 1568 παρὰ
3104 1501 3221 1563 τοῖς
3244 1501 3381 1553 πᾶσι
3413 1499 3506 1571 μία
3533 1498 3716 1571 γνώμη.

493 1582 692 1637 medici
729 1582 1013 1652 cujusdam
1070 1597 1134 1637 ea
1171 1597 1291 1651 qua:
1336 1580 1402 1633 ad
1456 1578 1876 1649 uniuscujusque
1931 1578 2071 1635 salu-

2194 1585 2309 1654 παρ’
2367 1582 2517 1657 αὐτῷ
2568 1584 2781 1656 βασιλεῖ
2840 1588 3279 1661 ωμφωνηθεῖσα,
3340 1590 3719 1662 συναπτομένων

494 1679 603 1727 tem
635 1672 785 1727 utilia
819 1682 945 1729 sunt
967 1673 1408 1734 subministrare,
1440 1678 1500 1723 ut
1525 1668 1784 1724 salutaris
1811 1671 2064 1726 doctrina

2194 1672 2360 1746 ὒσπερ
2406 1676 2493 1746 ἐφ’
2526 1677 2605 1731 ἐνὶ
2630 1677 2860 1750 σώματι,
2891 1680 3002 1735 τῶν
3033 1682 3098 1735 ἐκ
3139 1682 3354 1755 μακροῦ
3391 1682 3715 1755 διῃρημένων.

494 1764 642 1819 omni
671 1780 736 1818 ex
765 1772 917 1830 parte
950 1765 1020 1819 ab
1066 1764 1323 1831 omnibus
1353 1765 1671 1817 honoretur.
1701 1762 1767 1817 Et
1793 1763 1907 1818 haec
1942 1764 2160 1833 quidem
2221 1767 2400 1836 primo
2446 1770 2567 1825 loco
2633 1771 2937 1841 imperator
2994 1773 3076 1828 eis
3137 1774 3417 1846 prteeepit.
3462 1776 3538 1829 Ad
3568 1787 3719 1832 extre-

494 1867 643 1909 mum
667 1870 799 1912 vero
846 1855 1065 1923 adjecit,
1104 1864 1164 1909 ut
1224 1870 1324 1923 pro
1396 1869 1456 1910 se
1514 1868 1729 1925 quoque
1777 1868 1967 1925 preces
2013 1855 2079 1910 ad
2119 1848 2285 1913 Deum
2343 1860 2536 1917 sedulo
2600 1862 2867 1919 facerent.
2897 1863 3034 1921 Cum
3063 1865 3116 1921 in
3144 1866 3289 1922 hunc
3318 1867 3529 1922 modum
3555 1869 3622 1922 eis
3645 1884 3719 1921 va-

495 1944 797 2013 ledixisset,
844 1947 1056 2002 cunctis
1119 1954 1241 2015 post
1271 1946 1387 2002 hac
1445 1946 1500 2001 in
1548 1948 1782 2017 patriam
1832 1948 2090 2005 redeundi
2156 1960 2476 2021 potestatem
2542 1955 2801 2014 fecit.llli
2850 1958 3017 2030 igitur
3061 1975 3271 2016 summa
3306 1975 3430 2018 cum
3484 1960 3718 2017 hilaritate

494 2037 713 2092 domum
745 2039 949 2094 reversi
1012 2048 1174 2104 sunt;
1231 2053 1294 2093 ac
1328 2039 1582 2110 deinceps
1630 2053 1737 2094 una
1795 2040 1936 2111 apud
1974 2055 2166 2099 omnes
2206 2045 2376 2101 valuit
2424 2050 2626 2119 opinio,
2693 2052 2796 2107 sub
2845 2052 3013 2122 ipsius
3076 2051 3423 2123 imperatoris
3471 2052 3715 2124 presenti:

495 2132 774 2186 communi
827 2131 1066 2187 omnium
1129 2146 1397 2188 consensu
1447 2134 1690 2201 firmata;
1722 2148 1848 2190 cum
1893 2134 1929 2189 ii
1956 2134 2048 2207 qui
2075 2134 2188 2208 jam
2236 2139 2438 2197 dudum
2466 2158 2497 2199 a
2524 2158 2584 2202 se
2614 2154 2801 2201 mutuo
2850 2144 3045 2202 divulsi
3106 2155 3282 2215 erant,
3311 2147 3365 2202 in
3405 2162 3561 2202 unum
3580 2145 3712 2202 veluti

495 2239 696 2294 corpus
724 2225 1074 2282 coaluisseut.

952 2318 1120 2393 (.96
1163 2318 1395 2376 carm
1441 2318 1605 2374 xxn.
2108 2327 2154 2386 Β

498 2407 775 2474 Quomodo
807 2410 941 2466 alios
967 2415 1177 2484 quidem
1221 2413 1466 2465 hortatus
1510 2413 1593 2474 sit,
1624 2411 1693 2484 ad
1716 2412 1853 2468 alios
1898 2422 2075 2469 autem

706 2483 995 2550 scripserit,
1027 2493 1074 2536 et
1112 2484 1175 2537 de
1197 2484 1542 2551 pecuniarum
1583 2483 1857 2538 divisione.

565 2564 745 2625 Tanto
770 2570 937 2639 igitur
964 2586 1216 2626 successu
1254 2570 1549 2639 imperator
1586 2571 1945 2639 exhilaratus,
1996 2570 2064 2627 iis

497 2658 591 2729 qui
623 2663 831 2732 synodo
852 2662 1075 2718 minime
1111 2661 1509 2727 interfuissent,
1539 2663 1905 2733 gratissimum
1958 2665 2077 2722 fru-

495 2767 642 2807 etum
670 2767 767 2823 per
787 2754 1001 2809 litteras
1035 2755 1289 2825 praebuit.
1312 2753 1417 2811 Sed
1447 2764 1501 2811 et
1533 2757 1801 2812 universis
1831 2757 2071 2829 populis,

498 2853 607 2897 tam
645 2844 711 2900 iis
744 2845 833 2915 qui
869 2862 967 2916 per
998 2861 1157 2915 agros
1182 2862 1343 2917 quam
1380 2848 1472 2919 qui
1511 2848 1565 2903 iu
1601 2847 1829 2904 urbibus
1857 2850 2071 2904 habita-

2194 2851 2274 2905 ιαὶ
2300 2852 2413 2912 τοῖς
2434 2848 2576 2920 ἀμφὶ
2608 2846 2708 2911 τὰς
2729 2846 2932 2911 πόλεις,
2957 2846 3257 2918 χρημάτων
3293 2846 3546 2917 ἀφθόνους
3567 2844 3709 2899 διαδό-

495 2932 649 2999 bant,
676 2950 927 3004 magnam
959 2937 1201 3007 pecuniae
1236 2938 1344 2992 vim
1396 2939 1647 2994 distribui
1681 2938 1868 3007 jussit;
1899 2940 2071 3010 publi-

2194 2959 2298 3007 σεις
2335 2940 2602 2995 ποιεῖσθαι
2645 2938 3063 3011 παρεκελεύετο,
3106 2937 3210 2994 ὧδέ
3243 2958 3320 3013 πη
3359 2939 3609 3012 γεραίρων
3631 2935 3713 3007 τὴν

496 3043 616 3081 cam
645 3027 1001 3085 festivitatem
1040 3032 1109 3086 ob
1142 3031 1463 3088 vicesimum
1508 3032 1722 3103 imperii
1757 3034 1839 3097 sui
1873 3048 2071 3090 annum

2194 3034 2375 3107 ῐ;ορτὴν
2401 3033 2500 3105 τῆς
2527 3030 2872 3096 εἰκοσαετοῦς
2902 3031 3197 3104 βασιλείας.

496 3119 596 3176 hac
628 3123 840 3178 ratione
864 3125 1281 3181 concelebrans.

1059 3217 1290 3274 CAPUT
1319 3215 1509 3273 XXIII.

499 3301 774 3368 Quomodo
804 3306 874 3360 ad
915 3305 1198 3383 Egypfios
1247 3307 1533 3383 scripserit,
1567 3322 1757 3378 eosque
1789 3307 1858 3361 ad
1896 3322 2071 3378 pacem

2194 3301 2387 3362 Ὅπως
2423 3301 2557 3365 περὶ
2602 3301 2846 3383 εἰρήνης
2890 3304 2947 3383 A't

1099 3379 1341 3431 hortatus
1387 3379 1475 3432 sit.

2656 3379 2666 3384 '
2792 3379 3158 3437 παρῄνεσεν.

569 3465 769 3521 Verum
811 3468 1025 3523 cunctis
1061 3468 1203 3523 inter
1250 3484 1311 3522 se
1343 3484 1529 3539 pacem
1574 3468 1899 3536 colentibus,
1932 3470 2071 3541 apud

2264 3458 2423 3513 Ἀλλὰ
2456 3458 2565 3532 γὰρ
2606 3459 2864 3514 ἁπάντων
2908 3459 3361 3532 εἰρηνευομένων,
3392 3460 3558 3532 μόνοις
3577 3459 3711 3527 Αἰγυ-

497 3555 645 3612 solos
673 3552 964 3628 Egyptios
996 3558 1355 3629 implacabilis
1391 3561 1763 3616 contentionis
1795 3560 1953 3615 furor
1984 3574 2071 3625 ar-

2194 3552 2360 3615 πτίοις
2381 3551 2611 3623 ἄμικτος
2628 3548 2749 3625 ῆνὴ
2774 3552 2907 3625 πρὸς
2935 3552 3196 3624 ἀλλήλους
3226 3551 3535 3623 φιλονεικία,
3553 3551 3617 3615 ὡς
3642 3549 3713 3602 καὶ

497 3646 665 3702 debat
697 3666 711 3702 :
741 3650 876 3703 adeo
899 3660 958 3703 ut
984 3652 1292 3707 molestiam
1318 3653 1534 3721 quidem
1560 3652 1888 3709 exhiberem
1918 3652 2071 3723 impe«

2194 3639 2339 3708 αὖθις
2367 3645 2601 3715 ἐνοχλεῖν
2638 3645 2882 3717 βασιλέα,
2906 3645 2967 3699 οὐ
3001 3645 3107 3717 μὴν
3140 3646 3236 3699 καὶ
3264 3644 3402 3718 πρὸς
3429 3644 3583 3717 ὀργὴν
3602 3637 3713 3734 ἐγεί-

498 3742 671 3796 ratori
692 3781 708 3805 ,
743 3757 849 3797 non
882 3743 1003 3799 ideo
1031 3753 1213 3799 tamen
1238 3760 1363 3800 eum
1388 3747 1455 3801 ad
1488 3748 1831 3803 iracundiam
1867 3746 2071 3801 excita-

2194 3754 2324 3809 ρειν.
2348 3732 2448 3791 Οἷα
2470 3736 2601 3807 γοῦν
2623 3738 2885 3811 πατέρας,
2906 3738 2939 3810 ἢ
2962 3738 3056 3791 καὶ
3083 3736 3283 3807 μᾶλλον
3302 3738 3571 3808 προφήτας
3590 3729 3711 3795 θεοῦ,

500 3844 647 3888 rent.
674 3832 802 3888 lllos
831 3836 975 3889 enim
1005 3845 1065 3890 ut
1106 3847 1312 3904 patres,
1345 3848 1441 3892 aut
1470 3840 1652 3908 potius
1684 3850 1743 3895 ut
1782 3838 2071 3910 prophetas

2194 3831 2342 3903 πάσῃ
2369 3829 2645 3902 περιέπων
2666 3833 2821 3902 τιμῇ,
2844 3833 2939 3884 καὶ
2962 3828 3212 3901 δεύτερον
3244 3829 3449 3891 ἐκάλει,
3480 3829 3562 3883 καὶ
3587 3825 3713 3879 πάλιν

500 3924 621 3993 Dei,
652 3929 798 3982 omni
823 3929 1032 3989 honore
1060 3929 1354 3998 imperator
1382 3930 1643 3996 alliciens,
1683 3933 1881 3987 iterum
1921 3931 1987 3986 ad
2022 3946 2071 3987 se

2194 3928 2471 3998 ἐμεσίτευε
2501 3929 2613 3990 τοῖς
2647 3927 2829 3991 αὐτοῖς
2867 3925 3225 3992 ἀνεξικάκως,
3264 3927 3360 3979 καὶ
3385 3923 3565 3996 δώροις
3587 3920 3715 3991 ἐτίμα

498 4019 753 4079 vocavit;
791 4019 988 4074 iterum
1021 4019 1229 4075 arbiter
1249 4022 1563 4077 eorumdem
1583 4022 1715 4089 fuit;
1750 4023 1949 4077 iterum
1980 4036 2071 4078 eos

2194 4016 2596 4089 πάλιν,οὲδήλου
2637 4034 2697 4070 τε
2739 4016 2838 4089 τῆν
2871 4016 3078 4070 δίαιταν
3120 4014 3185 4069 δι’
3216 4014 3519 4086 ἐπιστολῆς.
3551 4013 3641 4067 Καὶ
3663 4007 3717 4061 τὰ

499 4108 823 4164 muneribus
860 4124 925 4163 ac
956 4108 1114 4163 donis
1148 4110 1454 4164 honoravit.
1498 4108 1834 4166 Seutentiam
1867 4125 2071 4181 quoque

2194 4110 2289 4180 τῆς
2320 4109 2535 4163 συνόδου
2563 4108 2809 4181 δόγματα
2831 4110 3012 4182 κυρῶν
3041 4108 3489 4181 ἐπεσφραγίζετο,
3516 4101 3717 4175 παρεκὰ-

499 4212 664 4265 quam
716 4199 924 4254 arbiter
976 4199 1210 4265 dixerat,
1256 4215 1354 4268 per
1388 4201 1671 4272 epistolam
1718 4202 2071 4274 signiﬁcavit,

2194 4199 2271 4254 λει
2289 4215 2349 4252 τε
2378 4199 2695 4269 συμφωνίας
2721 4199 2958 4269 ἔχεσθαι,
2996 4199 3130 4270 μηδέ
3161 4199 3395 4270 διασπᾷν
3422 4197 3510 4251 καὶ
3528 4191 3716 4249 κατατέ-

500 4289 836 4348 conﬁrmans
868 4300 924 4347 et
974 4293 1234 4348 sanciens
1267 4309 1330 4349 ea
1379 4309 1502 4363 qua:
1534 4308 1564 4348 a
1609 4296 1817 4365 synodo
1862 4295 2071 4350 decreta

2194 4308 2346 4363 μνειν
2373 4290 2471 4363 τὴν
2505 4291 2851 4362 Ἐκκλησίαν,
2878 4291 2979 4361 τῆς
2996 4291 3055 4345 δὲ
3081 4290 3175 4344 τοῦ
3198 4289 3333 4344 Θεοῦ
3361 4291 3579 4361 κρίσεως
3597 4283 3718 4354 ἐννῷ

499 4378 751 4448 fuerant,
782 4396 987 4452 eosque
1016 4382 1314 4438 adhortans
1348 4394 1407 4438 ut
1433 4386 1741 4441 concordiae
1771 4386 2071 4449 studerent1

2194 4385 2291 4455 τὴν
2332 4386 2555 4457 μνήμην
2588 4385 2905 4457 λαμϐάνειν.
2935 4386 3044 4439 Καὶ
3066 4383 3237 4438 ταῦτα
3259 4383 3319 4437 δέ
3343 4382 3577 4455 βασιλεὺς
3591 4380 3645 4433 δι’
3663 4379 3720 4431 ol-

499 4487 602 4528 nec
626 4473 887 4530 Ecclesiae
922 4490 1125 4546 corpus
1156 4477 1466 4531 distrahere
1510 4490 1576 4530 ac
1606 4475 1917 4546 discerpere
1962 4475 2071 4531 vel-

2194 4475 2346 4540 κείας
2368 4476 2654 4530 ἐπέστελλε
2680 4477 2916 4550 γραφῆς.

497 4562 632 4630 lent,
662 4567 758 4622 sed
801 4567 1041 4623 futurum
1090 4567 1184 4623 Dei
1208 4568 1474 4637 judicium
1506 4567 1693 4625 animo
1734 4577 2078 4640 reputarent.
2116 4566 2184 4624 Et
2220 4569 2337 4624 haec
2369 4568 2588 4638 quidem
2647 4570 2946 4642 imperator
2974 4567 3196 4639 speciali
3243 4566 3472 4638 epistola
3501 4565 3574 4622 eis
3613 4577 3714 4630 sng-

496 4659 686 4727 gessit.

2691 2320 3090 2377 ΚΕΦΑΛᾹΙΟΝ
3135 2322 3265 2376 KB’.

2180 2411 2380 2477 Ὅπως
2416 2409 2523 2478 οὓς
2562 2409 2679 2481 μὲν
2715 2411 3121 2485 προέπεμψεις,
3159 2408 3252 2480 οἷς
3276 2411 3347 2467 δὲ
3385 2412 3611 2485 ἔγραψε,
3635 2409 3713 2467 και

2631 2481 2951 2550 χρημάτων
2976 2481 3298 2551 διαδόσεις.

2249 2574 2469 2646 Χαίρων
2504 2572 2641 2644 δῆτα
2683 2572 2935 2644 βασιλεὺς
2963 2575 3057 2629 ἐπὶ
3088 2575 3167 2647 τῷ
3205 2574 3594 2648 κατορθώματι,
3621 2575 3715 2637 τοῖς

2182 2667 2259 2741 μὴ
2280 2664 2653 2738 παρατυχοῦσι
2683 2668 2751 2737 τῇ
2784 2666 2989 2739 συνόδῳ
3027 2667 3242 2740 καρπὸν
3265 2667 3464 2738 εὐθαλῆ
3487 2663 3716 2738 δεδώρητο

2177 2757 2246 2811 δι’
2272 2754 2571 2811 ἐπιστολῶν
2590 2772 2604 2786 ’
2652 2752 2804 2818 λαοῖς
2840 2755 2887 2809 θ’
2919 2756 3110 2818 ἅπασι,
3145 2759 3257 2821 τοῖς
3297 2773 3357 2810 τε
3401 2757 3515 2811 κατ’
3544 2755 3713 2827 ἀγροὺς

2684 3204 3082 3260 ΚΕΦΑΔᾹΙΟΝ
3131 3204 3260 3259 ΚΓ.

2183 3297 2387 3362 Ὅπως
2423 3296 2557 3365 περὶ
2602 3296 2846 3384 εἰρήνης
2890 3296 3237 3383 Αἰγυπτίοις
3267 3296 3492 3367 enectis
3538 3312 3594 3350 rs
3634 3292 3715 3349 και

1053 4773 1285 4831 CAPUT
1331 4770 1516 4830 XXIV.

2695 4767 3095 4823 ΚΕΦΑΛΑΙΟΝ
3131 4767 3258 4820 ΚΔ’.

560 4863 836 4931 Quomodo
862 4867 1120 4937 episc0pis
1152 4879 1200 4922 et
1231 4867 1467 4936 plebibus
1503 4866 1782 4938 religiosos
1808 4868 2012 4922 litteras

2194 4866 2385 4930 Ὅπως
2431 4862 2786 4929 ἐπισκόποις
2829 4861 2927 4938 καὶ
2963 4859 3136 4938 λαοῖς
3170 4854 3437 4922 εὐλαϐῶς
3469 4850 3714 4915 πολλάιις

1065 4932 1261 5007 sacpius
1285 4940 1515 5008 scripsit.
1603 4932 1623 4938 ⁷

2830 4932 2975 5003 enea
2983 4935 3115 5000 ψεν.

574 5022 681 5077 Sed
719 5034 776 5081 et
824 5026 930 5082 alia
964 5027 1195 5098 plurima
1245 5026 1510 5085 eiusmodi
1560 5028 1801 5097 scripsit,
1838 5043 1903 5083 ac
1944 5042 2071 5097 pene

2255 5025 2368 5080 Καὶ
2401 5023 2539 5099 ἀλλὰ
2564 5025 2621 5079 δὲ
2648 5024 2857 5090 τούτοις
2888 5024 3125 5097 ἔγραφεν
3151 5021 3355 5093 ἀδελφὰ
3388 5017 3563 5093 μυρία,
3592 5008 3712 5066 πλεῖν

502 5114 937 5172 innumerabiles
968 5120 1218 5173 exaravit
1270 5119 1573 5189 epistolas;
1618 5135 1762 5173 nunc
1811 5119 2071 5188 episcopis

2194 5135 2317 5182 στας
2353 5117 2401 5171 θ’
2442 5118 2573 5181 ὅσας
2605 5116 2891 5182 ἐπιστολὰς
2922 5115 3195 5177 διετύπου,
3232 5117 3291 5168 ἐν
3328 5113 3477 5187 μέρει
3509 5108 3594 5180 μὲν
3615 5104 3709 5155 ἐπιο

497 5208 860 5273 prmscribens
893 5225 957 5263 ea
1014 5225 1135 5279 qua:
1166 5209 1230 5264 ad
1266 5211 1637 5267 Ecclesiarum
1669 5212 1763 5266 Dei
1792 5212 2071 5265 utilitatem

2194 5210 2412 5273 σκόποις
2441 5210 2583 5282 ὑπὲρ
2614 5210 2721 5264 τῶν
2751 5207 3095 5280 Ἐκκλησιῶν
3110 5205 3205 5260 τοῦ
3223 5204 3358 5259 Θεοῦ
3390 5201 3457 5256 τὰ
3481 5197 3709 5269 πρόσφορα

498 5299 840 5369 spectabant,
896 5315 1046 5358 nunc
1082 5302 1227 5372 ipsas
1256 5303 1447 5372 plebes
1480 5318 1578 5374 per
1601 5302 1811 5358 litteras
1837 5302 2071 5371 compel-

2194 5302 2632 5374 διαταττόμενος·
2672 5302 2774 5374 ἤδη
2807 5302 2864 5355 δὲ
2909 5301 3007 5357 καὶ
3047 5299 3228 5364 αὐτοῖς
3270 5292 3587 5369 προσεφώνει
3625 5285 3710 5343 τυῖς

567 5502 902 5574 (85)Λόγωγ
914 5502 1433 5578 ἀληθῷνίὰληθεῖς.
1452 5505 1621 5561 Codd.
1643 5504 1856 5578 Fttketij
1874 5513 1925 5557 et
1943 5504 2067 5558 Savi

2203 5503 2752 5578 Fuketiietschcdze
2784 5504 2964 5578 Regia:
3007 5505 3260 5578 habent:
3296 5502 3388 5578 ὓςιῇ
3420 5490 3707 5578 ἐνὶησὼμαῖ]

420 5582 429 5591 -
510 5557 1783 5649 tu:scn.;r.;.i_'tetigitunianimam};
1806 5557 2071 5649 omne.

2200 5557 2427 5649 ueniet?"
2455 5557 2562 5641 ἐνὶ,
2578 5557 2664 5631 iii
2688 5557 2981 5649 uenditi
3010 5557 3254 5649 ivulg-alis
3289 5557 3704 5649 editionibusllﬂ

513 5644 674 5719 etiam
716 5646 771 5719 in
816 5646 953 5719 libro
988 5642 1226 5719 'l‘uruehi
1279 5652 1346 5719 ad
1389 5642 1697 5716 marginem
1747 5646 2089 5719 emendatur.
2196 5642 2625 5719 eodeniAcodice
2667 5649 2926 5715 scriptum
2968 5642 3409 5719 invenihzﬁtomp
3436 5642 3705 5719 παῖῖαςξξξ

513 5710 622 5763 ειη]
649 5714 862 5781 vulgata
894 5715 1057 5786 lectio
1090 5718 1262 5786 magis
1288 5718 1465 5786 placet
1496 5703 1567 5771 οἶ)
1602 5733 1666 5771 ea
1695 5730 1814 5784 quae
1845 5714 2071 5786 proximi

2198 5714 2486 5786 μόττεσθαι
2519 5717 2619 5786 δεῖ,
2669 5703 2792 5773 ποῇ’
2816 5729 2875 5773 ut
2903 5718 3061 5786 vulgo
3105 5714 3309 5770 editum
3354 5703 3451 5776 e'sl,
3505 5703 3572 5758 διδ
3600 5703 3703 5769 πρὸς

519 5794 837 5852 sequuntur,
867 5796 926 5839 ut
950 5785 1155 5841 vitetur
1180 5784 1521 5860 ταυτολογία.
1573 5787 1742 5843 Paulo
1770 5792 1892 5855 post
1915 5784 2071 5840 code:

2194 5784 2415 5852 πάντας.
2606 5784 2613 5786 ἡ
3000 5784 3017 5786 ⁷
3154 5806 3159 5817 τ
