3864 6480
117 366 233 423 1085

1175 366 1264 422 DE
1302 366 1481 423 VITA.
1504 367 1964 426 CONSTANTINI
2001 371 2130 427 LIB.
2172 372 2262 430 lli.

3169 376 3303 435 1086

117 481 361 552 πλήθεσιν,
381 478 642 547 ἀδελφοὺς
665 480 952 535 ἀποκαλῶν
973 481 1067 535 καὶ
1085 482 1242 537 συνθε
1251 484 1517 555 ράποντας
1539 487 1648 539 ἑαυι

1756 487 1896 550 laus,
1929 488 2234 558 fratresque
2257 497 2311 544 et
2336 503 2629 546 conservos
2655 504 2785 545 suos
2819 489 3105 544 nominans
3129 487 3314 544 Eccle-

114 567 769 641 τοῦτοὺςτῆςἘκκλησῑας
786 568 947 635 λαοὺς
976 572 1006 624 ὁ
1036 573 1449 644 τρισμακάριος.
1479 574 1648 645 Σχολὴ

1755 577 1847 629 site
1881 578 2127 645 populos,
2161 578 2245 631 vir
2277 578 2646 635 beatissimus.
2687 577 2886 634 Verum
2918 579 3035 635 haec
3063 588 3312 648 separato

111 666 151 724 δ’
181 664 237 721 ἂν
269 664 473 734 γένοιτο
513 664 683 718 ταῦτα
720 665 810 717 ἐπὶ
841 664 1045 728 οἰκείας
1082 664 1388 729 ὑποθέσεως
1421 682 1650 735 συναγα-

113 761 211 835 γεῖν
225 756 345 827 (86),
378 757 456 822 ὡς
489 757 555 811 ἂν
586 758 660 830 μὴ
684 756 746 810 τὸ
782 755 941 828 σῶμα
968 756 1066 827 τῆς
1094 755 1371 828 παρούσης
1398 757 1527 829 ἡμῖν
1548 758 1652 811 δια-

116 849 332 903 κόπτοιτο
364 848 625 919 ἱστορίας.

587 962 986 1017 ΚΕΦΑΛΔῙΟΝ
1015 963 1141 1017 ΚΕ’.

115 1054 275 1133 ὀπως
299 1051 375 1133 ἐν
416 1052 845 1133 Ἱεροσολύμοις
888 1054 1104 1133 ἐπὶ-τῷ
1154 1054 1496 1133 ἁγίῳ-τόπῳ
1540 1054 1651 1124 τῆς

167 1124 259 1194 τοῦ
289 1124 563 1194 Σωτῆρος
588 1124 755 1194 ἡμῶν
776 1125 1185 1194 ἀναστάσεως,
1215 1124 1364 1178 ναὸν
1394 1138 1650 1194 προσευ-

166 1190 388 1260 κτήριον
407 1190 844 1262 οἰκοδομεῖσθαι
865 1193 1219 1262 προσέταξε.

168 1281 363 1337 Τούτων
405 1283 451 1336 δ’
492 1277 583 1336 ὧδ’
615 1284 866 1353 ἐχόντων,
902 1286 1120 1357 μνήμης
1148 1286 1276 1340 ἄλλο
1303 1303 1355 1340 τι
1398 1286 1650 1357 μέγιστον

115 1374 204 1446 (87)
234 1377 320 1429 ἐπὶ
345 1376 440 1430 τοῦ
464 1376 840 1430 Παλαιστινῶν
861 1376 1045 1440 ἔθνους
1076 1379 1106 1432 ό
1136 1378 1384 1450 θεοφιλὴς
1412 1380 1652 1452 εἰργάξε-

115 1482 187 1520 τοο
210 1466 258 1519 τί
295 1465 338 1519 δ’
374 1462 445 1538 ἦν
470 1465 665 1532 τοῦτο;
717 1466 821 1520 Τὸν
876 1468 935 1520 ἐν
972 1470 1086 1532 τοῖς
1124 1469 1512 1541 Ἱεροσολύμοις
1550 1470 1651 1541 τῆς

115 1558 346 1630 σωτηρίου
380 1560 728 1624 ἀναστάσεως
759 1561 1224 1632 μακαριστότατον
1260 1563 1444 1628 τόπον,
1476 1563 1650 1617 ἐδόκει

83 1725 86 1727 Δ
112 1653 199 1704 δεῖν
221 1650 358 1722 αὐτῷ
384 1652 656 1723 περιφανῆ
680 1652 774 1706 καὶ
798 1653 994 1706 σεπτὸν
1027 1654 1299 1724 ἀποφῆναι
1321 1657 1432 1719 τοῖς
1460 1656 1645 1708 πᾶσιν.

112 1741 284 1796 Αὐτίκα
304 1741 433 1811 γοῦν
466 1738 613 1795 οἷκον
652 1743 936 1815 εύκτήριον
967 1744 1331 1815 συστήσασθαι
1355 1744 1651 1798 διεκελεύε-

1750 669 2026 724 volumine
2065 670 2343 740 colligere,
2377 670 2516 726 alias
2552 671 2783 726 fortasse
2816 672 2984 725 otium
3030 670 3213 739 fuerit,
3248 684 3316 725 no

1750 758 1908 826 hujus
1946 759 2195 816 Historiae
2227 773 2427 816 nostra:
2457 762 2629 816 series
2660 762 3100 832 interrtttnpatur.

2218 939 2383 1012 497
2415 937 2653 996 carur
2680 936 2848 995 xxv.

1750 1034 2023 1101 Quomodo
2052 1034 2428 1103 Hierosolymis
2455 1035 2509 1087 in
2555 1045 2736 1087 sancto
2761 1031 3061 1103 Dominicte
3083 1046 3315 1086 resurre—

1980 1105 2173 1159 ctionis
2204 1101 2317 1157 loco
2348 1102 2594 1172 templum
2620 1102 2819 1156 exstrui
2843 1101 3104 1170 pra'cepil.

1817 1198 1913 1254 His
1937 1198 2006 1253 ita
2026 1196 2209 1269 gestis,
2231 1198 2523 1265 imperator
2544 1195 2651 1250 Deo
2679 1196 2875 1250 charus
2889 1194 3033 1248 aliud
3057 1192 3310 1263 quiddam

1752 1288 1999 1362 inprimis
2053 1288 2410 1343 memorabile
2445 1302 2729 1358 aggressus
2766 1295 2850 1342 est
2900 1287 2952 1341 in
3003 1285 3311 1340 Palaestina.

1748 1379 2019 1446 Quidnam
2070 1393 2205 1434 vero
2236 1378 2366 1433 illud
2388 1379 2512 1433 est?
2540 1378 2915 1433 Beatissimmn
2945 1376 3093 1430 illum
3128 1374 3313 1429 Domi-

1748 1473 1886 1528 nicae
1912 1470 2330 1527 resurreCtionis
2354 1470 2530 1526 locum
2557 1470 2647 1539 qui
2683 1478 2766 1523 est
2790 1465 3200 1539 Hierosolymis,
3234 1463 3306 1519 il-

1748 1563 1974 1617 lustrem
1998 1576 2064 1617 ac
2092 1561 2460 1616 venerabilem
2491 1560 2707 1616 cunctis
2726 1558 3045 1613 mortalibus
3078 1557 3312 1623 edicere,

1749 1653 1908 1711 omcii
1939 1654 2020 1709 sui
2062 1667 2182 1708 esse
2221 1652 2576 1708 existimavit.
2611 1650 2905 1706 Confestim
2939 1650 3099 1719 igitur
3127 1659 3312 1705 orato-

1752 1748 1888 1801 rium
1912 1745 2109 1800 ibidem
2127 1745 2336 1798 exstrui
2362 1740 2643 1797 mandavit
2668 1758 2682 1795 :
2709 1756 2813 1793 non
2839 1738 3042 1808 absque
3067 1738 3314 1793 Deinqu

110 1848 176 1893 το,
199 1833 288 1887 οὐκ
318 1832 471 1886 ἀθεεὶ
500 1832 646 1887 τοῦτ’
669 1834 726 1887 ἐν
751 1833 959 1906 διανοίᾳ
991 1834 1185 1903 βαλὼν,
1218 1836 1331 1890 ἀλλ’
1365 1837 1455 1890 ὑπ’
1485 1836 1646 1891 αὐτοῦ

1755 1854 1814 1894 eo
1842 1838 2131 1902 inductus,
2163 1835 2260 1893 sed
2294 1835 2414 1906 ipso
2448 1834 2742 1889 Servatore
2763 1831 2884 1901 ejus
2906 1831 3144 1885 animum
3176 1829 3314 1885 inci-

110 1918 185 1978 τοῦ
206 1923 447 1995 Σωτῆρος
472 1925 817 1997 ἀνακινηθεὶς
845 1925 922 1994 τῷ
950 1925 1239 1997 πνεύματι.

585 2019 977 2073 ΚΕΦΑΔΛΙΟΝ
1002 2021 1145 2086 Kq'.

112 2107 209 2161 Ὅτι
241 2106 301 2161 τὸ
332 2107 493 2163 θεῖον
534 2108 744 2179 μνῆμα
768 2140 771 2145 -
788 2105 1018 2176 χώμασι
1094 2111 1191 2164 καὶ
1233 2111 1499 2179 εἰδώλοις
1530 2114 1650 2178 τάπ-

599 2177 878 2248 έκρυψαν
899 2182 953 2232 οἱ
978 2179 1163 2235 ἄθεοι.

168 2266 372 2337 Ἄνδρες
400 2267 504 2338 μὲν
528 2268 637 2340 γάρ
660 2285 792 2321 ποτε
828 2268 1124 2334 δυσσεϐεῖς,
1150 2272 1347 2342 μᾶλλον
1370 2274 1428 2327 δὲ
1455 2276 1562 2329 πᾶν
1590 2275 1650 2328 τὸ

109 2357 340 2429 δαιμόνων
379 2358 468 2412 διὰ
514 2358 720 2414 τούτων
750 2359 925 2429 γένος,
975 2362 1211 2433 σπουδὴν
1252 2363 1432 2420 ἔθεντο
1475 2367 1650 2439 σκότῳ

112 2447 188 2502 καὶ
210 2447 337 2523 λήθῃ
364 2449 696 2519 παραδοῦναι
722 2451 785 2505 τὸ
815 2451 1096 2509 θεσπέσιον
1127 2457 1303 2510 ἐκεῖνο
1331 2457 1429 2528 τῆς
1448 2457 1648 2512 ἀθανα-

112 2541 209 2604 σίας
243 2541 447 2614 μνῆμα,
492 2545 624 2615 παρ’
655 2536 699 2611 ᾧ
738 2544 852 2613 φῶς
901 2546 1286 2621 ἐξαστράπτων
1334 2552 1363 2603 ὁ
1407 2551 1649 2617 καταϐὰς

111 2633 362 2704 οὐρανόθεν
392 2633 647 2703 ἄγγελος,
684 2636 980 2693 ἀπεκύλισε
1012 2641 1103 2695 τὸν
1120 2642 1264 2696 λίθον
1289 2641 1399 2696 τῶν
1422 2643 1520 2706 τὰς
1539 2643 1651 2697 δια-

111 2723 230 2788 νοίας
260 2723 659 2796 λελιθωμένων,
692 2726 783 2780 καὶ
815 2727 906 2782 τὸν
938 2728 1113 2794 ζῶντα
1148 2730 1286 2803 μετά
1308 2731 1416 2787 τῶν
1443 2732 1650 2805 νεκρῶν

113 2811 170 2865 ἔθ’
192 2813 440 2886 ὑπάρχειν
477 2815 878 2887 ὑπειληφότων·
903 2819 1002 2884 τάς
1025 2826 1280 2890 γυναῖκας
1312 2821 1642 2892 εὐαγγελιζό-

116 2924 261 2975 μενος,
311 2906 400 2958 τόν
427 2923 488 2959 τε
510 2907 613 2978 τῆς
636 2910 894 2976 ἀπιστίας
941 2911 1088 2967 λίθον
1126 2915 1226 2985 τῆς
1259 2914 1439 2968 αὐτῶν
1459 2915 1651 2971 διανοι-

113 3008 163 3054 ας
180 2991 275 3062 (88)
296 2994 386 3048 ἐπὶ
408 2995 533 3068 δόξῃ
564 2997 665 3069 τῆς
693 2999 787 3053 τοῦ
815 2998 1141 3072 ζητουμένου
1159 3002 1302 3075 ζωῆς
1314 3005 1649 3078 ἀφαιρούμε-

112 3096 201 3145 νος.
226 3084 386 3139 Τοῦτο
419 3086 519 3156 μὲν
558 3083 651 3141 οὖν
691 3087 753 3141 τὺ
792 3092 1056 3162 σωτήριον
1091 3092 1282 3163 ἄντρον
1322 3094 1470 3149 ἄθεοι
1505 3112 1650 3161 τινες

112 3173 187 3226 καὶ
208 3174 476 3242 δυσσεϐεῖς
500 3178 706 3248 ἀφανὲς
729 3179 787 3248 ἐξ
808 3180 1107 3253 ἀνθρώπων
1127 3186 1450 3257 ποιήσασθαι
1473 3187 1648 3242 διανε-

112 3261 285 3333 νόηντο,
310 3268 504 3339 ἄφρονι
523 3267 768 3342 λογισμῷ
790 3272 889 3343 τὴν
918 3272 1174 3345 ἀλήθειαν
1205 3276 1377 3350 ταύτῃ
1407 3294 1483 3348 πη
1515 3279 1649 3351 κρύ-

113 3351 189 3421 ψαι
220 3355 578 3428 λογισάμενοι.
611 3360 721 3415 Καὶ
761 3361 824 3433 δὴ
866 3363 1031 3418 πολὺν
1069 3366 1506 3438 εἰσενεγκάμενοι
1549 3370 1646 3441 μό-

109 3443 231 3514 χθον,
255 3449 354 3519 γῆν
381 3448 583 3515 ἔξωθέν
613 3452 776 3507 ποθεν
808 3456 1226 3529 εἰσφορήσαντες
1243 3458 1376 3531 (89),
1399 3460 1489 3514 τὸν
1510 3462 1647 3515 πάν-

110 3550 164 3589 τα
180 3538 498 3596 καλύπτουσι
524 3543 711 3608 τόπον,
729 3544 942 3600 κᾶπειτ’
968 3551 1049 3613 εἰς
1072 3548 1205 3619 ὕψος
1250 3553 1643 3624 αἰωρήσαντες,

110 3625 215 3699 λίθῳ
240 3648 295 3684 τε
331 3634 835 3708 καταστρώσαντες,
871 3639 1022 3694 κάτω
1053 3658 1155 3695 που
1192 3642 1254 3696 τὺ
1282 3642 1421 3697 θεῖον
1451 3644 1644 3717 ἄντρον

110 3718 194 3773 ὑπὸ
217 3723 384 3796 πολλῷ
417 3724 497 3797 τῷ
528 3727 741 3799 χώματι
770 3731 1243 3804 κατακρύπτουσιν
1262 3752 1275 3764 '
1312 3731 1413 3788 εἷθ’
1441 3735 1518 3799 ὡς
1557 3737 1647 3789 οὑ-

108 3808 228 3877 δενὸς
246 3816 424 3881 αὐτοῖς
445 3818 791 3889 λειπομένου,
822 3824 919 3894 τῆς
945 3825 1048 3895 γῆς
1084 3823 1339 3898 ὕπερθεν,
1372 3827 1543 3881 δεινὸν
1572 3827 1648 3892 ὡς

109 3901 291 3974 ἀληθῶς
315 3909 569 3979 ταφεῶνα
599 3911 784 3983 ψυχῶν
810 3914 1280 3981 ἐπισκευάζουσιν,
1321 3918 1528 3990 νεκρῶν
1572 3921 1648 3973 εὶ-

108 3992 256 4051 δώλων
290 4004 500 4057 σκότιον
552 4004 870 4076 Ἀφροδίτης
905 4005 1186 4080 ἀκολάστῳ
1228 4008 1442 4080 δαίμονι
1474 4011 1649 4081 μυχὸν

107 4090 587 4167 οἰκοδομησάμενον
628 4098 860 4151 κᾶπειτα
895 4100 1143 4172 μυσαρὰς
1173 4100 1422 4155 ἐνταυθοῖ
1462 4101 1651 4167 θυσίας

108 4178 181 4231 ἐπὶ
207 4182 438 4255 βεϐήλων
471 4186 568 4240 καὶ
596 4188 805 4255 ἐναγῶν
837 4187 1035 4258 βωμῶν
1061 4191 1472 4254 ἐπισπένδοντες
1502 4193 1612 4262 (90)
1630 4210 1644 4224 ·

106 4270 247 4348 ταύτῃ
275 4276 382 4348 γὰρ
419 4279 600 4349 μόνως
637 4278 731 4332 καὶ
752 4279 851 4333 οὐκ
880 4279 1071 4345 ἄλλως,
1102 4281 1163 4334 τὸ
1198 4281 1529 4337 σπουδασθὲν
1566 4286 1647 4349 εἰς

1676 3146 1723 3210 C

1750 1940 1920 1985 tante.

2306 2016 2539 2075 CAPUT
2576 2016 2767 2073 XXVI.

1788 2113 2060 2180 Quomodo
2105 2112 2251 2180 impii
2291 2111 2585 2179 sepulcrum
2644 2109 2859 2163 Domini
2899 2108 3177 2161 ruderibus
3222 2112 3272 2158 et

2018 2179 2319 2237 simulacris
2350 2181 2696 2250 superpositis
2720 2179 3046 2232 obtexeraut.

1820 2276 2030 2346 Quippe
2063 2275 2213 2344 impii
2242 2273 2514 2343 quondam
2547 2270 2816 2335 homines,
2854 2283 2948 2323 seu
2984 2269 3165 2337 potius
3194 2266 3319 2322 uni-

1750 2384 1970 2425 versum
2001 2369 2305 2423 daemonum
2336 2379 2528 2435 genus,
2554 2362 2844 2432 impiorum
2875 2361 3152 2416 hominum
3188 2372 3321 2428 ope-

1750 2479 1836 2526 ra,
1865 2458 2232 2516 venerandum
2273 2456 2405 2512 illud
2452 2453 2886 2511 immortalitatis
2909 2461 3315 2508 monumentum

1751 2552 1992 2609 tenebris
2019 2561 2185 2619 atque
2224 2549 2496 2605 oblivione
2527 2548 2745 2617 penitus
2790 2545 3066 2600 involvere
3098 2541 3320 2596 studue»

1750 2655 1895 2699 rant.
1924 2642 2080 2708 lllttd,
2112 2642 2354 2710 inquam,
2378 2635 3064 2705 monumentum,ad,quod
3095 2631 3320 2703 angelus

1748 2733 1876 2788 olim
1901 2747 1933 2787 e
1953 2732 2093 2787 ccelo
2116 2732 2368 2801 delapsus
2389 2728 2697 2784 admirabili
2721 2729 2840 2782 luce
2864 2726 3318 2789 radians,saxum

1750 2823 2054 2880 revolverat
2081 2838 2150 2877 ex
2178 2821 2378 2876 animis
2414 2835 2601 2875 eorum
2645 2820 2740 2890 qui
2771 2832 2898 2874 vere
2943 2816 3092 2871 saxei
3138 2822 3316 2879 erant,

1749 2922 1805 2971 et
1819 2915 1909 2984 qui
1932 2915 2201 2968 viventem
2218 2911 2493 2967 Christum
2519 2912 2661 2966 inter
2677 2919 2924 2965 mortuos
2938 2908 3116 2961 adhuc
3138 2906 3318 2975 iacere

1749 3007 2201 3062 arbitrabantur:
2238 3001 2749 3058 felicem'nuntium
2792 2999 3027 3055 aﬂ‘erens
3070 2997 3316 3053 mulieri-

1749 3096 1871 3160 bus,
1917 3106 1973 3152 et
2011 3095 2412 3151 incredulitatis
2460 3092 2691 3163 lapidem
2740 3106 2771 3145 a
2827 3089 3100 3145 mentibus
3129 3103 3316 3142 earum

1753 3202 2061 3250 removens,
2091 3196 2152 3240 ut
2199 3185 2508 3254 opinionem
2559 3185 2626 3239 de
2664 3182 2776 3237 vita
2821 3181 2938 3251 ejus
2968 3180 3060 3248 qui
3106 3179 3176 3234 ab
3211 3178 3318 3234 illis

1753 3280 2114 3349 quaerebatur,
2141 3275 2472 3332 adstrueret.
2507 3275 2661 3330 lianc
2689 3275 2856 3345 igitur
2876 3271 3168 3326 salutarent
3187 3285 3316 3340 spe-

1750 3371 1990 3437 luncam,
2024 3371 2174 3441 impii
2205 3370 2423 3441 quidam
2459 3382 2525 3424 ac
2552 3367 2766 3439 profani
2798 3366 3045 3421 homines
3072 3362 3317 3418 funditus

1750 3463 1969 3519 abolere
2013 3463 2068 3518 in
2116 3464 2356 3518 animum
2411 3462 2765 3527 induxerant;
2818 3458 2981 3515 stulte
3025 3456 3316 3512 admodum

1749 3556 1981 3625 opinati,
2014 3570 2073 3610 se
2104 3555 2209 3611 hoc
2240 3553 2400 3610 modo
2438 3554 2724 3609 veritatem
2771 3567 2892 3607 esse
2926 3551 3316 3606 occultaturos.

1748 3644 1935 3715 Itaque
1984 3662 2088 3701 non
2143 3648 2262 3701 sine
2309 3660 2523 3701 summo
2589 3645 2817 3711 labore,
2871 3644 3100 3710 plurima
3153 3642 3317 3696 humu

1750 3737 1966 3792 aliunde
1991 3739 2216 3793 advecta
2248 3746 2582 3807 aggestaque
2605 3746 2775 3790 totum
2810 3734 2986 3789 locum
3010 3733 3315 3804 opplevere.

1752 3827 1924 3895 Quem
1953 3843 2073 3884 cum
2099 3828 2363 3884 mediocri
2393 3827 2688 3883 altitudine
2710 3826 3034 3881 extulissent
3062 3834 3117 3879 et
3142 3824 3319 3894 lapide

1753 3919 2202 3983 constravissent,
2236 3919 2338 3973 sub
2377 3917 2477 3971 hac
2505 3925 2651 3970 tanta
2674 3915 2929 3987 congerie
2959 3927 3168 3968 sacram
3197 3925 3320 3982 spe-

1751 4009 1969 4064 luncam
1997 4010 2341 4064 obtexerunt.
2374 4009 2577 4064 Dehine
2596 3994 2816 4081 perinde
2865 4021 2929 4062 ac
2960 4007 3004 4062 si
3048 4004 3176 4059 nihil
3202 4019 3321 4059 am-

1751 4098 1894 4170 plius
1934 4099 2067 4167 ipsis
2114 4106 2451 4168 superesset,
2510 4095 2857 4167 supraillud
2899 4095 3093 4160 solum,
3144 4093 3340 4148 infau-~

1751 4199 1894 4243 stum
1941 4204 2164 4260 prorsus
2206 4188 2508 4242 animarum
2554 4186 2862 4254 sepulcrum
2890 4191 3313 4248 exstruxerunt;

1755 4279 2044 4336 Obscuram
2095 4291 2433 4336 mortuorum
2463 4279 2878 4334 simulacrorum
2916 4288 3206 4329 cavernam
3258 4274 3315 4327 in

157 4480 254 4548 (86)
281 4481 470 4538 Ταῦτα
499 4480 602 4536 ἐπὶ
635 4483 857 4554 οἰκείας
887 4482 1225 4550 ὑποθέσεως
1254 4484 1642 4554 συναγαγεῖν.

1755 4478 1908 4549 rant,
1956 4482 2292 4539 referendam
2334 4481 2538 4554 putavi.
2573 4462 3315 4554 Christophorsonustamen

108 4546 243 4605 Certe
271 4553 529 4609 Eusebius
565 4553 708 4622 quod
738 4546 1150 4621 hic-pollicetur,
1178 4546 1361 4621 postea
1382 4546 1644 4622 implevit,

107 4633 369 4690 omnesque
402 4625 663 4689 epistolas
692 4632 745 4676 et
774 4626 1080 4678 sanctiones
1117 4626 1245 4691 itup.
1284 4624 1644 4687 Constantini,

105 4702 202 4756 qua:
238 4697 299 4743 ad
329 4694 656 4747 catholicam
690 4693 849 4747 tidem
890 4693 1223 4762 spectabunt.
1264 4695 1479 4761 speciali
1508 4695 1649 4748 libro

106 4761 391 4827 complexus
441 4772 546 4816 est.
592 4764 646 4816 Id
678 4778 766 4817 me
809 4761 990 4817 docuit
1034 4768 1201 4817 codex
1244 4763 1560 4826 Mediczeus,
1595 4767 1647 4818 in

107 4843 192 4893 quo
230 4834 290 4903 ad
340 4832 552 4903 ralcmn
616 4831 869 4886 Historia:
915 4833 1284 4886 ecclesiastica:
1349 4835 1650 4903 perscripta

108 4910 170 4950 est
198 4902 410 4966 cpistola
443 4902 787 4956 Constantini
819 4903 883 4955 ad
915 4903 1251 4966 Palicstinos,
1285 4902 1446 4971 quam
1473 4906 1524 4956 in
1558 4902 1651 4957 stt-

108 4972 290 5041 periore
320 4973 462 5026 libro
490 4972 676 5025 retulit
713 4972 993 5034 Eusebius,
1025 4983 1078 5026 ct
1116 4982 1238 5037 post
1280 4974 1646 5041 supradictam

104 5040 348 5112 epistolam
393 5042 649 5112 leguntur
680 5043 791 5095 haec
823 5044 982 5095 verba
1010 5062 1022 5095 :
1060 5041 1235 5095 Γαῦτα
1266 5038 1364 5112 μὲν
1412 5038 1504 5097 οὖν
1546 5038 1649 5111 qtae

104 5119 177 5193 ξιοξ
201 5110 416 5193 κείετθαιε
461 5111 599 5193 τέρε
642 5112 698 5193 δὲ
731 5111 948 5193 λτξτῖάν·
1000 5113 1125 5193 ῖοές
1168 5110 1395 5193 νόμδέλς.
1423 5113 1518 5193 κει
1552 5110 1652 5193 τὰς

103 5179 215 5247 ὑπὲρ
244 5182 337 5252 τῆς
363 5179 612 5253 uineas;
642 5182 1043 5253 abaetis-iaceat?
1071 5179 1350 5249 θεοφιλοῦς
1374 5183 1529 5253 ἡμῶν
1556 5183 1651 5237 κα)⁴

103 5252 376 5325 προστάτου
427 5251 694 5325 βασιλέως
737 5252 1054 5318 ἐπιστολὰς,
1102 5253 1194 5321 ἀφ’
1254 5251 1444 5324 ἐτέρας
1476 5254 1652 5325 ἀρχῆς

103 5315 228 5393 ὁμοῦΔ
238 5315 859 5393 πάσαςίσυναγάγωμεν.

155 5391 251 5462 (87)
292 5392 550 5460 Μνήμης
578 5391 817 5446 ἄλλοήτι
857 5392 1163 5462 μέγιστον.
1195 5392 1377 5447 Prima
1406 5408 1509 5446 vox
1552 5393 1650 5448 de-

103 5452 245 5538 leiitla'
295 5452 729 5538 videnti—utpote
784 5452 1087 5538 superﬂua,
1136 5463 1417 5538 nisifprte
1451 5464 1649 5538 subau-

104 5527 513 5604 diatur_p.vr')p.qg
549 5531 733 5586 ἕνεκα.
784 5527 972 5588 Posset
1008 5538 1171 5587 etiam
1211 5531 1342 5604 dici_
1372 5534 1452 5595 εἰς
1512 5534 1650 5604 μνή-

107 5611 210 5668 μην.
251 5601 538 5658 Turnebus
581 5604 650 5656 ad
681 5617 833 5658 oram
876 5604 963 5658 sui
996 5604 1119 5658 libri
1153 5601 1459 5657 emendavit
1503 5601 1651 5667 ἄξιον

104 5680 197 5742 ltro;
210 5672 478 5742 μέγιστον.

123 5804 133 5816 ⁸
160 5739 255 5810 (88)
284 5739 400 5810 Τῆς
429 5740 649 5816 αὐτῶν,
668 5742 953 5816 διανοίας.
990 5742 1184 5816 Vocem
1213 5742 1390 5816 αὐτῶν
1424 5742 1490 5816 ad
1522 5756 1650 5797 mn-

105 5801 262 5879 lieies',
284 5801 400 5883 quis
428 5814 604 5883 prima
638 5813 754 5869 luce
784 5815 848 5869 ad
877 5801 1183 5885 sepulcrum
1230 5814 1439 5871 Domini
1485 5828 1650 5870 vene.

1749 4570 1866 4608 eam
1894 4546 2089 4608 retulit
2124 4555 2189 4606 ad
2230 4546 2422 4608 saxeos
2468 4552 2588 4606 illos
2625 4561 2680 4604 et
2721 4546 3058 4607 incredulos.
3099 4546 3166 4600 de
3195 4546 3320 4615 qui-

1749 4626 1864 4745 busI
1895 4624 2054 4691 paulo
2105 4634 2233 4678 ante
2280 4625 2490 4677 locutus
2537 4633 2623 4677 est
2665 4621 2931 4675 Eusebius
2967 4636 2983 4685 ;
3028 4616 3169 4685 quod
3210 4630 3315 4668 non

1749 4709 1847 4745 uro
1871 4710 1938 4745 )0.

1789 4709 1938 4749 rouo.

1748 4710 2086 4835 ?rl)8lio)‘I‘-ﬁr
2111 4762 2332 4835 ἔξωθέν
2369 4758 3076 4835 ποθενᾼεὶσεοορήσαντες.
3136 4752 3318 4806 Malim

1750 4828 1929 4900 legere
1957 4828 2061 4907 γῆν
2089 4834 2146 4901 ἐξ
2171 4835 2293 4888 ὅθεν
2326 4832 2486 4886 ποθέν
2511 4871 2526 4898 ,
2557 4832 2609 4886 id
2637 4828 2740 4895 est,
2773 4831 2935 4882 humo
2967 4828 3322 4889 undecunque

1752 4915 1992 4960 aegesta.

1787 4921 2209 5046 glgifglnbvo‘iac
2244 4972 2342 5027 ἐπὶ
2385 4971 2605 5046 ,Βωμῶν
2642 4965 3127 5046 ἐπισπένδοητες.
3183 4960 3316 5046 Pes-

1751 5033 1886 5100 sime
1904 5033 2045 5100 hunc
2069 5033 2243 5098 locum
2271 5033 2965 5107 vertitCbristoiiltursonus
2990 5037 3092 5089 hoc
3116 5033 3272 5087 modo
3300 5050 3314 5086 :

1754 5115 1888 5169 Tum
1925 5114 2257 5169 detestabiles
2297 5114 2368 5165 ibi
2425 5112 2658 5166 victimas
2713 5122 2866 5175 super
2914 5108 3148 5172 impurus
3193 5117 3318 5155 aras

1753 5186 2054 5240 immolare.
2097 5184 2258 5251 Atqui
2302 5198 2409 5237 vox
2457 5180 2772 5241 σπένδοντες
2796 5175 3314 5251 εοιὶειί-ιιόίςςιιῃηοη

1751 5260 1818 5309 de
1843 5256 2081 5310 victimis
2113 5241 2199 5308 hic
2223 5252 2511 5308 Eusebium
2540 5251 2709 5321 loqui,
2731 5248 2823 5301 sed
2854 5245 2919 5300 de
2944 5241 3316 5321 liltatipttilttts,

1751 5327 1877 5379 vino
1906 5327 2137 5389 scilicet,
2164 5324 2301 5377 lacte
2344 5331 2398 5374 et
2442 5310 2748 5390 similibus,»
2779 5331 2899 5386 quae
2944 5314 3173 5390 gentiles
3212 5310 3322 5390 diis

1751 5399 1865 5449 suis
1907 5388 2229 5449 oﬂerebant.
2260 5392 2408 5445 Adde
2437 5390 2578 5458 quod
2625 5388 2880 5460 victimas
2896 5397 3066 5460 super
3083 5388 3194 5460 aris
3220 5388 3323 5460 tin-

1751 5466 1963 5529 inolari,
2003 5478 2229 5534 prorsus
2264 5452 2558 5515 absurdum
2586 5466 2687 5511 est.
2731 5455 2932 5534 hostiae
2966 5452 3125 5534 enim
3143 5452 3322 5534 finitis

1752 5519 1877 5589 aras
1901 5519 2283 5589 ni'aétabantur
2303 5573 2317 5594 ,
2344 5545 2448 5584 non
2483 5542 2642 5599 super
2666 5526 2799 5581 aris.
2830 5524 3003 5580 Notus
3028 5530 3110 5574 est
3140 5519 3320 5575 Ovidii

1751 5618 1965 5672 versus,
2000 5602 2155 5657 Fast.
2183 5602 2276 5655 lib.
2307 5616 2349 5666 ι,
2374 5599 2477 5655 557
2500 5608 2556 5652 ει
2576 5611 2695 5666 seq.

1757 5718 1924 5784 Rede,
1954 5731 2129 5788 caper,
2165 5715 2341 5769 vitem.
2389 5710 2583 5768 Tamen
2628 5710 2746 5763 hinc
2790 5706 2956 5780 [huic]
2983 5720 3116 5788 .cum
3155 5703 3323 5788 stapis

2926 5777 2995 5830 (id
3029 5791 3172 5843 aras,
3209 5782 3324 5833 etc.
