3864 6480
514 394 653 461 1087
1222 398 1492 456 EUSEBII
1524 400 2003 461 CIESARIENSIS
2042 404 2193 462 OPP.
2237 404 2418 461 PARS
2468 404 2511 459 ἰ.
2548 432 2617 444 -
2644 402 3034 460 HISTORICA.
3605 410 3725 466 1088

515 523 778 576 honorem
812 516 1001 572 lascivi
1048 516 1309 570 daemonis
1346 530 1507 587 quem
1560 515 1828 575 Venerem
1862 534 2034 576 vocan

2200 520 2347 592 ἔργον
2368 519 2517 585 ἄξειν
2550 518 2819 590 ἐνόμιζον,
2843 521 2890 572 εί
2918 518 3004 573 διὰ
3029 516 3247 572 τούτων’
3277 519 3383 572 τῶν
3412 520 3608 588 ὲναγῶν
3641 540 3726 592 μυ-

513 613 860 676 mdilicantes,
894 608 983 665 ubi
1007 611 1335 664 exsecranda
1358 610 1628 665 sacrificia
1656 627 1820 682 super
1846 612 2033 681 profan

2200 612 2481 681 ταγμάτων
2504 612 2563 663 τὸ
2586 611 2851 682 σωτήριον
2874 610 3064 680 ἄντρον
3096 609 3500 682 κατακρύψειαν
3517 629 3530 642 '
3555 615 3611 667 ού
3634 615 3726 688 γὰρ

513 713 570 760 et
600 702 830 773 impuris
855 700 1123 755 altaribus
1144 698 1468 756 oﬁerebant.
1502 701 1559 757 ιιι
1586 704 1728 759 enim
1759 704 1903 774 quod
1932 704 2038 759 inst

2199 696 2286 755 ιῖοί
2315 703 2362 754 τ’
2388 697 2528 773 ἦσαν
2558 702 2796 755 συνιέναι
2836 702 2884 755 οἱ
2930 700 3170 766 δείλαιοι,
3197 702 3274 767 ὡς
3302 702 3403 757 οὐκ
3441 698 3551 774 εἶχε
3588 705 3725 774 φύσιν

515 801 750 854 tuerant,
787 791 861 844 ita
891 789 1109 844 demum
1155 803 1217 845 se
1255 788 1599 860 perfecturos
1627 806 1750 846 esse
1778 793 2041 861 opinaban

2200 793 2274 846 τὸν
2292 792 2432 847 κατά
2452 790 2546 847 τοῦ
2573 792 2804 847 θανάτου
2828 793 3055 866 βραῦεἶα
3079 794 3504 866 ἁναδησάμενον,
3527 798 3726 871 κρύφιον

514 894 625 949 tur,
655 884 701 938 si
732 881 961 952 impuris
983 879 1292 949 huiusmodi
1317 880 1569 937 sordibus
1598 881 1767 955 498
1792 883 2040 939 salutaret

2201 886 2507 940 ιαταλιπετν
2537 885 2599 941 τὸ
2628 887 2980 958 κατόρθωμα,
3016 888 3137 942 οὐδὲ
3176 888 3274 960 τὴν
3318 888 3600 961 σύμπασαν
3636 893 3727 945 τῶν

512 977 832 1047 speluncam
864 973 1201 1029 obruissent.
1229 973 1412 1029 Miseri
1440 975 1583 1028 enim
1614 975 1750 1030 illud
1785 975 2038 1046 intelliget

2202 977 2487 1050 ὶνθρὼπων
2509 977 2717 1051 [φύσιν]
2747 979 2930 1033 λαθεῖν
2964 980 3075 1052 (9|)
3102 979 3335 1051 λάμπων
3370 981 3507 1054 ὑπὲρ
3536 984 3630 1055 γῆς
3652 1002 3728 1054 γεο

513 1082 623 1122 non
653 1074 928 1136 poterant,
972 1065 1093 1120 fieri
1144 1066 1370 1121 omnino
1414 1082 1520 1122 non
1561 1081 1744 1137 posse,
1780 1068 1965 1138 utqui
2019 1069 2039 1121 c‘

2201 1070 2410 1141 θόμενος
2429 1072 2457 1123 6
2479 1070 2649 1141 ¹ἥλιος,
2683 1072 2777 1125 καὶ
2803 1071 2894 1125 τὸν
2922 1073 3117 1125 οἰκεῖον
3140 1075 3196 1126 ὲν
3220 1073 3438 1145 ούρανῴ
3462 1075 3727 1131 διῖππεύων

513 1166 691 1212 morte
714 1155 999 1211 victoriam
1031 1156 1331 1223 retulisset,
1356 1156 1461 1211 hoc
1486 1157 1731 1227 ipsorum
1756 1157 1968 1213 facinus
1988 1171 2039 1212 οι

2199 1162 2413 1234 Βρόμον·
2447 1161 2635 1216 τούτου
2686 1164 2796 1236 γάρ
2841 1164 3162 1236 κρειττόνως
3211 1164 3392 1237 ψυχὰς
3438 1166 3725 1239 ἀνθρώπων,

508 1252 718 1308 cultum
776 1250 1109 1319 relinqueret
1141 1269 1156 1307 :
1192 1252 1647 1321 quemadmodum
1690 1268 1791 1308 nec
1835 1253 1951 1307 fieri
1986 1267 2034 1322 pi

2198 1254 2299 1308 ὶλλ’
2328 1255 2390 1308 ού
2433 1253 2661 1326 σώματα
2702 1256 2736 1327 ὴ
2782 1256 3045 1327 σωτήριος
3076 1258 3470 1325 καταυγάσασα
3511 1258 3724 1330 δύναμις,

511 1356 640 1412 test,
664 1353 726 1401 ut
772 1344 856 1401 sol
887 1359 1051 1415 supra
1092 1354 1268 1399 terras
1296 1344 1537 1410 radians,
1576 1354 1632 1400 ct
1670 1355 1988 1401 consuetum
2030 1346 2037 1401 i

2202 1347 2295 1401 τῶν
2335 1347 2551 1401 οἰκείων
2596 1347 2690 1401 τοῦ
2725 1348 2903 1416 φωτὸς
2938 1348 3318 1420 μαρμαρυγῶν
3359 1350 3450 1403 τὸν
3475 1348 3728 1420 σύμπαντα

508 1439 649 1495 cmlo
676 1454 897 1495 cursum
923 1452 1213 1509 peragens.
1237 1437 1402 1494 totius
1430 1439 1650 1509 generis
1688 1439 1910 1494 humani
1945 1450 2034 1495 not

2202 1435 2531 1509 ιατεπλήρου
2564 1437 2787 1508 κόσμον.
2827 1436 2973 1509 Πλὴν
3004 1436 3139 1490 ἀλλά
3165 1436 3276 1490 τῶν
3312 1436 3488 1492 ἀθέων
3515 1439 3601 1493 καὶ
3625 1439 3728 1492 δυσ-

510 1532 639 1587 tiam
667 1531 1051 1602 subterfugiat.
1082 1530 1293 1600 Quippe
1325 1531 1641 1587 Servatoris
1675 1531 1847 1588 nostri
1889 1544 2036 1601 potet

2198 1527 2360 1583 τεῦῶν
2405 1526 2613 1600 ἀνδρῶν
2670 1526 2739 1581 τὰ
2779 1528 2920 1581 κατὰ
2956 1526 3054 1599 τῆς
3094 1527 3353 1598 ἀληθείας
3395 1531 3724 1600 μηχανήματα

508 1624 584 1677 tia
607 1622 769 1694 longe
795 1621 1164 1691 praestantiori
1192 1622 1314 1676 luce
1350 1622 1733 1691 resplendens,
1763 1638 1862 1678 nec
1906 1633 1964 1679 ut
2006 1640 2034 1680 s

2199 1624 2422 1695 μακροῖς
2447 1621 2797 1696 παρετείνετο
2825 1623 3056 1692 χρόνοις,
3094 1621 3271 1684 οὐδείς
3294 1639 3354 1674 τε
3388 1622 3495 1676 τῶν
3522 1621 3725 1684 πώποτε,

507 1729 759 1785 corpora,
781 1714 873 1770 sed
899 1714 1111 1769 animos
1136 1713 1416 1768 hominum
1446 1714 1746 1781 illustrans,
1776 1723 1946 1770 totum
1970 1715 2026 1786 ja

2195 1711 2283 1782 οὐχ
2310 1709 2645 1782 ἡγουμένων,
2678 1713 2738 1763 οὐ
2768 1710 3109 1782 στρατηγῶν,
3142 1712 3243 1765 οὐκ
3267 1710 3447 1764 αὐτῶν
3479 1711 3721 1782 βασιλέων,

510 1818 782 1861 terrarum
813 1805 1004 1860 orbem
1032 1805 1202 1859 radiis
1256 1805 1535 1875 implebat.
1564 1806 1672 1862 Sed
1727 1807 2036 1862 nihilomint

2198 1804 2280 1856 ἐπὶ
2302 1802 2617 1874 καθαιρέσει
2632 1802 2739 1856 τῶν
2754 1803 3168 1874 τετολμημένων
3189 1803 3420 1876 εὕρηται
3444 1806 3724 1877 ἐπιτήδειος,

505 1915 573 1954 ea
605 1915 727 1970 qua:
766 1898 914 1967 impii
947 1913 1010 1952 ac
1045 1897 1253 1966 profani
1292 1898 1543 1954 homines
1571 1900 1834 1956 adversus
1880 1903 2031 1956 verit:

2200 1896 2219 1967 ἢ
2250 1896 2407 1967 μόνος
2432 1872 2511 1960 είς
2531 1898 2560 1949 6
2586 1895 2664 1967 τῷ
2688 1872 3022 1966 παμϐασιλεῗ
3043 1895 3161 1966 Θεῷ
3382 1897 3493 1951 Καὶ
3523 1872 3726 1968 πνεύμα.

510 1974 620 2046 tem
664 1990 965 2045 machinati
1005 1988 1243 2054 fuerant,
1277 1988 1439 2059 longo
1469 1991 1733 2061 temporis
1759 1992 1937 2062 spatio
1967 2006 2031 2060 pc

2200 2006 2238 2041 rt
2269 1988 2399 2058 γοῦν
2429 1988 2655 2058 κάτοχος
2684 1988 2835 2059 θείῳ,
2864 1987 3043 2060 χῶρον
3075 1988 3237 2043 αὑτὸν
3264 1990 3468 2043 ἐκεῖνον
3493 1989 3578 2042 τὸν
3603 1989 3726 2061 δεδη-

511 2091 850 2138 manserunt.
875 2079 983 2136 Nec
1010 2080 1149 2135 ullus
1174 2096 1240 2136 ex
1267 2081 1612 2150 praesidibus,
1636 2092 1729 2136 aut
1754 2094 1822 2136 ex
1840 2081 2033 2136 ducibu

2197 2081 2448 2153 ιωμένον,
2479 2080 2679 2144 πάσαις
2720 2082 2783 2134 οὐ
2817 2080 3087 2154 καθαραῖς
3119 2080 3273 2145 ὕλαις
3311 2080 3519 2153 ἐχθρῶν
3542 2081 3723 2134 ὲπιὸου-

512 2184 607 2231 aut
645 2190 713 2231 ex
750 2176 883 2246 ipsis
923 2176 1087 2230 etiam
1141 2176 1592 2246 imperatoribus,
1635 2177 1727 2245 qni
1763 2176 1832 2231 ad
1876 2185 2038 2229 tantui

2197 2175 2305 2235 lui;
2334 2171 2807 2242 κατακεκρύφθαι,
2851 2170 2991 2245 λήθῃ
3025 2188 3084 2225 τε
3119 2170 3214 2226 καὶ
3249 2172 3443 2243 ἀγνοίᾳ
3482 2171 3723 2243 παραδεδο-

510 2269 689 2325 scelus
721 2269 1073 2324 evertendum
1100 2268 1326 2323 idoneus
1357 2269 1516 2337 foret,
1546 2269 1801 2324 inventus
1831 2278 1915 2324 est
1951 2284 2036 2338 pra

2192 2262 2351 2334 μένον
2380 2263 2441 2315 ού
2476 2260 2740 2332 παριδὼν,
2765 2261 2887 2315 οὐδὲ
2917 2265 2984 2333 τῇ
3016 2263 3122 2315 τῶν
3149 2261 3339 2315 αἰτίων
3362 2262 3718 2332 παραχωρήσας

514 2367 595 2414 ter
627 2373 797 2412 unum
838 2357 951 2413 Deo
977 2359 1219 2412 omnium
1261 2359 1376 2429 regi
1408 2359 1851 2427 acceptissimum
1884 2360 2037 2427 princ

2195 2354 2515 2426 κακίᾳ,Θεὺν
2537 2354 2630 2407 τὸν
2659 2353 2827 2407 αὐτοῦ
2862 2352 3123 2425 συνεργὸν
3156 2352 3626 2423 ἐπικαλεσάμενος,
3648 2369 3721 2406 κα-

512 2463 655 2520 pem.
681 2448 783 2516 Qui
819 2449 1003 2504 divino
1033 2449 1307 2504 animatus
1361 2451 1585 2519 spiritu,
1626 2466 1746 2505 cum
1778 2462 1942 2522 supra
1976 2467 2038 2504 nn

2199 2447 2472 2519 ὶαίρεσθαι
2494 2447 2840 2519 προστάττει,
2864 2447 3033 2517 αὐτὴν
3059 2446 3124 2517 δὴ
3151 2445 3388 2516 μάλιστα
3414 2445 3508 2517 τὴν
3527 2444 3620 2499 ὑπὸ
3641 2446 3725 2497 τῶν

512 2551 781 2597 moratum
816 2540 1022 2607 locum,
1049 2542 1305 2597 omnibus
1335 2542 1708 2611 purgamentis
1737 2556 1801 2596 ac
1830 2541 2038 2595 sordibt

2199 2539 2392 2610 ιχθρῶν
2414 2539 2794 2611 μεμιασμένην
2831 2538 3139 2593 ἀπολαῦσαι
3160 2538 3271 2593 δεῖν
3294 2538 3531 2609 οἰόμενος
3549 2538 3636 2609 τῆς
3651 2537 3725 2589 τοῦ

514 2633 585 2688 ab
612 2633 945 2688 adversariis
967 2632 1345 2688 traudnlenter
1367 2634 1733 2697 obstructum,
1748 2643 1803 2687 et
1822 2631 2040 2687 oblivio:

2203 2630 2501 2700 ταναγάθου
2529 2631 2596 2685 δι’
2635 2630 2801 2685 αὐτοῦ
2833 2631 3253 2703 μεγαλουργίας.
3288 2630 3439 2701 Ἅμα
3461 2630 3514 2684 δὲ
3533 2630 3729 2701 προστά-

513 2727 731 2796 penitus
761 2725 1020 2781 traditum
1048 2740 1174 2782 esse
1208 2726 1428 2798 indigne
1467 2725 1657 2793 ferret,
1689 2741 1789 2781 nec
1821 2726 2038 2796 improb

2203 2739 2362 2794 γματι
2381 2722 2451 2777 τὰ
2473 2724 2574 2794 τῆς
2604 2723 2822 2795 ἀπάτης
2854 2724 3223 2795 μηχανήματα
3248 2725 3329 2787 εἰς
3361 2723 3547 2791 ἔδαφος
3562 2722 3729 2777 ἄνωθεν

514 2816 610 2873 tati
638 2831 827 2873 eorum
850 2819 941 2887 qui
970 2817 1024 2872 id
1063 2816 1233 2874 moliti
1264 2818 1480 2875 fuerant
1509 2817 1812 2874 cedendum
1842 2831 1964 2872 esse
1995 2831 2040 2871 al

2201 2814 2288 2882 ἀφ’
2327 2812 2534 2885 ὑψηλοῦ
2568 2814 2985 2886 κατερῤίπτετο,
3029 2812 3217 2867 ὲλύετό
3244 2831 3304 2867 τε
3338 2815 3434 2867 καὶ
3462 2812 3727 2884 καθῃρεῖτο,

513 2908 848 2975 bitraretur;
877 2909 973 2963 Dei
999 2909 1267 2979 adjutoris
1293 2910 1376 2965 sui
1411 2910 1634 2964 numine
1662 2909 1936 2973 invocato,
1961 2923 2039 2979 pu‘

2205 2906 2379 2969 ’.ὐτοῖς
2412 2906 2621 2972 ξοάνοις
2645 2907 2741 2960 καὶ
2764 2906 3005 2978 δαίμοσι,
3038 2906 3134 2960 καὶ
3161 2906 3232 2959 τὰ
3267 2905 3367 2976 τῆς
3399 2904 3589 2975 πλάνης
3613 2905 3731 2956 οἰκο-

512 2998 627 3070 gari
646 2998 907 3069 praecepit
931 3007 1121 3053 :ratus
1142 3013 1261 3054 eam
1277 2999 1514 3055 maxime
1541 2996 1642 3054 soli
1673 3008 1905 3069 partem,
1927 3013 2090 3068 quam
2196 2999 2510 3070 δομήματα.

511 3089 817 3146 adversarii
847 3090 1343 3157 contaminassent,
1375 3107 1473 3147 sua
1502 3106 1669 3162 Opera
1727 3107 1793 3147 ac
1854 3091 2160 3147 ministerio
2199 3093 2381 3147 divina
2412 3092 2518 3147 frui
2551 3089 2956 3163 magnificentia
2981 3098 3249 3161 oportere.
3289 3090 3464 3146 Simul
3490 3098 3634 3159 atque
3649 3086 3731 3141 hoc

514 3182 579 3236 ab
608 3182 936 3251 imperatore
958 3191 1289 3254 praeceptum
1318 3194 1422 3248 est,
1439 3186 1700 3241 continuo
1721 3200 1885 3254 opera
1916 3185 2004 3240 illa
2053 3184 2121 3240 ad
2154 3183 2399 3240 fraudem
2429 3194 2761 3255 comparata,
2783 3197 2816 3239 e
2837 3182 3052 3239 sublimi
3084 3184 3152 3239 ad
3180 3182 3358 3239 solum
3388 3180 3580 3250 dejecta
3602 3188 3729 3243 sunt;

512 3284 567 3330 ct
589 3275 821 3331 artiﬁcia
843 3276 909 3331 ad
930 3276 1283 3347 decipiendos
1309 3278 1557 3335 homines
1578 3289 1913 3347 constructa,
1951 3294 2075 3336 cum
2102 3280 2238 3351 ipsis
2269 3278 2466 3336 statuis
2499 3293 2566 3335 ac
2595 3276 2927 3335 daemonibus
2952 3278 3134 3332 diruta
3180 3285 3311 3332 sunt
3337 3288 3402 3331 ac
3427 3272 3677 3343 dissipata.

1064 3389 1294 3447 CAPUT
1334 3390 1549 3449 XXVII.

2703 3390 3100 3448 ΚΕΦΑΛΛΙΟΝ
3132 3391 3263 3444 KZ'.

517 3476 792 3543 Quomodo
842 3478 1223 3552 Cpnstantinus
1268 3485 1445 3552 templi
1490 3486 1768 3540 materiam
1797 3503 1859 3541 ac
1902 3486 2043 3539 rude:

2206 3487 2388 3552 Ὀπως
2447 3484 2900 3550 Κωνσταντῖνος
2958 3483 3064 3536 τοῦ
3125 3480 3444 3552 ειδωλείοιζ
3487 3478 3586 3545 τὰς
3614 3476 3732 3540 ὔλας

889 3549 1191 3619 longissime
1213 3548 1402 3620 projici
1431 3558 1726 3611 mandat-it.
2270 3548 2379 3610 καί

2270 3548 2499 3643 καῖ’-τὰ
2553 3555 2792 3625 χώματα
2841 3548 3081 3625 μακράν
3112 3566 3232 3605 που
3256 3548 3541 3620 ριφθῆναι
3588 3561 3731 3615 προσ-

2277 3643 2513 3682 εταὲεν.

589 3701 776 3773 Neque
818 3712 1001 3760 tamen
1034 3705 1124 3761 hic
1170 3710 1481 3777 conquievit
1520 3712 1870 3779 imperatoris
1904 3712 2093 3766 alacri-

2277 3628 2384 3681 ἐτα
2424 3643 2513 3682 εν.

2274 3721 2347 3774 Oi:
2385 3628 2492 3791 Ξὴν
2533 3722 2590 3773 ὲν
2614 3719 2830 3784 τούτοις
2863 3717 2936 3773 τά
2966 3718 3064 3788 τῆς
3096 3715 3336 3787 σπουδῆς
3370 3716 3568 3769 ἵστατο.
3603 3710 3731 3765 Πάλιν

521 3803 627 3850 tas.
677 3795 783 3850 Sed
814 3805 1079 3866 praeterea
1108 3798 1220 3853 tolli
1251 3809 1373 3854 ruta
1400 3816 1564 3869 caesa,
1604 3813 1656 3856 et
1703 3821 1865 3874 quam
1898 3805 2047 3875 longi

2207 3814 2262 3868 δὲ
2312 3813 2566 3884 βασιλεὺς
2620 3814 2874 3887 αἴρεσθαι
2918 3814 3012 3868 καὶ⁵
3061 3813 3402 3885 πορρωτάτω
3457 3810 3550 3879 τῆς
3592 3803 3733 3876 χώρας

522 3889 659 3943 sitne
697 3896 854 3943 extra
904 3889 1044 3947 fines
1087 3894 1328 3965 regionis
1361 3896 1554 3966 projici
1605 3900 1907 3953 mandavit.
1945 3898 2048 3965 Qui

2208 3906 2689 3978 ἀπορῤιπτεῖσθαι,
2741 3906 2849 3961 τῶν
2889 3906 3338 3977 καθαιρουμένων
3377 3905 3477 3975 τὴν
3520 3904 3573 3956 ὲν
3606 3898 3733 3956 λίθοις

524 3979 711 4035 itidem
762 3995 1092 4055 praeceptum
1126 3986 1375 4056 protinus
1401 3988 1734 4043 essecutioni
1789 3991 2050 4043 mandatu:

2209 4000 2303 4053 καὶ
2334 3995 2511 4062 ξύλοις
2538 3998 2670 4069 ὓλην
2695 3999 3054 4070 προστάττει·
3081 3997 3243 4066 ἔργον
3264 3998 3320 4050 δὲ
3357 3997 3451 4051 καὶ
3493 3993 3614 4064 τῷδε
3633 4005 3735 4059 παρ-

522 4077 627 4124 est.
669 4068 965 4142 Hucusque
997 4088 1129 4129 vero
1170 4090 1496 4146 progressus
1534 4079 1850 4147 imperator,
1896 4096 2048 4149 nequ:

2211 4087 2492 4159 ηκολούθει
2519 4089 2596 4161 τῷ
2629 4068 2796 4160 λόγω.
2842 4089 2978 4142 Ἀλλ’
3000 4089 3108 4143 οὐδ’
3139 4091 3233 4144 ἐπὶ
3266 4088 3440 4160 τούτῳ
3470 4086 3613 4158 μόνον
3639 4096 3737 4149 προ-

524 4177 686 4232 quam
717 4164 824 4254 sibi
849 4166 1139 4222 satisfecit.
1168 4167 1276 4224 Sed
1306 4169 1494 4226 divino
1525 4171 1773 4239 quodam-
1800 4184 1932 4227 metu
1963 4174 2048 4226 ine

2213 4180 2382 4234 ελθείν
2408 4182 2670 4254 ἁπήρκει.
2703 4181 2873 4235 Πάλιν
2893 4182 2937 4237 δ’
2961 4181 3283 4244 ἐπιθειάσας
3308 4178 3571 4251 βασιλεὺς,
3592 4170 3739 4227 τοῦδα-

524 4261 690 4319 tatus,
708 4253 874 4323 jussit
921 4268 980 4313 ut
1011 4257 1130 4314 loco
1155 4259 1421 4316 altissime
1447 4260 1669 4329 effosso,
1702 4263 1875 4318 solum
1923 4263 2050 4333 ipso:

2212 4289 2307 4340 φος
2341 4273 2491 4339 αὐτὸ,
2513 4253 2666 4327 πολὺ
2695 4273 2789 4327 τοῦ
2816 4270 2994 4344 χώρου
3039 4271 3202 4343 βάθος
3223 4268 3597 4342 ἀνορύξαντας,
3624 4259 3738 4329 αὐτῷ

522 4353 711 4416 utpote
738 4351 1041 4405 daemonum
1070 4353 1303 4422 piaculis
1326 4355 1955 4421 contaminatum,simul
1978 4371 2042 4412 cu

2214 4362 2293 4433 χοῖ
2328 4362 2517 4433 πόρρω
2558 4380 2661 4416 που
2686 4362 2958 4429 ἐξωτάτω,
2986 4363 3206 4435 λύθροις
3235 4362 3333 4416 ἅτε
3351 4357 3649 4432 δαιμσνικῆς
3675 4353 3740 4420 ὲρ·

524 4450 706 4510 egesta
732 4442 898 4498 humo
930 4457 1095 4512 quam
1119 4445 1443 4526 longissime
1465 4457 1867 4516 exportaretur.

2214 4453 2554 4525 ρυπωμένον,
2578 4453 2927 4526 ὲκφορείσθαι
2946 4452 3405 4526 παρακελεύεται.

959 4519 1380 4606 499’CAPUT
1421 4537 1657 4593 xxvm.
2214 4519 2225 4525 ’
2375 4519 2387 4523 ⁷

2214 4519 2225 4525 ’
2375 4519 2387 4523 ⁷
2658 4519 2668 4522 ⁷
2712 4519 3111 4600 ιιΕψΑΑΑιοΝ
3157 4546 3294 4598 KH‘.

793 4624 1166 4696 Manifestatio
1187 4630 1510 4686 sanctissimi
1544 4632 1795 4702 sepulcri.
2130 4620 2181 4680 Ῐ)
2295 4642 2319 4693 «1

2151 4622 2181 4680 )
2295 4638 2638 4707 Φανέρωσις
2667 4639 2776 4693 τοῦ
2805 4638 2978 4709 ἁγίου
3019 4638 3139 4691 τῶν
3165 4636 3353 4708 ἁγίων
3374 4635 3677 4707 μνήματος.

594 4714 706 4771 Nec
742 4733 895 4774 mora
920 4760 936 4784 ,
971 4720 1116 4777 istud
1143 4734 1361 4792 quoque
1416 4733 1472 4777 ut
1520 4723 1733 4793 jussum
1770 4734 1890 4780 erat
1917 4724 2105 4796 imple-

2281 4732 2633 4803 Παραχρῆμα
2657 4729 2701 4783 δ’
2732 4729 3037 4783 ὲπετελείτο
3060 4730 3155 4782 καὶ
3183 4726 3366 4782 τοῦτο.
3416 4728 3502 4790 Ὡς
3532 4725 3573 4779 δ’
3598 4721 3739 4791 ἕτερον

528 4815 639 4861 ιιιιιι
669 4819 774 4865 est.
811 4810 1101 4882 Postquam
1139 4813 1286 4869 aliud
1313 4814 1511 4882 solum,
1573 4816 1726 4873 locus
1765 4817 1978 4874 scilicet
2012 4833 2054 4887 qi

2212 4821 2325 4876 ἀνθ’
2357 4822 2546 4893 ἑτέρου
2576 4823 2835 4892 στοιχεῖον
2864 4821 2893 4874 6
2916 4820 3059 4875 κατά
3084 4819 3279 4891 βάθους
3296 4819 3405 4890 τῆς
3426 4818 3527 4888 γῆς
3551 4811 3738 4881 ἀνεφάνη

529 4898 584 4953 in
626 4901 732 4956 imo
758 4914 900 4971 erat,
925 4907 1223 4976 apparuit;
1256 4916 1382 4961 tunc
1413 4924 1539 4963 vero
1589 4910 1765 4980 ipsum
1817 4920 2047 4981 angusta

2213 4915 2409 4988 χῶρος,
2448 4917 2580 4971 αὐτὸ
2613 4916 2678 4987 δὴ
2717 4915 2901 4969 λοιπὸν
2940 4914 3003 4968 τὸ
3045 4913 3243 4983 σεμνὸν
3275 4912 3372 4965 καὶ
3401 4908 3645 4975 πανὰγιον
3668 4900 3739 4968 τῆς

526 4994 1045 5067 sanctissimumque
1101 4999 1399 5056 Dominicze
1451 5003 1874 5059 resurrectionis
1923 5020 2046 5058 mon

2217 5005 2487 5077 σωτηρίου
2520 5006 2867 5071 ἀναστάσεως
2900 5003 3199 5078 μαρτύριον
3231 5003 3363 5075 παρ’
3394 4999 3575 5054 ἐλπίδα
3604 4996 3739 5049 πᾶσαν

527 5098 768 5145 mentum
798 5102 996 5162 praeter
1027 5095 1274 5150 omnium
1309 5111 1459 5166 spem
1500 5098 1746 5166 refulsit,
1770 5106 1827 5153 et
1845 5098 2053 5168 spelunt

2220 5097 2557 5166 ἀνεφαίνετο,
2600 5098 2696 5151 καὶ
2727 5098 2788 5151 τό
2831 5115 2889 5151 τε
2925 5097 3079 5165 ἆγιον
3117 5094 3225 5149 τῶν
3259 5094 3431 5163 ἁγίων
3463 5092 3639 5162 ἄντρῠν

529 5180 618 5238 illa
649 5197 770 5252 quae
796 5194 985 5239 sancta
1009 5197 1324 5242 sanctorum
1369 5202 1498 5243 vere
1537 5189 1641 5243 dici
1689 5199 1888 5259 potest,
1927 5204 2050 5245 resu

2219 5189 2415 5261 ὁμοίαν
2436 5189 2538 5260 τῆς
2565 5188 2658 5243 τοῦ
2681 5191 2933 5262 Σωτῆρος
2962 5187 3309 5251 ἀναϐιώσεως
3326 5182 3680 5254 ἀπελάμϐανεν
3695 5178 3740 5226 εἰν

526 5273 791 5332 rectionis
814 5274 1123 5335 Servatoris
1157 5281 1328 5335 nostri
1365 5279 1657 5349 quamdam
1711 5280 1981 5350 expressit
2030 5298 2052 5336 s

2220 5282 2370 5338 κόνα.
2407 5283 2497 5336 Διὸ
2525 5282 2661 5353 μετά
2685 5283 2783 5352 τὴν
2812 5284 2870 5336 ὲν
2899 5282 3074 5353 σκότῳ
3106 5280 3422 5342 κατάδυσιν,
3444 5272 3586 5339 αὖθις
3614 5270 3688 5324 ἐπὶ
3703 5265 3740 5317 7':

598 5455 712 5531 (91)
744 5455 906 5531 Vulg.
949 5458 1091 5513 οὐδὲ
1120 5458 1235 5528 τὴν
1262 5461 1465 5531 νσύμπ.
1506 5459 1673 5531 ἀνρρ.
1707 5457 1934 5513 λαϐεῖν.
1971 5456 2116 5531 Sup-

2225 5461 2463 5514 neralem
2501 5460 2665 5531 hujus
2692 5460 2981 5515 locutionis
3012 5473 3230 5514 sensum
3252 5500 3267 5524 ,
3297 5471 3411 5531 quo
3432 5453 3519 5531 1Q
3535 5448 3746 5531 ἐδύιςατρ

528 5518 798 5597 plevimus
838 5518 1000 5596 ᾦύσιν
1045 5518 1531 5651 εοείσύμτξασαν.
1573 5518 1770 5584 Totum
1809 5530 1986 5583 locum
2037 5546 2054 5582 ε

531 5599 832 5651 rescribere
858 5599 1011 5651 iubet
1087 5601 1294 5651 alesius
1322 5618 1335 5651 :
1377 5600 1453 5651 ὡς
1481 5599 1601 5651 οὐδὲ
1624 5616 1676 5651 τ.
1716 5614 1767 5651 σ.
1796 5599 1915 5651 ἀνθ.
1956 5598 2054 5651 uti:

2223 5532 2532 5601 a'quivalet,
2571 5518 2921 5601 respexisse.
2949 5544 3123 5600 eoque
3160 5518 3331 5583 sensu
3365 5527 3425 5580 τὸ
3461 5518 3576 5594 εἶχε
3598 5518 3747 5598 φζισιιζ

2223 5600 2316 5651 (:
2368 5602 2610 5651 ἐδύνατοι
2649 5611 2773 5651 ante
2819 5601 3004 5651 λαϐεῖν
3054 5598 3521 5651 subintellexisse.
3560 5589 3745 5651 saltim“

531 5589 1011 5673 rescriberejubet
1045 5589 1296 5673 Valesius
1322 5618 1335 5651 :
1377 5600 1453 5663 ὼς
1481 5599 1601 5673 οὐδὲ
1624 5616 1676 5654 τ.
1716 5614 1767 5651 σ.
1796 5599 1915 5651 ἀνθ.
1956 5598 2057 5673 φύς

2223 5589 2316 5671 (τὲ
2368 5589 2610 5673 ἐδύνατο)
2649 5589 2773 5656 ιιήιο
2819 5589 3004 5673 λαθεῖν
3035 5589 3744 5673 'subintellexisseistim???i

531 5666 733 5737 δυνηθῇ
759 5667 962 5742 λαθεῖν,
993 5679 1095 5725 etc.
1132 5671 1235 5723 Sed
1268 5670 1424 5742 forte
1445 5672 1716 5742 scriptura
1752 5679 1936 5742 nostra
1986 5670 2057 5723 fer

2221 5666 2405 5742 partes
2445 5674 2521 5742 τῷ
2553 5666 2602 5728 δ’
2633 5673 2805 5742 ἣλιος
2853 5670 3158 5728 tribuendo.
3200 5668 3451 5742 iudicent
3491 5668 3740 5738 peritiores.

534 5732 732 5803 potest,
773 5740 936 5791 modo
976 5750 1314 5809 supponatur
1386 5732 1715 5803 Eusebium,
1754 5740 2113 5807 n'cglectarm
2221 5732 2379 5798 Εοιτ.
2494 5732 2506 5745 ⁸
2657 5732 2669 5742 ’
2781 5732 2797 5738 ’
3298 5736 3307 5743 ”

537 5816 681 5859 tione
712 5810 1068 5877 grammatica
1095 5808 1173 5880 τῷ
1202 5810 1329 5878 εἷχε
1369 5811 1560 5878 φύσιν
1595 5820 1980 5876 consentanea,
2019 5826 2114 5881 ge-
