3864 6496
125 297 234 353 1089

1672 6 1735 13 ,rr
1750 1 1915 11 ,γκῄ

1172 297 1259 354 DE
1298 299 1459 357 VITA
1500 300 1965 361 CONSTANTlNI
2004 307 2138 365 LIB.
2186 308 2276 365 Ill;

3202 318 3344 373 ιιονο

120 412 209 482 φῶς
236 406 435 482 προῄει,
471 407 566 465 καὶ
589 411 700 475 τοίς
729 411 818 465 ἐπὶ
844 411 976 468 θέαν
1008 414 1426 491 ἀφικνουμένοις
1451 423 1645 496 ἐναργῆ

1761 426 2148 495 militudincm,
2204 445 2325 484 cum
2372 440 2495 501 post
2545 431 2711 487 situm
2747 445 2811 487 ac
2853 432 3106 488 tenebras
3142 435 3342 505 quibus

118 503 335 577 παρεῖχεν
383 502 515 573 όρᾷν
561 501 668 557 τῶν
736 504 920 558 αὐτόθι
964 509 1369 580 πεπραγμένων
1436 511 1651 586 θαυμά-

116 612 200 650 των
222 593 312 666 τὴν
336 595 594 666 ἱστορίαν,
618 594 800 667 ἔργοις
849 596 1067 672 ἀπάσης
1106 602 1495 676 γεγωνοτὲροις
1534 623 1651 675 φω-

117 688 189 758 γῆς
234 686 336 757 (92)
389 684 485 757 τὴν
550 685 645 739 τοῦ
684 688 935 761 Σωτῆρος
981 691 1278 748 ἀνάστασιν
1341 697 1653 769 μαρτυρού-

119 778 265 847 μένον.

580 1050 976 1105 ΚΕΦΑΛΑΙΟΝ
998 1053 1129 1107 ΚΘ’.

117 1144 272 1218 Ὅπως
320 1143 453 1218 περὶ
480 1141 639 1218 τῆς,
665 1144 1003 1215 οἰκοδομῆς,
1048 1148 1145 1201 καὶ
1180 1148 1328 1215 πρὸς
1359 1147 1653 1218 ἄρχοντας

176 1214 261 1268 καὶ
288 1214 435 1282 πρὸς
468 1214 776 1282 Μακάρων
807 1214 1030 1285 ἔγραψε
1073 1218 1181 1271 τόν
1205 1214 1563 1274 ἐπίσκοζτέον.

168 1305 362 1359 Τούτων
380 1305 423 1358 δ’
449 1300 552 1359 ὦδε
576 1307 951 1379 πραχθέντων,
976 1310 1175 1365 αὐτίκα
1202 1310 1456 1381 βασιλεὺς
1473 1313 1653 1384 νόμων

117 1399 315 1451 εὒτεθῶν
340 1398 636 1464 διατάξεσι,
668 1400 955 1472 χορηγίαις
983 1419 1042 1455 τε
1073 1402 1343 1473 ἀφθόνοις,
1389 1399 1535 1458 οἷκον
1560 1406 1652 1458 εύ-

116 1493 297 1561 κτήριον
324 1489 600 1563 θεοπρεπῆ
631 1493 775 1564 ἀμφὶ
802 1494 863 1547 τὸ
887 1496 1152 1567 σωτήριον
1178 1496 1371 1566 ἄντρον
1397 1496 1652 1566 ἐγκελεύ-

116 1601 205 1635 aut
226 1583 442 1655 πλουσίᾳ
474 1585 570 1638 καὶ
598 1584 846 1658 βασιλικῇ
879 1586 1167 1659 δείμασθαι
1211 1591 1545 1665 πολυτελείᾳ,
1579 1593 1653 1659 ὡς

115 1676 164 1726 ἂν
202 1677 256 1727 ἐκ
304 1674 513 1745 μακροῦ
555 1675 713 1729 τοῦτο
757 1676 1194 1750 προτεθειμένος,
1244 1681 1424 1734 καὶτὸ
1460 1681 1652 1753 μέλλον

1758 513 2210 587 obtectafuerat,
2250 538 2439 580 rursus
2488 525 2541 579 in
2581 523 2755 580 lucem
2807 526 3030 595 prodiit,
3083 535 3137 582 et
3173 528 3341 581 mira-
3418 578 3424 589 ,

1736 602 2002 664 culorum
2036 626 2158 681 quae
2185 612 2259 668 ibi
2288 614 2561 685 quondam
2587 621 2737 685 gesta
2771 614 3016 684 fuerant,
3049 616 3337 672 historiam

1758 700 1825 756 iis
1860 704 1952 771 qui
1982 704 2048 757 ad
2084 707 2439 775 spectandum
2479 707 2859 763 conﬂuxerant
2890 708 3341 765 manifestissime

1757 793 2042 851 videndam
2096 797 2384 863 exhibuit,
2437 800 2599 855 rebus
2649 800 2787 872 ipsis
2829 817 2951 871 quae
3002 802 3149 856 omni
3207 816 3342 857 voce

1757 884 1964 942 clarius
2007 898 2226 953 sonant,
2282 888 2591 949 Servatoris
2647 892 2820 949 nostri
2877 892 3337 949 resurrectionem

1761 982 1982 1029 testata.

2316 1064 2545 1124 CAPUT
2584 1067 2777 1128 XXIX.

1758 1155 2130 1233 Quomodoﬂe
2156 1166 2507 1233 construenda
2540 1160 2782 1226 ecclesia.
2811 1165 2879 1218 ad
2908 1165 3160 1233 praesides
3184 1174 3233 1221 ct
3265 1166 3336 1221 ad

2003 1226 2306 1283 Macarium
2346 1232 2647 1302 episwpum
2674 1233 2882 1290 litteras
2909 1226 3085 1291 'dedit.

1829 1318 1925 1374 His
1958 1319 2024 1373 ad
2059 1322 2206 1376 hunc
2237 1323 2451 1377 modum
2483 1324 2671 1394 gestis,
2700 1326 2989 1383 confestim
3037 1328 3338 1399 imperator

1757 1410 1977 1466 emissis
2006 1412 2492 1471 constitutionibus
2525 1426 2580 1472 et
2618 1417 2832 1474 liberali
2860 1427 3083 1489 sumptu
3137 1435 3335 1491 suppe-

1758 1503 1962 1568 ditato,
2017 1505 2165 1560 circa
2224 1506 2520 1563 salutarem
2570 1511 2887 1579 speluncam
2946 1512 3059 1569 Deo
3108 1513 3335 1584 dignum

1758 1598 2014 1670 templum
2044 1601 2211 1672 regali
2242 1603 2641 1674 magniﬁcentia
2672 1608 2886 1662 exstrui
2914 1607 3087 1678 jubet.
3120 1607 3330 1679 Quippe

1752 1691 1863 1761 jam
1904 1693 2113 1762 pridem
2154 1695 2260 1750 hoc
2289 1697 2428 1765 apud
2456 1711 2513 1752 se
2541 1700 2927 1763 constituerat,
2980 1700 3144 1770 idque
3188 1702 3332 1771 quod

115 1766 293 1820 ἔσεσθαι
312 1767 577 1837 κρείττονι
618 1768 896 1842 προθυμία
921 1770 1269 1843 τεθεαμένος.
1302 1771 1426 1837 Τοῖς
1450 1774 1552 1845 μὲν
1578 1775 1642 1847 δὴ

1756 1787 1874 1833 erat
1913 1781 2180 1849 futurum,
2224 1783 2407 1840 divina
2445 1787 2683 1855 quadam
2734 1787 3022 1847 alacritate
3055 1766 3335 1859 praevide—

114 1859 195 1911 τῶν
220 1859 372 1913 ἐθνῶν
402 1862 495 1914 ἐπὶ
516 1862 615 1932 τῆς
641 1860 778 1932 ἑῴας
805 1863 1084 1935 ἄρχουσιν,
1116 1865 1366 1934 ἀφθόνοις
1385 1867 1477 1921 καὶ
1498 1867 1651 1939 δαψι-

113 1951 198 2003 λὲτι
229 1953 521 2024 χορηγίαις,
555 1954 833 2025 ὑπερφυές
874 1973 932 2008 τε
976 1957 1068 2010 καὶ
1103 1958 1243 2028 μέγα
1278 1959 1371 2013 καὶ
1401 1960 1651 2015 πλούσιον

114 2044 447 2099 ἀποδεικνύναι
480 2046 542 2097 τὸ
573 2044 752 2117 ἔργον,
776 2046 854 2117 τῷ
876 2047 932 2100 δὲ
960 2049 1060 2120 τῆς
1076 2047 1403 2121 Ἐκκλησίας
1428 2053 1651 2107 ἐπισκό-

113 2150 178 2205 πῳ
215 2135 283 2206 τῷ
322 2136 621 2207 τηνικαῦτα
666 2138 765 2210 τῆς
804 2140 862 2194 ἐν
907 2140 1299 2213 Ἰεροσολύμοις
1328 2144 1650 2215 προεστῶτι,

112 2230 277 2284 τοιάνδε
302 2232 620 2303 κατέπεμπε
643 2232 881 2305 γραφὴν,
912 2234 982 2287 δι’
1010 2231 1078 2308 ἧς
1097 2236 1186 2289 τὸν
1211 2239 1475 2308 σωτήριον
1497 2237 1651 2307 λόγον

112 2322 185 2393 τῆς
213 2322 433 2387 πίστεως
470 2324 724 2396 ἐναργέσι
766 2328 968 2395 φωναῖς
1003 2328 1262 2401 παρίστη,
1304 2329 1488 2384 τοῦτον
1519 2330 1653 2403 γρά-

113 2432 201 2481 cum
221 2414 301 2468 τὸν
323 2414 553 2488 τρόπον.

596 2531 995 2588 ΚΕΦΑΛΑΙΟΝ
1042 2534 1122 2587 A'.

111 2624 527 2701 Κωνσταντίνου
556 2625 707 2701 πρός
731 2626 1037 2701 Μακᾴριον
1069 2626 1203 2701 ,περὶ
1239 2626 1350 2701 τῇς
1382 2629 1488 2685 τοῦ
1505 2649 1655 2701 μαρ-

347 2697 557 2764 τυρίου
583 2697 689 2750 τοῦ
717 2696 991 2766 Σωτῆρος
1031 2697 1366 2768 οἰκοδομῆς.

168 2801 184 2836 t
205 2743 441 2859 Νικητὴξ
456 2743 1206 2859 ΚωνσταντῑνοςΤΜὸέγιστος,
1226 2743 1513 2857 Ξεὲαστὺς,
1532 2794 1652 2847 Μα-

114 2877 278 2931 unite.

170 2894 199 3020 cp
216 2897 450 3043 ξοσαύτη
490 2968 585 3025 τοῦ
628 2971 877 3044 Σωτῆρος
908 2971 1067 3044 ἡμῶν
1109 2974 1254 3026 ἐστιν
1290 2974 1322 3044 ἠ
1366 2973 1545 3047 χάρις,
1572 2973 1653 3037 ,ὡς

119 3064 343 3138 μηδὲμίαν
385 3065 558 3135 λόγων
597 3061 889 3135 θεραπείαν
923 3065 1037 3136 (95)
1084 3067 1178 3119 τοῦ
1220 3067 1489 3139 παρόντος
1521 3067 1651 3121 θαύ-

1760 1882 1862 1927 rat.
1892 1874 1969 1930 Ac
1999 1876 2304 1933 rectoribus
2327 1878 2547 1948 quidem
2578 1881 2989 1951 provinciarum
3018 1898 3115 1952 per
3140 1883 3337 1940 Orieno

1759 1975 1863 2019 tem
1901 1966 2182 2035 praecepit,
2217 1969 2572 2038 ut,impensis
2600 1971 2826 2040 copiose
2866 1972 3329 2039 subministratis,

1758 2057 1951 2133 ingens
1991 2060 2341 2130 amplumque
2373 2070 2428 2116 et
2449 2063 2800 2133 magniﬁcum
2822 2078 2960 2135 Opus
2992 2063 3122 2120 illud
3151 2064 3333 2121 ellice-

1754 2158 1896 2206 rent.
1929 2152 2009 2205 Ad
2038 2152 2356 2223 episcOpum
2387 2170 2519 2209 vero
2546 2156 2636 2223 qui
2670 2166 2799 2210 tunc
2849 2159 3111 2227 temporis
3140 2154 3330 2212 Hiero-

1754 2241 2089 2313 solymorum
2151 2245 2375 2313 regebat.
2419 2244 2742 2312 Ecclesiam,
2797 2247 3063 2317 ejusmodi
3117 2248 3335 2303 litteras

1754 2333 1922 2399 dedit,
1971 2332 2169 2402 quibus
2208 2335 2466 2390 salutaris
2523 2334 2645 2389 ﬁdei
2677 2337 2984 2393 doctrinam
3046 2337 3332 2409 apertissio

1755 2423 1860 2479 mis
1892 2425 2077 2480 verbis
2103 2427 2443 2492 adstruebat,
2472 2427 2545 2480 ita
2573 2428 2823 2485 scribens
2853 2451 2864 2485 :

2330 2540 2561 2597 CAPUT
2603 2540 2775 2596 XXX.

1754 2627 2094 2686 Constantini
2138 2632 2208 2686 ad
2259 2632 2556 2687 Macarium
2598 2635 2826 2697 epistom
2872 2635 2939 2686 de
2966 2632 3332 2701 mdi/icatione

2137 2704 2385 2772 martyrii
2420 2703 2722 2758 Servatoris
2755 2704 2948 2758 nostri.

1830 2812 1849 2845 ι
1886 2794 2074 2851 Victor
2107 2794 2518 2859 Constantinus,
2553 2796 2844 2859 Maximus.
2870 2796 3186 2867 Augustus,
3218 2796 3333 2852 lla-

1754 2902 1816 2942 ca
1826 2888 1927 2942 rio.

1830 2994 1849 3029 ‹
1886 2977 2057 3032 Tanta
2078 2986 2165 3032 est
2187 2976 2497 3033 Servatoris
2523 2978 2694 3033 nostri
2734 2978 2928 3049 gratia,
2952 2989 3013 3033 ut
3037 2978 3180 3033 nulla
3213 2994 3324 3035 ser-

1754 3069 1933 3122 monis
1982 3067 2135 3137 copia
2189 3071 2257 3123 ad
2300 3068 2587 3139 praesentis
2633 3069 2889 3124 miraculi
2949 3070 3326 3127 narrationem

115 3168 249 3220 ματος
287 3152 438 3220 ἀξίαν
483 3149 624 3208 εἷναι
665 3154 861 3209 δοκεῖν.
893 3154 966 3208 Τὸ
1000 3154 1108 3227 γάρ
1138 3155 1198 3209 τὸ
1227 3156 1515 3229 γνώρισμα
1555 3156 1645 3210 τοῦ

1756 3157 1998 3213 sufﬁcere
2032 3158 2297 3213 videatur.
2332 3158 2465 3213 Nam
2498 3160 2887 3215 sacratissima:
2918 3160 3066 3217 illius
3112 3163 3327 3232 passio-

112 3245 370 3311 ἁγιωτάτου
395 3242 608 3301 ἐκείνου
628 3247 832 3313 πάθους
864 3247 971 3302 ὑπὸ
996 3250 1061 3320 τῇ
1096 3252 1167 3321 γῇ
1203 3249 1367 3305 πάλαι
1411 3251 1646 3322 κρυπτό-

116 3354 260 3405 μενον,
283 3339 571 3403 τοσαύταις
589 3339 728 3394 ὲτῶν
754 3340 1020 3413 περιόδοις
1050 3340 1253 3407 λαθεῖν,
1286 3341 1444 3415 ἄχρις
1471 3337 1531 3397 οὗ
1560 3343 1649 3396 διὰ

112 3430 186 3501 τῆς
210 3432 293 3486 τοῦ
314 3433 495 3488 κοινοῦ
524 3434 740 3488 πάντων
764 3434 957 3508 ἐχθροῦ
986 3435 1318 3509 ἀναιρέσεως
1350 3436 1460 3507 (94)
1494 3436 1653 3503 ἕλευ-η

111 3520 349 3594 θερωθείσι
379 3529 493 3591 τοῖς
510 3527 703 3580 ἑαυτοῦ
726 3526 1050 3600 θεράπουσιν
1074 3528 1412 3599 ἀναλάμπειν
1435 3528 1644 3600 ἔμελλε,

110 3614 255 3670 πᾶσαν
293 3616 556 3689 ἔκπληξιν
593 3615 809 3689 ἀληθῶς
841 3617 1176 3689 ὑπερϐαίνει.
1208 3619 1272 3670 Εἰ
1305 3618 1413 3688 γὰρ
1446 3618 1647 3683 πάντες

110 3707 149 3758 οἱ
174 3707 250 3761 διὰ
277 3709 454 3780 πάσης
496 3710 598 3780 τῆς
624 3709 948 3781 οἰκουμένης
978 3705 1116 3765 εἶναι
1150 3709 1435 3775 δοκοῦντες
1470 3710 1643 3780 σοφοὶ,

108 3802 171 3864 είς
189 3801 238 3855 ἒν
266 3806 353 3858 καὶ
376 3805 436 3859 τὸ
458 3804 595 3858 αὐτὸ
621 3804 983 3868 συνελθόντες,
1008 3803 1155 3869 ἄξιόν
1182 3821 1235 3857 τι
1266 3803 1357 3857 τοῦ
1386 3804 1646 3877 πράγμα-

107 3910 177 3958 τος
215 3896 551 3970 ἐθελήσουσιν
580 3898 773 3961 εἰπεῖν,
807 3897 913 3950 οὐδ’
943 3896 1009 3951 ἂν
1044 3896 1177 3969 πρὸς
1217 3896 1279 3950 τὸ
1311 3897 1646 3968 βραχύτατον

108 3985 424 4060 ἁμλληθῆναι
476 3987 827 4058 δυνήσαιντοε
871 3986 964 4039 ἐπὶ
1015 3984 1266 4039 τοσοῦτον
1313 3987 1494 4040 πᾶσαν
1534 3985 1643 4056 (95)

106 4078 404 4149 ἀνθρωπίνου
453 4078 718 4149 λογισμοῦ
761 4078 1071 4150 χωρητικὴν
1102 4078 1281 4147 φύσιν,
1316 4080 1349 4149 ἠ
1384 4078 1477 4132 τοῦ
1512 4078 1644 4132 θαύ-

107 4187 244 4237 ματος
285 4171 474 4227 τούτου
517 4170 857 4243 ὑπερϐαίνει,
914 4172 1023 4241 ὅσῳ
1050 4170 1159 4224 τῶν
1196 4169 1551 4242 ἀνθρωπίνων
1578 4168 1645 4223 τά

107 4262 293 4332 οὐράνια
346 4263 738 4333 συνεστηκέναι
791 4260 1156 4335 δυνατώτερα.
1192 4263 1289 4317 Διά
1321 4262 1477 4315 τοῦτο
1513 4260 1644 4331 γοῦν

105 4349 226 4420 οὗτος
250 4358 332 4412 ἀεὶ
365 4359 462 4413 καὶ
490 4356 706 4428 πρῶτος
740 4355 836 4409 καὶ
875 4354 1034 4425 μόνος
1071 4372 1160 4426 μοι
1184 4356 1404 4418 σκοπὸς.
1445 4353 1511 4407 ἵν’
1539 4353 1646 4407 ὦσ-

108 4462 187 4517 περ
228 4450 414 4522 ἑαυτὴν
464 4451 736 4520 ὁσημέραι
783 4449 1115 4520 καινοτέροις
1148 4446 1421 4518 θαύμασιν
1472 4448 1506 4517 ἡ
1545 4448 1642 4515 τῆς

104 4537 322 4610 ἀληθείας
368 4542 555 4606 πίστις
611 4541 994 4606 ἐπιδείκνυσιν,
1043 4540 1186 4595 οὕτω
1239 4541 1332 4595 καὶ
1377 4542 1433 4595 αἱ
1477 4539 1646 4610 ψυχαὶ

158 4805 448 4881 (92)ang.,
494 4807 691 4878 ἔργοις
718 4805 963 4881 ἀπάσης
995 4804 1395 4881 γεγωνοτέραν
1413 4802 1636 4881 ςρωνῆςἶ

104 4872 429 4955 διεῖδειιιιυῇ
468 4872 782 4955 εέι’ρι“ὸει11
828 4872 1014 4955 dubio;
1034 4872 1457 4955 γεγωνοτέροις,
1483 4875 1639 4955 .quod

103 4960 185 5017 non
209 4950 333 5003 vidit
370 4946 923 5017 Christophorsonus.
972 4946 1069 5002 Est
1116 4946 1319 5001 autem
1348 4947 1435 4999 hic
1483 4946 1639 5017 hujus

100 5015 182 5070 loci
205 5034 387 5075 sensus
412 5040 427 5075 :
464 5014 615 5073 illam
642 5018 905 5073 Dominici
930 5018 1158 5088 sepulcri
1186 5026 1307 5086 post
1333 5026 1409 5070 tot
1440 5014 1636 5070 szecula

102 5088 467 5159 restitutionem
492 5130 508 5153 ,
558 5090 735 5159 reipsa
782 5088 1137 5159 conﬁrmasse
1178 5088 1635 5159 resurreCtionem

101 5154 278 5215 Domini
324 5161 526 5239 nostri.
582 5154 658 5239 ιη’
691 5160 875 5239 codice
910 5158 1064 5239 .Fuk.
1089 5157 1636 5239 degiturJevao'ré-

102 5241 206 5295 Ρυς,
228 5232 498 5299 Quomodo
521 5233 688 5286 etiam
724 5229 1010 5285 Turnebus
1037 5232 1102 5285 ad
1130 5244 1282 5282 oram
1309 5228 1430 5299 libri
1459 5228 1541 5299 sui
1570 5243 1637 5282 ex

100 5298 271 5368 scripto
290 5304 481 5357 codice
503 5302 845 5357 emendarat.
862 5300 918 5353 lu
938 5300 1151 5355 scbedis
1167 5298 1354 5367 Regiis
1378 5298 1636 5366 scriptum

97 5372 572 5498 ῗεξιγεγωνὲτνὲτρας.
601 5372 838 5428 Savilius
863 5372 931 5424 ad
960 5386 1111 5425 oram
1137 5369 1261 5425 libri
1287 5387 1313 5423 s
1344 5369 1371 5422 .i
1404 5380 1638 5433 notarat,

116 5456 141 5491 0
183 5458 210 5496 e
236 5459 332 5498 γεγ
478 5459 627 5498 ερον.

116 5456 210 5496 Ol‘le
236 5456 627 5498 γεγωνότερον.

148 5459 210 5496 ne
236 5459 627 5517 γεγωνοτερον.

148 5510 249 5585 (93)
266 5514 436 5583 Μηδὲ
462 5516 616 5585 μίαν
643 5512 841 5585 λόγων
882 5511 1219 5585 ﬂammatur.
1253 5510 1404 5585 Apud
1443 5507 1636 5563 Socra-

99 5580 603 5654 tem.'l‘lieodoritum
621 5599 686 5639 ac
709 5580 1067 5654 Nicephorum
1098 5584 1296 5653 legitur
1318 5580 1491 5650 λόγων
1512 5596 1637 5651 χορ-

97 5651 246 5733 ητίαν,
274 5657 419 5733 quod
455 5658 669 5733 r_eetius_
687 5651 902 5733 puto.'_
1005 5724 1018 5733 _
1158 5651 1175 5653 ί
1230 5722 1243 5733 _
1304 5726 1325 5733 _
1405 5720 1433 5733 ~

151 5723 246 5793 (95)
279 5721 382 5781 Ᾰιά
416 5725 533 5796 τῆς
566 5726 671 5780 τοῦ
689 5721 905 5780 ’κοινοῦ
936 5724 1177 5779 ,πάντων
1218 5721 1437 5793 ἐχθροῦ
1474 5721 1640 5796 ἀναι-

93 5790 301 5865 Ιέσεώς.
327 5790 555 5853 llosteui
580 5796 851 5867 publicum
879 5790 1381 5853 Constantinusliic
1406 5795 1637 5862 appellat

1750 3251 1836 3306 nis
1861 3257 2287 3313 monumentum,
2320 3252 2420 3305 sub
2454 3261 2596 3306 terra
2629 3251 2953 3322 jampridem
2988 3255 3327 3310 occultatum

1752 3352 1828 3397 tot
1857 3356 2123 3396 annorum
2167 3343 2351 3412 spatio
2379 3342 2683 3407 delituisse,
2739 3342 2902 3415 500
2949 3346 3130 3415 quoad
3175 3362 3329 3402 com«

1748 3434 1897 3489 muni
1927 3435 2170 3489 omnium
2196 3435 2352 3489 boste
2387 3434 2626 3500 sublato,
2661 3430 2881 3492 famulis
2914 3438 3031 3507 ejus
3073 3437 3128 3492 in
3160 3438 3326 3495 liber-
3381 3444 3387 3450 '

1750 3536 1912 3581 tatem
1944 3525 2232 3580 vindicatis
2262 3522 2568 3596 alIulgeret,
2597 3542 2816 3581 omnem
2849 3542 3040 3583 revera
3074 3529 3322 3583 admira-

1750 3621 1950 3673 tionem
1977 3626 2221 3686 superat.
2257 3616 2390 3671 Nam
2426 3618 2639 3672 tametsi
2665 3632 2855 3674 omnes
2901 3629 3172 3689 quotquot
3204 3621 3328 3675 tibi-

1747 3717 1854 3779 que
1886 3720 2153 3763 terrarum
2189 3709 2463 3777 sapientes
2499 3709 2791 3777 habentur,
2828 3713 2880 3765 iu
2913 3727 3078 3766 unum
3124 3714 3325 3777 coacti,

1747 3801 1950 3871 aliquid
1978 3815 2076 3870 pro
2108 3799 2263 3869 liuius
2293 3800 2374 3855 rei
2400 3800 2676 3869 dignitate
2726 3802 2913 3859 dicere
2959 3804 3323 3872 instituerint,

1746 3909 1816 3948 ne
1846 3894 1913 3948 ad
1945 3892 2225 3947 minimam
2251 3891 2470 3960 quidem
2503 3892 2621 3961 ejus
2643 3905 2855 3964 partem
2890 3897 3137 3966 aspirare
3166 3912 3325 3967 posse

1746 3988 1885 4041 mibi
1915 3987 2185 4043 videntur.
2224 3984 2434 4055 Quippe
2461 3984 2623 4057 huius
2654 3988 2900 4044 miraculi
2924 3989 3082 4057 ﬁdes,
3106 3996 3322 4046 omnem

1747 4081 1999 4135 humanae
2036 4078 2267 4134 rationis
2296 4092 2552 4148 capacem
2601 4091 2858 4136 naturam
2910 4090 3120 4137 tantum
3159 4097 3322 4137 exce-

1746 4174 1847 4239 dit,
1884 4180 2147 4242 quautum
2179 4173 2432 4228 humanis
2458 4174 2644 4229 divina
2675 4172 3015 4243 praecellunt.
3050 4173 3317 4241 Quocirca

1747 4269 1836 4322 bic
1859 4282 1998 4322 unus
2030 4266 2162 4322 mihi
2185 4281 2250 4322 ac
2276 4268 2585 4337 praecipuus
2611 4281 2830 4337 semper
2861 4277 2945 4322 est
2989 4282 3207 4336 scopus,
3260 4277 3321 4321 ut

1744 4356 2201 4427 quemadmodum
2228 4357 2481 4412 veritatis
2508 4357 2645 4413 ﬁdes
2680 4358 2835 4413 novis
2876 4357 3119 4425 quotidie
3150 4358 3320 4411 mira.

1747 4447 1881 4503 culis
1912 4446 2246 4514 inclarescit,
2269 4446 2352 4503 sic
2377 4449 2777 4507 etiam'mentes
2796 4449 3040 4504 omnium
3071 4458 3315 4503 nostrum
3386 4510 3389 4515 ς

1749 4540 1815 4594 ad
1845 4539 2207 4595 sanctissima:
2238 4540 2374 4611 legis
2399 4541 2805 4597 observantiam
2839 4556 2967 4597 cum
3005 4542 3155 4595 omni
3202 4556 3320 4595 mo-

1742 4795 2031 4872 Licinium,
2066 4802 2359 4872 postcujus
2390 4802 2611 4859 exitium
2640 4804 2718 4859 ait
2740 4818 2951 4860 sacrum
2981 4802 3190 4858 Domini
3226 4819 3315 4859 se—

1741 4869 2007 4994 Eulcrum.
2027 4872 2169 4939 quod
2194 4869 2321 4928 anie
2344 4873 2595 4942 latuerat,
2614 4876 2666 4929 in
2696 4877 2868 4931 lucem
2892 4885 2947 4928 et
2963 4886 3318 4943 conspecuim

1778 4939 2018 4993 ominum
2041 4943 2330 4994 nrodiisse.
2358 4944 2582 4994 Occisus
2611 4954 2695 4994 est
2722 4945 2962 4994 Licinius
2991 4960 3137 4994 anno
3155 4943 3316 4994 Chri-

1778 4939 2018 5010 ominum
2041 4943 2330 5010 prodiisse.
2358 4939 2588 5000 Occisus
2611 4954 2695 5000 est
2722 4945 2962 5000 Licinius
2991 4939 3137 4999 anno
3155 4943 3316 5001 Chri-

1742 5011 1809 5064 sti
1834 5009 1961 5073 526,
1988 5009 2347 5084 uiscribitur
2378 5016 2431 5067 in
2463 5012 2643 5069 Fastis
2673 5014 2852 5071 ldatii.
2881 5015 3192 5084 Eodemque
3218 5031 3319 5069 an-

1741 5096 1811 5153 no
1832 5096 1954 5153 cum
1984 5079 2186 5135 Helena
2212 5082 2636 5153 Hierosolymam
2663 5085 2990 5149 advenisset,
3009 5079 3315 5153 sepulcrum

1741 5100 1811 5134 uo
1832 5100 1954 5135 cum
1984 5100 2186 5135 netena
2214 5100 2456 5139 merosm
2498 5100 2636 5138 mam
2663 5100 2990 5149 advenisset,
3009 5100 3315 5153 sepulcrum

1739 5149 1951 5224 Domini
2003 5162 2278 5224 repertum
2321 5164 2421 5209 est.
2454 5100 2643 5209 ἔσοδοι
2694 5157 2859 5209 etiam
2893 5155 3091 5224 publici
3143 5157 3316 5210 hostis

1740 5220 2200 5296 nomine-daemon
2252 5224 2655 5296 hicAintelligi.
2702 5226 2805 5296 nisi
2850 5220 2971 5295 quae
3013 5238 3319 5295 sequuntur

1740 5292 1905 5364 verba
1925 5303 2305 5361 repugnarent.
2322 5292 2506 5364 Neque
2525 5292 2670 5350 enim
2688 5292 2937 5352 diabolus
2955 5307 3080 5351 tunc
3095 5292 3314 5349 demum

1742 5361 1917 5436 victus
1941 5373 2105 5431 atque
2138 5361 2434 5436 oppressus
2463 5374 2570 5428 est,
2596 5381 2718 5420 cum
2756 5367 3068 5436 sepulcrum
3104 5365 3312 5436 Domini

1742 5432 1955 5505 egestisi
1988 5432 2277 5505 ruderibus
2326 5435 2597 5489 detectum
2650 5444 2753 5490 est.
2803 5432 2957 5491 Adde
2992 5435 3133 5505 quod
3166 5435 3317 5491 dvat-

1746 5518 1914 5628 ρεαδς,
1935 5504 2104 5626 lidlest
2155 5506 2350 5571 caedes,
2377 5505 2571 5561 melius
2598 5506 2665 5563 de
2693 5505 2904 5563 Licinio
2929 5507 3128 5561 dicitur
3147 5522 3311 5575 quain

1746 5588 1809 5626 ιθ
1881 5590 1925 5626 lii
1948 5588 2001 5627 )0
2024 5590 2075 5628 0.

1744 5575 1809 5626 de
1841 5575 2075 5628 diabolo.

1810 5643 1922 5716 (95)
1967 5644 2097 5716 Ἐπὶ
2147 5645 2438 5701 τοσοῦτον
2488 5648 2714 5704 πᾶσαν.
2774 5647 3131 5703 Scribendum
3184 5656 3316 5715 puto

1745 5714 2136 5786 mimos“?
2168 5718 2366 5783 πᾶσαν,
2388 5727 2493 5775 etc.
2529 5721 2582 5773 lu
2615 5723 2754 5777 libro
2781 5717 2913 5775 Fnk.
2945 5714 3201 5774 scribitur
3222 5719 3315 5771 ἐπὶ

1745 5785 1965 5839 τοσοῦτο
1995 5785 2121 5859 γάρ,
2157 5799 2259 5843 etc.
