3864 6480
196 403 318 458 Il05
1232 394 1322 450 DE
1356 393 1518 450 VITA
1550 392 2016 452 CONSTANTINI
2058 390 2184 447 LIB.
2224 389 2317 445 III.
3306 374 3444 431 "06

194 520 354 574 πάντα
392 519 495 589 τῆς
524 519 672 589 ζωῆς
708 518 900 592 χρόνον
929 518 1016 572 ἐπ’
1059 516 1207 589 αὐτῷ
1233 518 1441 590 γήραος
1483 517 1620 590 οὐδῷ
1652 519 1752 572 δια-

1868 533 2039 585 usque
2063 516 2128 570 ad
2158 515 2335 586 prima
2386 507 2682 566 senectutis
2721 504 2908 562 limina
2937 503 2997 577 in
3027 516 3235 560 summa
3278 499 3446 571 felici;

191 611 528 684 περαινομένη
550 651 565 675 ,
615 612 794 681 λόγοις
838 610 898 665 δὲ
956 609 1050 664 καὶ
1088 609 1270 681 ἔργοις
1316 609 1427 662 τῶν
1478 611 1752 682 σωτηρίων

1863 621 1975 665 tate
2025 607 2374 670 traduxisset,
2406 610 2463 659 et
2488 600 2795 657 divinorum
2836 595 3215 654 mandatorum
3249 593 3444 648 uberes

191 704 651 776 παραῖγελμάτων
718 702 964 767 εὐθαλεῖς
1031 701 1427 774 παρασχομένη
1490 704 1752 775 καρποὺς,

1862 701 2072 756 fructus
2124 709 2238 755 tum
2290 694 2476 751 verbis
2525 701 2636 758 tum
2692 690 2949 760 operibus
2998 686 3348 759 protulisset,
3378 698 3444 739 ac

149 820 152 824 '
189 793 390 850 κᾶπειθ’
435 793 578 848 οὕτω
631 793 744 866 βίον
796 793 1030 865 εὐσταλῆ
1084 793 1179 847 καὶ
1229 792 1456 857 ἄλυπον,
1512 792 1752 865 σώματος

1861 800 2147 863 propterea
2177 789 2341 844 vitam
2373 785 2576 844 doloris
2604 792 2880 853 expertem
2902 794 3025 835 cum
3053 791 3266 834 summa
3293 789 3445 831 men-

189 884 310 958 όμοῦ
345 886 439 940 καὶ
471 886 654 957 ψυχῆς
685 887 743 939 ὲν
771 886 1070 959 ἐρρωμένῳ
1100 874 1409 958 φρονήματι
1440 884 1752 941 διανύσασα·

1861 885 1933 940 tis
1961 893 2017 939 et
2055 882 2312 955 corporis
2363 880 2598 937 sanitate
2640 876 2962 948 peregisset,
2988 872 3204 927 tandem
3236 867 3441 924 exitum

189 984 265 1054 ἐφ’
290 978 367 1048 οἷς
395 985 489 1038 καὶ
516 983 670 1047 τέλος
693 982 975 1045 εὐσεϐείας
997 981 1241 1047 ἐπάξιον,
1272 978 1495 1048 ἀγαθῶν
1523 997 1585 1033 τε
1612 978 1752 1054 παρὰ

1861 976 2079 1048 pietatis
2109 990 2220 1032 sure
2268 972 2706 1034 convenientem,
2745 976 2800 1025 et
2839 963 3143 1023 mercedem
3173 961 3447 1017 bonorum

188 1076 309 1133 Θεοῦ
338 1075 573 1149 ἀμοιϐὴν
611 1075 750 1130 κάπὶ
777 1074 870 1128 τοῦ
908 1071 1174 1144 παρόντος
1204 1070 1402 1144 εῦρατο
1430 1070 1568 1143 βίου.

1863 1086 2087 1141 operum
2112 1069 2166 1124 in
2192 1067 2297 1124 hac
2324 1066 2489 1123 etiam
2512 1064 2624 1120 vita
2645 1078 2684 1118 .a
2722 1062 2829 1132 Deo
2867 1065 3161 1115 consecuta
3193 1061 3300 1124 est,

682 1166 1083 1222 ΚΕΦΑΛΑῘΟΝ
1115 1167 1249 1222 MAI.

2318 1198 2319 1201 η
2437 1151 2666 1212 CAPUT
2705 1144 2886 1206 XLIV.

189 1264 312 1331 Περὶ
347 1262 811 1335 μεγαλοψυχίας
858 1258 958 1315 καὶ
1010 1260 1285 1326 εὐποιίας
1327 1259 1438 1328 τῆς
1494 1259 1752 1327 Ἑλένης.

1954 1253 2032 1309 De
2058 1251 2421 1323 magnitudine
2453 1248 2623 1303 animi
2657 1255 2706 1302 et
2738 1242 3078 1313 beneﬁcentia
3113 1238 3355 1294 Helena.

248 1355 354 1428 Τὴν
383 1356 577 1425 γάρτοι
611 1353 907 1425 σύμπασαν
964 1351 1107 1421 ἑῴαν
1140 1351 1587 1424 μεγαλοπρεπείᾳ
1618 1351 1752 1423 βασι-

1934 1347 2142 1418 Quippe
2168 1346 2292 1401 dum
2326 1351 2497 1398 totum
2530 1339 2806 1397 Orientem
2836 1349 2958 1390 cum
2992 1331 3166 1402 regali
3196 1327 3450 1400 magnill-

186 1419 327 1519 λικῆς
374 1419 626 1513 ἐξουσίας
667 1419 1152 1518 ξμς-περιελθοῦσα,
1187 1419 1357 1516 μυρία
1393 1419 1752 1516 ’μὲνόιθυρόως

1862 1441 2039 1496 centia
2075 1445 2350 1511 peragrat,
2403 1444 2513 1489 tum
2550 1429 2888 1493 civitatibus,
2924 1434 3037 1480 tum
3087 1420 3314 1494 privatis
3352 1419 3445 1489 qni

187 1543 285 1603 τοῖς
316 1539 455 1594 κατὰ
500 1539 657 1593 πόλιν
695 1539 947 1610 ἐδωρεῖτο
970 1537 1183 1609 δήμοις,
1223 1535 1330 1608 ἰδίᾳ
1367 1553 1428 1589 τε
1462 1536 1571 1589 τῶν
1597 1553 1752 1607 προσ-

1865 1536 2035 1605 ipsam
2065 1532 2318 1596 adibant,
2344 1527 2629 1583 innumera
2679 1521 2936 1578 beneficia
2970 1516 3269 1575 acervatim
3317 1528 3449 1569 cou-

184 1630 358 1688 ιόντων
430 1633 682 1705 ἑκάστῳ*
733 1629 899 1702 μυρία
949 1628 1002 1681 δὲ
1060 1632 1175 1692 τοῖς
1217 1631 1628 1700 στρατιωτικοῖς
1674 1628 1752 1682 τά·

1865 1626 2030 1682 tulit:
2069 1625 2355 1678 innumera
2408 1631 2625 1691 quoque
2681 1614 3008 1670 militaribus
3032 1609 3281 1667 numeris
3308 1606 3445 1665 Iibe-

187 1741 342 1797 γμασι
377 1724 530 1796 δεξιᾷ
575 1701 985 1795 μεγαλοπρεπεῖ
1030 1722 1268 1792 διένεμε,
1311 1722 1540 1776 πλεῖστά
1582 1721 1630 1774 θ’
1660 1723 1752 1776 ὅσα

1862 1719 1963 1775 rali
1996 1732 2160 1773 manu
2194 1713 2490 1771 distribuit.
2518 1708 2855 1779 Pauperibus
2898 1713 3078 1759 autem
3105 1717 3170 1758 ac
3205 1701 3366 1758 nudis
3391 1708 3448 1755 et

185 1817 363 1890 πένησι
405 1819 637 1887 γυμνοῖς
687 1815 782 1870 καὶ
838 1814 1228 1887 ἁπεριστάτοις
1272 1814 1474 1879 ἐδίδου,
1509 1817 1621 1879 τοῖς
1663 1815 1752 1886 μὲν

1862 1812 2010 1868 οτιιηί
2039 1826 2140 1882 ope
2164 1824 2229 1865 ac
2259 1806 2460 1863 solatio
2478 1802 2748 1860 deStitutis
2779 1798 3174 1871 quamplurima
3202 1794 3445 1859 donavit,

183 1885 469 1983 χρημάτων
495 1909 671 1974 δόσεις
699 1885 1019 1980 ποιουμένη,
1049 1911 1163 1972 τοῖς
1188 1898 1245 1960 δὲ
1271 1906 1341 1961 τὰ
1373 1907 1511 1979 πρὸς
1538 1907 1639 1980 τὴν
1666 1885 1752 1961 τοῐ

1865 1905 1971 1961 illis
2013 1902 2321 1973 pecuniam,
2359 1900 2444 1955 his
2489 1904 2734 1960 vestem,
2766 1892 2835 1948 ad
2891 1890 3172 1962 tegendam
3204 1885 3448 1960 corporis

184 2003 421 2075 σώματος
456 2002 669 2076 σκέπην
700 2000 936 2072 δαψιλῶς
964 1999 1312 2074 ἐπαρκοῦσαο
1348 2001 1565 2074 ἑτέρους
1596 2000 1763 2073 ἀπήλ-

182 2097 327 2150 λαττε
374 2095 615 2167 δεσμῶν,
675 2094 954 2166 μετάλλων
1001 2110 1063 2146 τε
1110 2093 1455 2166 κακοπαθείᾳ
1497 2093 1764 2148 ταλαιπω-

183 2187 466 2262 ρουμένους
487 2205 501 2217 ’
529 2186 823 2258 ἠλευθέρου
850 2204 909 2239 τε
941 2186 1465 2258 πλεονεκτουμένους
1484 2202 1497 2217 ο
1538 2185 1634 2240 καλ⁵
1665 2185 1763 2240 πά-

180 2289 253 2336 λιν
278 2281 472 2345 ἄλλους
506 2279 723 2354 ὲξορίας
760 2278 1101 2334 ἀνεκαλεῖτο.

679 2372 1079 2427 ΚΕΦΑΛΑΙΟΝ
1118 2369 1263 2426 ME'.'

178 2470 360 2537 -οπως
394 2464 670 2533 εὐλαϐῶς
700 2466 770 2521 ὲν
802 2464 1320 2603 τιξὲῗῖὲζῖλησίαις
1375 2464 1676 2537 συνήγετο
1718 2466 1757 2534 ἡ

237 2626 512 2693 Τοιούτοις
546 2626 681 2699 δῆτα
716 2625 1166 2699 λαμπρυνομένη,
1201 2625 1320 2680 οὐδὲ
1352 2625 1454 2697 τῆς
1488 2626 1624 2699 πρὸς
1670 2627 1760 2681 τὸν

180 2720 296 2775 θεὸν
326 2719 484 2783 ὁσίας
517 2717 917 2790 κατωλιγώρει,
956 2718 1227 2789 φοιτῶσαν
1264 2719 1361 2790 μὲν
1394 2721 1566 2792 αὐτὴν
1599 2722 1658 2774 ὲν
1689 2721 1757 2792 τῇ

176 2812 429 2885 ἐκκλησίᾳ
462 2810 559 2865 τοῦ
585 2810 724 2865 Θεοῦ
757 2811 846 2865 διὰ
878 2810 1082 2875 παντὸς
1143 2811 1380 2886 ὁρᾶσθαι
1414 2811 1754 2886 παρέχουσα,

173 2903 436 2976 λαμπροῖς
480 2903 539 2957 δὲ
581 2901 1005 2973 κατακοσμοῦσα
1048 2903 1355 2974 κειμηλίοις
1388 2904 1518 2968 τοὺς
1558 2906 1757 2977 εὐκτη-

178 2995 313 3067 ρίους
343 2997 553 3059 οἴκους,
588 2994 722 3066 μηδὲ
753 2995 879 3059 τοὺς
914 2996 972 3047 ὲν
1001 2997 1124 3059 ταῖς
1158 2994 1526 3067 βραχυτάταις
1564 2994 1757 3048 πόλεσι

176 3089 464 3160 παρορῶσα
496 3086 680 3150 ναούς.
723 3082 834 3139 Ἦν
868 3082 962 3141 οὖν
995 3088 1129 3158 ὁρᾷν
1177 3086 1275 3159 τὴν
1317 3084 1651 3159 θαυμασίαν,
1696 3084 1755 3141 ἓν

177 3180 334 3250 σεμνῇ
362 3181 463 3233 καὶ
495 3177 750 3231 εὐσταλεῖ
779 3177 1039 3250 περιϐολῇ
1063 3177 1141 3249 τῷ
1164 3177 1357 3251 πλήθει
1400 3177 1757 3249 συναγελαζο-

1860 1997 2160 2053 nuditatem
2188 1992 2399 2064 prolixe
2427 1987 2805 2061 suppeditans.
2835 1983 2985 2039 Alios
3033 1983 3164 2037 item
3193 1978 3446 2043 vinculis,

1862 2098 1957 2145 aut
1985 2085 2328 2144 metallorum
2352 2084 2612 2139 aerumnis
2631 2077 2863 2135 aIIIictos
2888 2074 3159 2143 exsolvit;
3187 2071 3448 2143 quosdam

1860 2179 2115 2237 violentia
2145 2176 2508 2248 potentiorum
2538 2183 2831 2243 oppressos
2856 2167 3132 2231 liberavit,
3159 2165 3449 2221 nonnullus

1859 2275 2024 2331 etiam
2055 2275 2123 2328 ab
2151 2269 2345 2327 exsilio
2371 2266 2666 2324 revocavit.

2436 2356 2666 2417 CAPUT
2702 2354 2870 2414 XLV.

1862 2458 2137 2527 Quomodo
2188 2455 2394 2513 Helena
2429 2454 2486 2509 in
2533 2452 2770 2510 ecclesiis
2818 2449 3062 2524 religiose
3114 2447 3443 2504 oersamsit.

1930 2612 2251 2687 Huiusmodi
2293 2610 2555 2683 operibus
2598 2622 2722 2665 cum
2777 2619 3030 2679 magnam
3077 2603 3180 2661 sibi
3218 2602 3447 2674 gloriam

1858 2715 2252 2777 comparasset,
2277 2706 2537 2776 pietatem
2561 2716 2691 2773 erga
2716 2699 2884 2756 Deum
2908 2698 3133 2755 minime
3162 2697 3400 2769 neglexit
3426 2715 3443 2753 :

1860 2819 1985 2860 nam
2016 2811 2072 2858 et
2124 2801 2363 2865 assidue,
2414 2795 2629 2854 cunctis
2665 2793 2995 2858 videntibus.
3051 2792 3104 2847 in
3153 2790 3444 2848 ecclesiam

1857 2896 2179 2959 ventitabat,
2228 2904 2279 2949 et
2327 2905 2517 2947 sacras
2551 2890 2696 2947 aades
2724 2885 2945 2945 eximiis
2982 2882 3323 2940 ornamentis
3348 2881 3447 2937 de-

1855 2990 2101 3056 corabat,
2126 3001 2196 3042 ne
2224 2984 2577 3041 minimarum
2608 2980 2826 3053 quidem
2855 2978 3071 3034 urbium
3113 2974 3315 3032 sacella
3346 2973 3447 3029 de-

1855 3081 2113 3152 spiciens.
2132 3079 2318 3148 Itaque
2336 3076 2520 3131 videre
2539 3083 2659 3130 erat
2675 3073 2957 3129 mulierem
2977 3082 3201 3140 prorsus
3215 3066 3444 3122 admira-

1854 3175 2041 3239 bilem,
2057 3172 2301 3229 modesto
2318 3184 2382 3224 ac
2398 3166 2611 3224 decenti
2629 3166 2813 3221 habitu
2829 3177 2936 3218 una
2948 3176 3071 3218 cum
3085 3160 3291 3231 reliqua
3312 3159 3443 3214 mul-

178 3270 353 3342 μένην,
391 3270 497 3342 τήν
530 3287 590 3323 τε
637 3269 771 3341 πρὸς
817 3271 878 3323 τὸ
908 3270 1063 3323 Θεῖον
1114 3250 1397 3324 εὐλάϐειαν
1436 3270 1524 3325 διὰ
1572 3271 1752 3342 πάσης

1861 3266 2091 3321 titudine
2118 3272 2452 3326 versantem,
2484 3272 2749 3328 suamque
2769 3253 2933 3328 506
2956 3269 3085 3324 erga
3117 3252 3287 3309 Deum
3312 3250 3445 3307 reli—

175 3362 449 3433 θεοφιλοῦς
476 3361 737 3432 πράξεως
769 3361 1244 3434 ἐπιδεικνυμένην.

667 3454 1063 3508 ΚΕΦΑΛΑΙΟΝ
1104 3455 1254 3522 M’I’.

179 3547 364 3608 Ὅπως
396 3533 901 3669 ὄγδοηκοντοῦτὶτξ·
928 3541 1087 3633 οὖσα
1118 3544 1217 3597 καὶ
1262 3542 1598 3615 διαθεμένη,
1627 3543 1752 3598 ἐτε-

897 3631 1060 3669 ευτα.

897 3631 1060 3671 ευτα.

246 3709 401 3763 Ἐπεὶ
424 3708 483 3763 δὲ
510 3707 696 3763 λοιπὸν
714 3707 784 3761 τὰ
808 3709 907 3779 τῆς
929 3706 1237 3780 αὐτάρκους
1258 3707 1557 3762 διανύσασα
1581 3707 1749 3778 ζωῆς,

174 3801 255 3855 ἐπὶ
291 3801 390 3872 τὴν
443 3799 735 3873 κρείττονα
781 3798 935 3871 λῆξιν
981 3799 1246 3862 ἐκαλεῖτο,
1284 3799 1470 3869 σχεδόν
1503 3816 1605 3852 που
1653 3799 1755 3871 τῆς

173 3892 373 3967 ἡλικίας
407 3892 557 3964 ἀμφὶ
580 3892 707 3955 τοὺς
729 3892 1059 3978 ὀγδοήκοντα
1086 3893 1366 3955 ἐνιαυτοὺς
1393 3891 1750 3966 διάρκέσασα,

80 3986 87 3995 ’
175 3985 298 4058 πρὸς
328 3986 482 4058 αὐτῷ
516 3986 785 4057 γενομένη
818 3984 896 4057 τῷ
935 3984 1104 4049 τέλει,
1164 3999 1517 4038 συνεταττετο
1548 3986 1644 4039 καὶ
1676 3984 1755 4037 δι-

176 4075 480 4130 ετίθετοὲπὶ
508 4075 905 4148 μονογενεῑυὶῷ
932 4075 1141 4147 βασιλεῖ
1169 4076 1424 4149 μονάρχῳ
1451 4076 1756 4148 κοσμοκρά-

172 4184 295 4239 τορι,
333 4167 498 4224 παισί
520 4185 580 4221 τε
604 4167 793 4221 τούτου
817 4167 1108 4241 καίσαρσιν
1131 4169 1329 4239 ἑαυτῆς
1358 4168 1622 4238 ἐκγόνοις,
1654 4167 1752 4240 τὴν

174 4262 396 4333 ὑστάτην
458 4259 657 4332 βουλὴν
711 4259 1076 4333 διοριζομένη,
1145 4260 1478 4332 διανέμουσά
1535 4278 1594 4315 τε
1642 4260 1751 4314 τῶν

173 4348 399 4419 ἐκγόνων
442 4350 661 4421 ἑκάστῳ
705 4348 773 4403 τὰ
818 4350 918 4421 τῆς
947 4352 1150 4413 οἰκείας
1182 4349 1493 4420 ὑπάρξεως,
1524 4349 1624 4420 ὅση
1666 4364 1752 4411 τις

173 4439 291 4513 αὐτῇ
305 4440 431 4495 καθ’
442 4440 574 4510 ὅλης
591 4440 798 4511 ὑπῆρξε
813 4441 1073 4510 τῆςοίκου
1081 4440 1268 4511 μένης.
1286 4441 1398 4494 Καὶ
1409 4440 1466 4493 δὲ
1484 4439 1615 4508 (ειν)
1629 4438 1752 4492 τοῦ·

170 4547 248 4585 τον
278 4532 578 4603 διαθεμένη
608 4531 699 4583 τὸν
728 4530 951 4604 τρόπον,
986 4530 1174 4585 λοιπὸν
1198 4530 1297 4603 τὴν
1342 4531 1435 4586 τοῦ
1462 4530 1579 4603 βίου
1615 4548 1749 4585 κατ-

1858 3358 2072 3430 gionem
2100 3356 2245 3412 omni
2274 3353 2483 3424 piorum
2511 3365 2738 3421 operum
2768 3361 2970 3420 genere
2997 3345 3392 3402 declarantem.

2431 3442 2659 3501 CAPUT
2691 3440 2878 3501 XLVI.

1929 3544 2204 3614 Quomodo
2253 3542 2625 3666 θεωρεῖται-ἑο,
2661 3545 2972 3624 testamento
3007 3535 3169 3606 facta,
3203 3549 3232 3591 e
3264 3533 3374 3588 vita

2567 3620 2771 3666 ecessu.

2567 3620 2747 3666 ecessit
2755 3648 2771 3664 .

1925 3707 2043 3764 Jam
2078 3721 2224 3771 vero
2259 3720 2397 3761 ocum
2444 3702 2579 3760 satis
2615 3702 2776 3774 longo
2822 3699 2948 3755 vita:
2996 3696 3170 3769 spatio
3217 3696 3446 3752 decurso

1854 3805 1922 3860 ad
1954 3801 2249 3859 feliciorem
2270 3808 2476 3859 sortem
2506 3807 2819 3862 vocaretur,
2853 3806 3053 3850 annum
3081 3790 3257 3849 artatis
3282 3803 3447 3860 agens

1854 3898 2075 3954 circiter
2097 3891 2585 3966 octogesimum,in
2615 3890 2732 3961 ipso
2763 3889 2956 3944 mortis
2984 3884 3224 3942 conﬁnio
3248 3883 3442 3955 posita,

1858 3995 2184 4045 testamento
2239 3984 2407 4051 facto,
2443 3982 2693 4039 ultimam
2742 3978 3075 4036 voluntatem
3109 3975 3439 4040 declaravit,

1856 4080 2126 4137 bteredem
2152 4077 2466 4150 relinquens
2496 4076 2716 4131 unicum
2748 4072 2940 4138 tilium,
2976 4070 3152 4126 solum
3199 4068 3442 4137 impera-

1857 4185 2029 4230 torem
2059 4187 2126 4227 ac
2156 4170 2439 4227 dominum
2474 4168 2626 4224 orbis
2664 4174 2958 4228 terrarum,
2987 4174 3111 4217 cum
3136 4158 3263 4215 ﬁliis
3288 4156 3442 4213 nobi-

1855 4264 2077 4322 lissimis
2120 4261 2414 4319 caesaribus
2438 4258 2733 4330 nepotibus
2760 4256 2891 4311 suis.
2920 4253 3160 4321 Quorum
3189 4249 3436 4321 singulis,

1854 4359 1994 4415 bona
2025 4371 2147 4428 quae
2176 4369 2273 4427 per
2302 4354 2619 4409 universum
2653 4348 2840 4403 orbem
2870 4344 3201 4415 possidebat,
3231 4341 3434 4398 divisit.

1857 4449 1913 4503 In
1942 4449 2086 4503 hunc
2139 4446 2358 4501 modum
2405 4449 2733 4498 testamento
2771 4438 2938 4501 Iacto,
2991 4436 3133 4492 diem
3185 4432 3436 4489 ultimum

1856 4540 2071 4605 clausit,
2094 4545 2361 4609 praesente
2387 4544 2443 4592 et
2463 4534 2716 4590 adstante
2749 4530 2852 4601 ipsi
2879 4529 2975 4585 tali
3002 4537 3263 4598 tantoque
3302 4526 3436 4593 tilio,

172 4622 283 4676 έλυε
322 4622 606 4693 τελευτὴν,
652 4622 919 4694 παρόντος
950 4623 1086 4695 αὐτῇ
1128 4624 1223 4680 καὶ
1262 4623 1605 4696 παρεστῶτος
1629 4622 1745 4676 υἱοῦ

1861 4642 1908 4689 et
1929 4633 2076 4689 omni
2097 4630 2484 4701 obsequiorum
2525 4639 2726 4697 genere
2768 4632 3000 4680 matrem
3044 4622 3279 4688 fovente,
3314 4635 3434 4678 ma~

168 4714 439 4777 τοσούτου,
486 4711 884 4785 θεραπεύοντός
909 4730 969 4766 τε
1005 4715 1101 4769 καὶ
1131 4714 1238 4769 τῶν
1278 4713 1478 4786 χειρῶν
1512 4714 1751 4783 ἐφαπτο-

175 4805 353 4872 μένου’
398 4805 477 4866 ὡς
526 4803 604 4876 μὴ
647 4803 898 4858 τεθνάναι
940 4807 1167 4880 εἰκότως
1203 4807 1304 4877 τὴν
1345 4804 1750 4879 τρισμακαρίαν

165 4898 268 4960 τοῖς
292 4891 351 4950 εὗ
380 4894 646 4967 φρονοῦσι
675 4895 871 4960 δοκεῖν,
903 4896 1204 4968 μεταϐολὴν
1232 4897 1289 4950 δὲ
1330 4896 1425 4950 καὶ
1462 4895 1751 4968 μετάθεσιν

164 4989 349 5062 ἀληθεῖ
403 4990 551 5060 λόγῳ
592 4989 694 5060 τῆς
739 4988 972 5057 γεώδους
1023 4990 1171 5060 ζωῆς
1217 4989 1310 5043 ἐπὶ
1353 4991 1453 5061 τὴν
1500 4990 1749 5061 οὐράνιον

164 5083 471 5155 ὑπομεῖναι.
520 5081 975 5154 ’Λνεστοιχειοῦτο
1003 5083 1136 5154 γοῦν
1164 5083 1301 5154 αὐτῇ
1321 5082 1466 5153 ψυχῇ
1489 5081 1601 5155 (50)
1656 5083 1749 5135 ἐπὶ

161 5174 256 5244 τὴν
282 5175 566 5246 ἄφθαρτον
599 5174 692 5228 καὶ
721 5174 1019 5247 ἀγγελικὴν
1048 5174 1261 5241 οὐσίαν,
1293 5174 1433 5243 πρὸς
1466 5174 1556 5227 τὸν
1577 5172 1749 5245 αὐτῆς

158 5266 651 5339 ἀντιλαμϐανομένη
685 5265 936 5338 Σωτῆρα.

593 5348 598 5353 ’
678 5359 1080 5414 ΚΕΦΑΛΑΙΟΝ
1118 5357 1251 5414 MZ'.

158 5448 354 5517 ὀπως
399 5449 520 5518 τὴν
539 5519 543 5520 ί
545 5448 775 5520 μητέρα
816 5449 1272 5520 Κωνσταντῖνος
1312 5448 1613 5515 κατέθετο,
1647 5449 1748 5504 καί

439 5518 557 5588 σερὸ
578 5521 793 5576 τούτου
820 5520 920 5577 καί
947 5518 1141 5580 ζῶσαν
1159 5520 1465 5589 ἐτίμησεν.

228 5613 342 5667 Καὶ
371 5611 437 5668 τὸ
473 5612 674 5684 σκῆνος
700 5612 756 5667 δὲ
786 5613 887 5683 τῆς
917 5610 1214 5684 μακαρίας,
1249 5611 1310 5666 οὐ
1341 5613 1442 5684 τῆς
1478 5611 1744 5686 τυχούσης

232 5743 363 5817 (ειν)
394 5743 491 5801 Δέ.
528 5743 673 5814 Lege
699 5745 788 5817 δή.
810 5744 986 5817 _Enrr.

233 5813 379 5895 (50L
407 5813 904 5895 Ἀγεσζοιχεὶοὗτο
1147 5813 1305 5887 αὐτῇ
1362 5815 1557 5895 ψυχῇ.
1618 5815 1744 5872 Haec

171 5885 412 5958 Origcnis
437 5885 744 5943 doctrinam
771 5885 970 5958 sapere
999 5885 1271 5956 videntur,
1294 5885 1393 5944 cui
1433 5885 1594 5959 supra
1628 5903 1742 5943 mo-

1852 4740 2063 4795 nusque
2095 4723 2211 4794 ejus
2246 4722 2626 4793 amplectente,
2657 4719 2793 4774 adeo
2821 4724 2882 4772 ut
2924 4728 3265 4786 nequaquam
3294 4714 3432 4770 mori

1850 4815 2048 4872 mulier
2093 4815 2433 4880 beatissima,
2474 4811 2570 4868 sed
2618 4810 2800 4881 potius
2855 4807 3118 4863 caducam
3172 4805 3314 4861 hanc
3350 4804 3435 4859 vi-

1853 4917 1964 4964 tam
2022 4923 2145 4963 cum
2182 4904 2478 4963 immortali
2526 4903 2638 4960 vita
2687 4911 3028 4959 commutare
3084 4907 3235 4954 recte
3305 4911 3436 4954 sen-

1844 5000 2109 5056 tientibus
2135 5000 2430 5055 videretur.
2463 4996 2658 5053 Anima
2700 4994 2864 5065 igitur
2901 4992 3071 5058 illius,
3099 4994 3153 5046 in
3190 4991 3436 5045 incorru-

1851 5091 2092 5163 ptibilem
2127 5101 2181 5147 et
2231 5090 2535 5162 angelicam
2588 5085 2949 5143 substantiam
3004 5080 3432 5149 reformata,“

1849 5185 2018 5241 Deum
2049 5181 2397 5241 Servatorem
2424 5196 2584 5238 suum
2618 5189 2895 5252 assumpta
2920 5187 3025 5237 est.

2392 5355 2622 5416 CAPUT
2663 5355 2868 5414 XLVII.

1850 5448 2125 5518 Quomodo
2153 5448 2533 5518 Constantinus
2567 5456 2789 5502 matrem
2811 5446 3050 5518 deposuit
3075 5459 3096 5499 :
3125 5450 3175 5499 et
3203 5440 3431 5512 qualiter

2269 5520 2419 5573 illam
2452 5516 2617 5572 coluit
2647 5518 2777 5571 dum
2799 5517 3012 5571 viveret.

1918 5613 2169 5670 Cadaver
2219 5621 2401 5667 autem
2428 5610 2599 5681 ipsius
2630 5609 2836 5665 honore
2865 5606 3286 5679 haudquaquam
3315 5602 3435 5661 vul-

1848 5752 1976 5808 dum
2027 5748 2278 5804 addictus
2304 5745 2408 5802 fuit
2462 5743 2731 5802 Eusebius
2774 5751 2983 5802 noster.
3046 5741 3238 5814 Neque
3278 5740 3432 5814 enim

1845 5822 2043 5878 anima:
2071 5820 2357 5877 beatorum
2409 5815 2464 5875 in
2498 5815 2800 5888 angelicam
2841 5811 3203 5874 substantiam
3250 5811 3431 5868 refor-
