3864 6486
437 463 460 519 I
476 462 577 521 107

1183 458 1454 517 EUSEBII
1491 458 1972 517 C1£SARIENSIS
2007 458 2159 517 OPP.
2203 459 2388 515 PARS
2426 458 2463 514 1.
2506 491 2577 501 —-
2614 459 3003 516 HISTORICA.

3569 461 3687 518 i108

435 583 550 651 gari
584 579 837 637 adectum
867 576 989 635 fuit.
1022 575 1152 630 Nam
1178 591 1301 631 cum
1344 576 1548 647 ingenti
1579 577 1875 633 satellitum
1912 591 2011 632 nu-

2126 575 2341 647 hitoﬁro
2382 577 2656 647 σπουδῆς·
2700 566 2943 650 πλείστη
2964 577 3093 646 γοῦν
3121 574 3424 649 δορυφορίᾳ
3470 572 3561 628 ἐπι
3598 576 3687 647 τὴν

434 687 588 729 mero
608 672 663 726 in
702 670 900 741 regiam
932 668 1118 722 urbem
1147 676 1483 737 pervectum,
1516 669 1715 725 ibidem
1748 669 1801 724 in
1839 668 2008 738 regali

435 770 786 818 monumento
823 759 1131 827 depositum
1175 768 1281 816 est.
1328 758 1444 816 Iioc
1478 761 1638 816 modo
1667 760 2011 832 imperatoris

436 862 610 910 mater
634 852 846 908 vivendi
882 851 1044 907 linem
1090 850 1252 919 fecit;
1294 852 1490 908 mulier
1524 852 1857 923 sempiterna
1891 866 2009 907 me-

436 942 609 999 moria
657 940 992 1011 dignissima,
1027 947 1139 994 tum
1178 942 1248 996 ob
1303 941 1586 1012 religiosos
1634 950 1789 999 actus
1811 942 2011 1012 quibus

431 1035 646 1099 enituit,
674 1043 786 1088 tum
816 1033 885 1088 ob
906 1033 1413 1103 praestantissimum
1446 1032 1595 1089 illum
1622 1044 1678 1090 et
1712 1033 2013 1089 admirabi-

436 1130 537 1181 lem
573 1127 764 1183 laetum
793 1125 885 1197 qui
932 1140 1000 1180 ex
1047 1124 1138 1180 illa
1168 1134 1321 1181 ortus
1347 1135 1450 1182 est.
1499 1129 1668 1193 Quem
1696 1126 1912 1192 quidem
1943 1126 2014 1182 ob

433 1230 658 1272 crateras
682 1231 792 1283 res,
828 1216 1067 1272 maxime
1095 1232 1224 1272 vero
1255 1217 1325 1272 ob
1364 1216 1620 1285 pietatem
1657 1217 1710 1273 in
1753 1226 2009 1284 matrem,

435 1309 651 1362 beatum
695 1309 950 1364 convenit
979 1308 1295 1379 praedicare.
1327 1306 1537 1378 Quippe
1569 1308 1740 1376 illam,
1763 1325 1889 1364 cum
1915 1325 2013 1364 an-

437 1411 521 1454 tea
562 1399 653 1453 Dei
682 1398 880 1454 cultrix
908 1413 1015 1454 non
1052 1409 1215 1463 esset,
1251 1406 1362 1452 tam
1393 1399 1536 1469 piam
1586 1414 1651 1454 ac
1703 1399 2011 1468 religiosam

435 1490 787 1558 praistitit,ut
816 1505 846 1543 a
874 1491 1149 1546 communi
1173 1491 1415 1544 omnium
1447 1489 1741 1546 Servatore
1766 1491 2014 1546 instituta

434 1581 603 1637 fuisse
615 1582 906 1637 videretur.
927 1579 1221 1649 Regalibus
1246 1589 1424 1635 autem
1445 1580 1744 1637 honoribus
1768 1582 1840 1636 ita
1867 1598 2015 1637 eant-

435 1676 557 1727 tlem
586 1673 825 1738 ornavit,
850 1682 909 1726 ut
957 1673 1011 1727 in
1042 1673 1296 1729 omnibus
1344 1673 1659 1742 provinciis,
1696 1683 1808 1728 tum
1862 1689 1892 1728 a
1922 1689 2017 1742 pa-

436 1763 593 1833 ganis
618 1772 730 1818 tum
756 1777 787 1816 a
820 1761 1090 1818 militibus
1129 1770 1356 1831 augusta
1390 1769 1446 1816 et
1473 1762 1786 1833 imperalrix
1813 1778 2018 1819 nuncn-

438 1858 681 1918 paretur,
714 1860 770 1904 et
808 1850 961 1904 aurei
990 1851 1195 1904 nummi
1224 1847 1339 1917 ejus
1383 1845 1619 1921 imagine
1650 1851 2013 1923 signarentor.

437 1940 600 2012 507
623 1940 932 2007 Quinetiam
960 1941 1340 1997 thesaurorum
1393 1943 1654 2014 regalium
1696 1954 2016 2013 potestatem
2048 1937 2091 1991 Β

437 2037 488 2087 ci
512 2031 903 2089 Constantinus
936 2044 1299 2099 concesserat,
1335 2034 1530 2105 quibus
1574 2050 1674 2105 pro
1701 2035 1932 2093 arbitrio
1965 2046 2020 2093 et

438 2142 505 2178 ex
546 2124 711 2179 animi
729 2124 810 2180 sui
834 2125 1127 2193 sententia,
1153 2135 1318 2197 prout
1350 2126 1560 2182 libitum
1579 2136 1725 2184 esset
1748 2138 2015 2184 uteretur.

441 2212 574 2269 Nam
603 2226 659 2270 et
689 2214 740 2269 in
776 2217 878 2270 hac
922 2226 1077 2285 parte
1111 2226 1341 2272 matrem
1388 2232 1545 2273 suam
1579 2219 1927 2288 conspicuam
1965 2230 2021 2275 et

442 2310 656 2362 beatam
673 2310 913 2362 omnium
925 2306 1131 2376 judicio
1155 2308 1414 2363 reddidit.
1440 2309 1706 2377 Quocirca
1729 2326 1796 2367 ex
1813 2311 1881 2366 iis
1903 2326 2022 2382 quae

442 2400 511 2454 ad
568 2400 884 2454 memoriam
947 2399 1096 2454 illius
1122 2399 1502 2456 illustrandam
1554 2403 1864 2475 pertinent,
1914 2418 2021 2459 non

444 2488 714 2546 immerito
739 2490 853 2545 haec
897 2488 1059 2545 etiam
1114 2491 1530 2561 assumpsimus,
1574 2508 1698 2563 qua:
1730 2493 2023 2564 imperator

444 2596 542 2649 pro
597 2582 859 2653 singulari
900 2597 998 2637 sua
1033 2581 1239 2653 pietate
1290 2582 1343 2637 in
1374 2583 1641 2638 honorem
1694 2586 1884 2640 matris
1908 2601 2023 2642 suae

440 2673 637 2741 gessit,
666 2675 794 2728 dum
843 2674 1045 2728 divinis
1092 2674 1437 2743 obtemperat
1488 2675 1724 2746 legibus,
1756 2692 1875 2747 qua:
1901 2678 2023 2733 filiis

443 2763 625 2818 debita
648 2763 702 2817 in
736 2772 988 2833 parentes
1017 2761 1192 2817 oﬂicia
1223 2764 1531 2835 injunguut.
1565 2765 1878 2836 Huiusmodi
1906 2768 2021 2838 pul-

443 2856 714 2912 cherrima
739 2871 905 2928 opera
936 2856 989 2910 in
1005 2855 1293 2912 Palaestina
1317 2858 1631 2927 imperator,
1654 2859 1732 2914 uti
1765 2860 2020 2924 diximus,

446 2952 741 3009 exstruxit.
777 2951 883 3006 Sed
913 2960 968 3008 et
996 2952 1052 3006 in
1080 2948 1311 3019 reliquis
1336 2950 1630 3020 provinciis
1650 2966 1817 3007 novas
1836 2968 1866 3006 a
1905 2952 2025 3007 fun-

444 3045 712 3100 damentis
761 3044 1038 3099 aediﬁcans
1091 3045 1392 3110 ecclesias,
1446 3045 1619 3100 multo
1683 3044 2024 3115 angustiores

444 3150 604 3205 quam
640 3152 759 3207 qua:
801 3146 962 3190 antea
987 3145 1165 3201 erant,
1204 3135 1408 3191 eﬂ‘ecit.

983 3225 1214 3283 CAPUT
1244 3225 1475 3282 XLVIII.

519 3319 797 3388 Quomodo
832 3317 1298 3388 Constantinopoli
1338 3318 1598 3388 martyrio
1633 3317 1927 3388 construxit

686 3403 998 3457 omnemque
1022 3386 1283 3441 idolorum
1308 3386 1509 3441 cultant
1537 3386 1784 3442 abolevit.

515 3482 653 3538 Cum
684 3498 811 3537 vero
835 3483 1113 3539 civitatem
1147 3482 1383 3537 nominis
1410 3480 1496 3536 sui
1528 3482 1596 3537 ad
1621 3497 1888 3536 summam
1917 3482 2026 3554 glo-

449 3576 585 3629 riam
613 3573 877 3629 extollere
926 3573 1288 3641 instituisset,
1324 3573 1572 3642 plurimis
1620 3588 1739 3630 eam
1771 3576 2027 3630 oratoriis

450 3667 735 3720 exornavit
759 3704 776 3730 ,
802 3664 1261 3735 amplissimisque
1292 3666 1575 3737 martyriis
1611 3676 1669 3722 et
1698 3666 2026 3735 splendidis-

450 3756 606 3811 simis
636 3756 843 3811 a-dibus
882 3756 1082 3826 partim
1138 3756 1193 3809 in
1229 3755 1507 3811 suburbiis
1531 3797 1549 3824 ,
1597 3757 1796 3827 partim
1828 3758 1882 3812 in
1911 3758 2026 3828 ipsa

449 3847 672 3904 civitate
698 3848 1046 3904 constructis.
1077 3847 1254 3917 Atque
1283 3847 1388 3903 hoc
1432 3857 1593 3905 modo
1621 3851 1783 3905 simul
1817 3864 2028 3923 marty-

453 3956 574 3998 rum
615 3940 902 3997 bonoravit
945 3941 1298 4005 memoriam,
1345 3940 1507 3997 simul
1555 3943 1827 3997 civitatem
1873 3960 2026 4001 suam

455 4034 557 4106 ipsi
597 4044 899 4106 martyrum
927 4031 1039 4087 Deo
1083 4032 1454 4086 consecravit.
1486 4029 1655 4088 Totus
1684 4034 1915 4102 denique
1940 4048 2028 4089 sa-

452 4129 655 4199 pientia
680 4126 772 4182 Dei
812 4134 1122 4181 exaestuans
1142 4162 1159 4188 ,
1187 4122 1375 4178 urbem
1415 4122 1562 4178 illam
1595 4140 1759 4195 quam
1790 4125 2030 4195 appella-

456 4224 604 4278 tione
630 4221 868 4276 nominis
900 4221 983 4275 sui
1015 4219 1277 4290 insignire
1319 4220 1657 4286 decreverat,
1683 4219 1831 4274 omni
1860 4219 2029 4276 idolo.

454 4330 574 4369 rum
607 4311 752 4371 cuitu
805 4327 976 4383 usque
1007 4316 1142 4370 adeo
1169 4327 1399 4368 vacuam
1425 4326 1548 4368 esse
1576 4311 1785 4379 voluit,
1820 4325 1879 4369 ut
1894 4327 2029 4369 nus-

446 4421 613 4478 quam
672 4405 726 4460 in
757 4404 847 4459 illa
885 4404 1143 4461 falsorum
1171 4403 1453 4459 numinum
1485 4402 1772 4460 simulacra
1810 4403 1863 4457 in
1892 4411 2030 4459 tem-

454 4570 691 4618 mantur.
720 4560 880 4616 Certe
909 4559 1170 4626 Origenes
1196 4561 1252 4616 in
1287 4559 1687 4615 resurrectione
1712 4574 1939 4628 corpora
1974 4561 2027 4616 in

454 4632 690 4698 animas,
726 4641 781 4686 et
806 4635 1014 4685 animas
1042 4631 1096 4684 in
1129 4632 1352 4699 angelos
1376 4639 1640 4685 mutatum
1675 4630 1739 4683 iri
1777 4631 2024 4699 credidit,

455 4714 516 4756 ut
540 4702 739 4772 alicubi
773 4703 907 4772 dicit
932 4700 1312 4772 Hieronymus.

524 4771 637 4845 (5i)
668 4771 807 4845 ,Ἔτει
854 4771 969 4845 τὴν
1008 4767 1472 4845 βασίλεύουσαν
1502 4840 1515 4845 _
1534 4770 1767 4845 πόλεις.-
1797 4767 2026 4845 Romam

454 4839 725 4913 intelligit.
755 4840 832 4895 Eo
860 4842 1004 4913 enim
1027 4841 1264 4913 delatum
1299 4852 1383 4896 est
1418 4840 1649 4913 cadaver
1674 4839 1889 4913 Helena:
1912 4840 2027 4893 Au-

454 4911 663 4981 gustaf,
697 4922 751 4966 et
784 4921 923 4981 post,
951 4911 1224 4981 biennium
1255 4912 1780 4980 Constantinopolim
1828 4912 2025 4981 depor-

451 4980 646 5045 tatum,
703 4991 761 5035 ut
788 4980 977 5035 tradit
1004 4980 1344 5050 Nicephorus
1377 4982 1430 5034 in
1472 4981 1611 5034 Ilbl't)
1637 4995 1752 5043 vm,
1787 4996 1907 5048 cap.
1934 4980 2022 5034 50.

455 5061 527 5108 At
558 5051 814 5106 Socrates
845 5051 899 5105 in
930 5051 1023 5106 lib.
1052 5067 1092 5113 ι,
1124 5065 1243 5119 cap.
1281 5051 1369 5115 i7,
1415 5053 1578 5104 verba
1617 5050 1834 5104 Eusebii
1874 5060 2025 5102 tran—

454 5121 740 5185 scribens,
781 5121 884 5194 τὴν
925 5119 1340 5194 βασιλεύουσαν
1363 5119 1517 5173 ¹ιιπόλιν
1559 5135 1752 5174 novam
1800 5119 2025 5194 Romam

456 5191 861 5263 interpretatur.
911 5192 1084 5259 Quem
1129 5191 1668 5263 Socratisierrorem
1718 5192 1910 5263 merito
1937 5205 2024 5245 re-

455 5260 744 5333 prehendit
774 5261 1036 5316 Barouius
1056 5298 1071 5325 ,
1098 5275 1221 5333 cum
1244 5260 1888 5333 Eusebius‘regia‘urbis
1931 5275 2028 5333 no-_

457 5329 601 5389 iniue
635 5333 861 5403 [tertiam
901 5346 1117 5401 semper
1138 5332 1440 5403 designare
1466 5330 1659 5403 soleat.
1698 5329 1850 5385 Adde
1882 5331 2025 5403 quod

457 5403 696 5458 nondum
738 5402 988 5457 dedicata
1020 5399 1141 5455 erat
1162 5399 1683 5470 Constantinopolis,
1713 5414 1777 5454 ac
1801 5400 2025 5470 proinde

456 5476 584 5529 urbs
615 5472 765 5544 regia
793 5472 979 5528 vocari
1012 5484 1151 5544 non‘
1165 5481 1376 5544 poterat
1399 5512 1415 5535 ,
1446 5484 1569 5544 cum
1600 5481 1728 5525 tunc
1769 5471 2027 5538 temporis

454 5553 600 5599 esset
654 5539 864 5596 tantum
914 5550 1068 5597 vetus
1119 5539 1454 5611 Byzantium.
1513 5539 1805 5611 Socratem,
1846 5550 2023 5611 tamen

455 5623 674 5668 secutus
701 5622 781 5668 est
802 5612 1105 5675 Cetlrenus,
1136 5609 1407 5679 quietiam
1438 5612 1540 5665 hoc
1571 5611 1740 5678 addit,
1768 5609 2023 5663 Helenam

458 5683 743 5736 duodecim
779 5697 939 5734 anuis
960 5694 1087 5735 ante
1113 5678 1527 5734 Cimstantinum
1550 5696 1580 5734 e
1610 5682 1747 5735 vivis
1773 5678 1971 5734 abiisse
2006 5696 2020 5732 :

459 5752 569 5823 Kal
608 5750 849 5823 ἁπετέθῃ
876 5751 949 5823 Δἐν
983 5750 1218 5823 ’λάρνακι
1255 5751 1511 5823 πορφυρᾷ
1549 5750 1712 5823 αὐτός
1755 5765 1813 5823 τε
1853 5749 1945 5823 καὶ
1987 5752 2020 5821 ἡ

465 5821 647 5902 μήτηρ
675 5819 847 5902 αὐτῷ
876 5819 1101 5902 Ἑλένη,
1114 5819 1222 5902 πρὸ
1249 5819 1615 5902 sunanegam
1630 5821 1730 5889 τῆς
1749 5820 1912 5874 αὐτοῦ
1936 5819 2022 5874 τεὲ

462 5889 655 5957 λευτῆς
681 5889 1044 5946 ἀποθανοῦσα.
1089 5889 1197 5943 Huc
1226 5892 1434 5946 ratione
1467 5892 1715 5947 Helenam
1753 5901 2015 5947 mortuam

2115 667 2512 740 βασιλεύουσαν
2561 669 2718 722 πόλιν
2764 668 2877 739 (51)
2929 667 3301 739 ἀνεκομίζετο,
3350 665 3596 720 ἐνταυθοῖ
3635 666 3688 720 δὲ

2115 759 2297 829 ἠρίοις
2330 755 2631 827 βασιλικοῖς
2670 757 2979 812 ἀπετίθετο.
3014 757 3122 811 Τοῦ
3159 758 3256 828 μὲν
3292 751 3389 811 οὖν
3439 755 3687 826 βασιλέως

2119 849 2422 904 ἐτελειοῦτο
2453 851 2488 920 ἡ
2517 851 2720 923 μήτηρ,
2750 849 2877 915 ἀξία
2900 849 3166 923 γενομένη
3196 850 3422 921 μνήμης
3441 848 3684 920 ἀλήστου,

2114 943 2223 998 τῶν
2254 960 2317 996 τε
2361 942 2534 1013 αὐτῆς
2570 942 2755 997 εἵνεκα
2796 941 3059 1013 θεοφιλῶν
3097 941 3378 1015 πράξεων,
3422 941 3519 996 τοῦ
3548 941 3598 994 τ’
3634 945 3687 1008 ἐξ

2114 1036 2290 1108 αὐτῆς
2334 1034 2530 1106 φύντος
2578 1034 2892 1108 ὑπερφυοῦς
2936 1036 3029 1089 καὶ
3068 1034 3375 1108 παραδόξου
3422 1033 3608 1104 φυτοῦ·
3634 1034 3686 1089 δν

2114 1128 2254 1202 πρὸς
2286 1132 2398 1193 τοῖς
2429 1128 2620 1192 ἅπασι,
2665 1129 2760 1182 καὶ¹
2792 1128 2891 1199 τῆς
2931 1129 3010 1191 εἰς
3052 1127 3151 1199 τὴν
3186 1126 3518 1197 γειναμένην
3546 1128 3685 1191 ὁσίας

2119 1219 2446 1294 μακαρίζειν
2476 1218 2645 1285 ἄξιον,
2676 1218 2821 1275 οὕτω
2847 1218 2944 1290 μὲν
2970 1218 3139 1290 αὐτὴν
3168 1216 3403 1288 θεοσεϐῆ
3428 1218 3685 1289 καταστή-

2118 1329 2308 1376 σαντα,
2344 1312 2444 1366 οὐκ
2466 1306 2631 1367 οὖσαν
2664 1312 2950 1383 πρότερον,
2985 1311 3061 1375 ὡς
3088 1310 3239 1383 αύτῷ
3272 1311 3458 1364 δοκεῖν
3491 1310 3598 1380 (52)
3631 1313 3686 1364 ἐκ

2116 1397 2344 1470 πρώτης
2391 1397 2471 1469 τῷ
2502 1396 2663 1468 κοινῷ
2696 1397 2909 1469 Σωτῆρι
2961 1396 3435 1469 μεμαθητεῦσθαι·
3468 1396 3604 1450 οὕτω
3634 1396 3685 1449 δέ

2117 1489 2390 1562 ἀξιώματι
2414 1487 2677 1561 βασιλικῷ
2702 1490 3055 1561 τετιμηκότα,
3080 1488 3157 1554 ὡς
3180 1490 3241 1543 ἐν
3272 1488 3480 1544 ἅπασιν
3504 1487 3682 1551 ἔθνεσι,

2118 1584 2250 1655 παρ’
2284 1584 2469 1647 αὐτοῖς
2499 1600 2560 1635 τε
2590 1585 2702 1646 τοῖς
2735 1585 3145 1653 στρατιωτικοῖς
3189 1582 3470 1654 τάγμασιν
3501 1581 3682 1650 αύγού-
3707 1634 3711 1638 .

2120 1690 2251 1729 σταν
2289 1673 2533 1746 βασιλίδα
2571 1672 3017 1746 ἀναγορεύεσθαι,
3051 1676 3276 1747 χρυσοῖς
3305 1690 3367 1727 τε
3404 1671 3682 1745 νομίσμασι

2119 1765 2214 1821 καὶ
2246 1764 2345 1837 τὴν
2376 1764 2547 1835 αὐτῆς
2584 1762 2949 1819 ἐκτυποῦσθαι
2981 1763 3198 1819 είκόναο
3241 1764 3346 1836 ἥδη
3381 1763 3442 1818 δὲ
3483 1764 3573 1818 καὶ
3597 1764 3680 1836 θη-

2123 1856 2338 1929 σαυρῶν
2386 1855 2678 1913 Βασιλικῶν
2724 1858 2953 1927 παρεῖχε
2998 1855 3094 1928 τὴν
3138 1854 3415 1920 ἐξουσίαν,
3468 1856 3682 1928 χρῆσθαι

2120 1947 2265 2002 κατὰ
2312 1947 2627 2020 προαίρεσιν
2661 1946 2757 2002 καὶ
2800 1947 3021 2001 διοικεῖν
3066 1946 3208 2001 κατὰ
3254 1946 3506 2019 γνώμην,
3552 1948 3681 2012 ὅπως

2121 2038 2189 2092 ἂν
2213 2036 2387 2091 ἐθέλοι
2416 2037 2512 2092 καὶ
2543 2039 2618 2103 ὡς
2649 2038 2716 2093 ἂν
2745 2034 2803 2093 εὖ
2835 2039 2978 2111 ἔχειν
3006 2041 3146 2111 αὐτῇ
3170 2040 3450 2112 νομίζοιτο
3476 2042 3677 2106 ἕκαστα,

2118 2124 2213 2177 τοῦ
2253 2124 2441 2189 παιδὸς
2487 2127 2658 2198 αὐτὴν
2688 2128 2793 2181 κάν
2820 2127 3029 2193 τούτοις
3060 2129 3340 2203 διαπρεπῆ
3367 2132 3462 2186 καὶ
3487 2132 3677 2205 ἀξιοζή-

2120 2216 2290 2271 λωτον
2323 2218 2709 2289 πεποιημένου.
2739 2219 2828 2273 Διὸ
2877 2220 2986 2274 τῶν
3011 2222 3091 2286 εἰς
3115 2222 3282 2276 αὐτοῦ
3315 2227 3533 2296 μνήμην
3565 2228 3672 2280 ἀνα-

2123 2310 2460 2381 φερομένων,
2496 2311 2588 2365 καὶ
2617 2310 2769 2365 ταῦτ’
2793 2312 3016 2377 εἰκότως
3040 2314 3171 2385 ἡμῖν
3198 2315 3543 2389 ἀνείληπται,
3564 2318 3597 2372 ἃ
3619 2317 3672 2371 δι’

2122 2400 2405 2466 εὐσεϐείας
2447 2402 2754 2474 ὑπερϐολὴν
2800 2405 3012 2478 μητέρα
3057 2406 3256 2480 τιμῶν,
3305 2407 3540 2481 θεσμοὺς
3587 2410 3675 2465 ἀπ-

2123 2492 2363 2566 επλήρου
2395 2494 2590 2559 θείους,
2624 2495 2768 2567 ἀμφὶ
2792 2496 2993 2565 γονέων
3014 2497 3179 2568 τιμῆς
3201 2496 3271 2551 τὰ
3292 2498 3562 2571 πρέποντα
3585 2498 3676 2553 δια-

2122 2586 2502 2657 ταττομένους.
2536 2587 2646 2651 Τὰς
2675 2587 2773 2658 μὲν
2799 2582 2892 2672 οὖν
2934 2588 3568 2660 λεχθείσαςφιλοκαλίας
3591 2590 3674 2661 βα⁴

2124 2676 2306 2741 σιλεὺς
2339 2679 2474 2751 πρὸς
2497 2679 2575 2751 τῷ
2602 2679 2977 2735 Παλαιστινῶν
3015 2680 3156 2736 ἔθνει
3179 2682 3333 2737 τόνδε
3363 2684 3574 2757 συνίστη
3599 2683 3674 2739 τὸν

2122 2770 2325 2843 τρόπον
2345 2789 2359 2801 ·
2394 2772 2490 2825 καὶ
2522 2770 2665 2825 κατὰ
2694 2771 2876 2838 πάσας
2906 2774 2965 2829 δὲ
2996 2773 3096 2839 τὰς
3122 2775 3396 2847 ἐπαρχίας
3422 2778 3675 2846 νεοπαγείς

2124 2863 2423 2935 ἐκκλησίας
2466 2864 2862 2929 ἐπισκευάζων,
2922 2864 3120 2938 μακρῷ
3149 2866 3261 2921 τῶν
3295 2867 3571 2939 προτέρων
3606 2883 3673 2919 τι·

2129 2955 2298 3026 μιωτέ
2306 2972 2403 3026 ρας
2430 2954 2715 3025 ἀπέφαινε.

2588 3228 2986 3283 ΚΕΦΑΛΑΙΟΝ
3026 3231 3167 3284 ΜΗ¹.

2130 3321 2323 3388 Ὅπως
2348 3320 2419 3375 ἐν
2433 3322 2894 3392 Κωνᾳταντίνου
2908 3322 3099 3392 πόλει
3115 3323 3412 3391 μαρτύρια
3420 3321 3530 3392 μὲν
3549 3321 3670 3387 ᾠκο-

2222 3392 2470 3462 δόμησε,
2508 3390 2716 3446 πᾶσαν
2742 3390 2812 3445 δὲ
2841 3390 3594 3461 εὶδωλολάτρίανίπεριεῖλε.

2197 3482 2307 3555 Τὴν
2338 3482 2395 3535 δέ
2423 3482 2476 3551 γ’
2507 3480 2794 3553 ἐπώνυμον
2836 3480 3001 3534 αὑτοῦ
3036 3481 3190 3535 πόλιν
3230 3480 3402 3554 ἐξόχῳ
3432 3483 3553 3553 τιμῇ
3596 3495 3671 3549 γο-

2128 3575 2354 3649 ραίρων,
2392 3575 2704 3646 εύκτηρίοις
2735 3573 2980 3628 πλείοσιν
3030 3574 3343 3647 ἐφαίδρυνε,
3387 3572 3670 3646 μαρτυρίοις

2124 3684 2187 3720 τε
2222 3666 2502 3738 μεγίστοις
2533 3667 2630 3719 καὶ
2671 3662 3159 3737 περιφανεστάτοις
3205 3663 3398 3730 οἴκοις,
3439 3665 3542 3727 τοῖς
3588 3660 3669 3732 μὲν

2128 3757 2236 3830 πρὸ
2267 3756 2362 3811 τοῦ
2389 3757 2600 3821 ἄστεος,
2630 3758 2744 3820 τοῖς
2780 3755 2826 3809 δ’
2865 3757 2924 3807 ἐν
2955 3753 3105 3826 αύτῷ
3143 3755 3485 3826 τυγχάνουσι·
3523 3753 3583 3806 δι’
3606 3744 3667 3804 ὧν

2129 3847 2264 3921 ὁμοῦ
2297 3848 2394 3903 καὶ⁵
2425 3846 2524 3909 τὰς
2554 3847 2662 3901 τῶν
2694 3846 2986 3919 μαρτύρων
3016 3847 3237 3919 μνήμας
3264 3848 3446 3919 ἐτίμα,
3478 3845 3563 3899 καὶ
3587 3844 3668 3914 τὴν

2129 3941 2296 3995 αὑτοῦ
2332 3940 2486 3995 πόλιν
2509 3940 2588 4011 τῷ
2624 3939 2731 3993 τῶν
2761 3939 3055 4011 μαρτύρων
3084 3938 3344 4011 καθιέρου
3378 3938 3508 4011 Θεῷ.
3537 3936 3667 3998 Ὅλος

2127 4030 2173 4084 δ’
2210 4031 2463 4102 ἐμπνέων
2496 4029 2607 4103 (35)
2631 4029 2767 4084 Θεοῦ
2805 4030 3017 4100 σοφίας,
3050 4031 3119 4103 ἦν
3148 4029 3251 4101 τῆς
3278 4029 3562 4102 ἐπηγορίας
3585 4026 3667 4096 τῆς

2129 4123 2293 4179 αὑτοῦ
2324 4123 2477 4178 πόλιν
2517 4120 2806 4193 ἐπώνυμον
2837 4121 3113 4192 ἀποφῆναι
3145 4119 3348 4193 ἔκρινε,
3385 4118 3666 4189 καθαρεύειν

2128 4213 2539 4286 εἰδωλολατρίας
2571 4212 2789 4284 ἁπάσης
2830 4211 3087 4275 ἐδικαίου,
3121 4212 3200 4276 ὡς
3231 4210 3476 4283 μηδαμοῦ
3510 4207 3667 4279 φαίνε-

2135 4306 2256 4361 σθαι
2302 4308 2361 4360 ἐν
2394 4306 2531 4378 αὐτῇ
2583 4304 2692 4359 τῶν
2731 4302 3103 4377 νομιζομένων
3150 4303 3293 4358 θεῶν
3327 4303 3593 4373 ἀγάλματα
3619 4300 3665 4351 ἐν

2133 4400 2297 4469 ἱεροῖς
2340 4396 2773 4469 θρησκευόμενα,
2808 4394 2922 4449 ἀλλ’
2959 4396 3080 4449 οὐδὲ
3115 4394 3334 4466 βωμοὺς
3370 4393 3570 4464 λύθροις
3592 4390 3663 4443 ai-

2131 4575 2252 4616 esse
2295 4568 2577 4629 oporteret
2622 4573 2767 4629 anno
2807 4556 3014 4629 Christi
3064 4557 3171 4613 5‘25
3238 4566 3333 4629 aut
3384 4564 3522 4610 certe

2062 4618 2104 4673 υ
2133 4630 2252 4697 Quo
2280 4618 2461 4684 tamen
2490 4644 2634 4684 anno
2666 4628 3099 4698 Hierosolymam
3139 4626 3384 4698 profecta
3419 4619 3662 4698 essedici:

2131 4686 2218 4754 ιῖιι-
2261 4700 2329 4753 ab
2359 4700 2593 4755 Eusebio
2621 4709 2678 4753 et
2710 4686 2934 4752 nuanof
2968 4686 3315 4766 Adde-quod
3354 4686 3662 4766 post__Crispi

2128 4771 2346 4826 cassaris
2376 4779 2433 4825 et
2458 4769 2672 4824 Faustae
2703 4779 2946 4837 augusta:
2982 4782 3170 4822 necem
3191 4763 3410 4822 'iielena
3447 4763 3659 4837 aliquan-

2127 4841 2217 4894 tliu
2263 4841 2596 4906 supervixit,
2654 4847 2713 4892 ut
2764 4834 2995 4893 testatur
3057 4838 3310 4893 Zositnus
3356 4838 3407 4891 in
3453 4834 3575 4887 libro
3610 4842 3657 4880 tl.

2129 4908 2296 4964 Porro
2325 4909 2549 4979 Crispus
2603 4909 2817 4964 occisus
2858 4917 2940 4963 est
2976 4908 3339 4979 Constantino
3370 4914 3577 4979 augusto
3599 4912 3657 4979 γη

2127 4989 2184 5034 et
2215 4968 2531 5034 Constan'tio
2559 4993 2762 5034 caesare
2807 4992 3123 5039 coss.,anno
3144 4978 3345 5032 Christi
3369 4968 3468 5030 526
3487 5013 3502 5037 ,
3527 4968 3657 5039 υιᾲιε-
3694 4980 3697 4981 '

2126 5051 2271 5120 gitur
2304 5050 2357 5102 in
2388 5048 2567 5104 Fastis
2591 5050 2765 5103 ldatii.
2790 5047 2933 5120 Mors
2955 5037 3131 5116 igitur
3182 5046 3397 5120 Helena:
3425 5056 3554 5120 anno
3579 5037 3659 5091 Do-

2129 5116 2390 5193 iniui3‘27
2422 5130 2566 5193 recte
2587 5119 3072 5193 assignari_potest,
3107 5116 3540 5193 quemadmodum
3555 5121 3656 5162 seu-

2131 5192 2193 5243 tit
2224 5191 2475 5259 Sigonius
2506 5191 2558 5244 in
2590 5183 2728 5242 libro
2758 5203 2823 5259 ιιι
2845 5183 2921 5241 De
2942 5183 3160 5259 imperio
3194 5183 3518 5259 occidentali.
3557 5248 3569 5259 .
3608 5242 3630 5256 .

2200 5248 2314 5330 (δέ)
2350 5259 2507 5331 Vulg.
2534 5260 2617 5326 ὡς
2637 5257 2783 5331 αὺτρ
2799 5248 3027 5331 ὃοκεῖῖξ
3043 5257 3397 5331 §cribendum
3419 5263 3494 5307 est
3509 5248 3653 5331 ⁸αίνιῖῷτ

2130 5327 2388 5387 Refertur
2411 5327 2557 5387 enim
2619 5331 2685 5382 ad
2716 5328 2795 5399 τῷ
2836 5327 3001 5398 κοινῷ
3046 5328 3280 5400 Σωτῆρι.
3320 5327 3485 5400 Atque
3507 5327 3652 5400 ita”!!!

2127 5386 2268 5474 libro
2296 5400 2489 5474 Mori-ei
2506 5401 2574 5455 ad
2622 5386 2919 5474 marginem
2958 5386 3312 5474 emenda-tum
3358 5386 3653 5474 iuvent-Net:

2128 5470 2289 5526 aliter
2330 5472 2588 5526 scribitur
2620 5470 2672 5525 in
2728 5465 2844 5525 cod.
2880 5467 3088 5522 Fuketii
3141 5478 3200 5521 et
3265 5465 3479 5527 Savilii,
3521 5466 3567 5514 et
3607 5468 3652 5507 In

2128 5538 2315 5608 Regiis
2336 5543 2573 5597 schedis.
3042 5606 3050 5608 _
3228 5606 3268 5608 ί,
3310 5605 3341 5608 η
3529 5597 3540 5607 .

2199 5597 2311 5683 (35)
2352 5611 2506 5682 Vulg.
2568 5614 2717 5678 ὅλως
2763 5610 2816 5664 δ’
2865 5606 3194 5683 ἐμπνέων.-
3223 5597 3653 5683 Maliunscribftf

2128 5667 2271 5753 ξλὸς,
2292 5667 2632 5753 ἠιιυιιἸοηεε
2666 5667 2970 5751 elegantius
2992 5688 3095 5753 est.
3139 5675 3393 5753 Sic_ce_rte
3417 5674 3465 5727 in
3496 5667 3653 5724 eoch

2132 5746 2269 5807 l-‘nli.
2305 5746 2356 5811 et
2383 5754 2435 5808 in
2471 5746 2656 5824 Regiis
2690 5746 2908 5809 schedis
2944 5749 3207 5819 scriptum
3234 5746 3471 5802 habetur.
