3864 6526
217 424 331 481 ίίθθ

1226 412 1315 466 DE
1358 411 1523 466 VITA
1560 410 2023 467 CONSTANTINI
2062 411 2191 467 LIB.
2228 411 2316 465 Ill.

3278 414 3406 469 1110

212 539 368 611 μάτων
392 531 778 605 μιαινομένους,
798 528 859 582 οὐ
887 527 1076 592 θυσίας
1100 526 1569 598 ὁλοκαυτουμένας
1591 527 1721 599 πυρὶ

1853 528 1953 597 plis
2004 529 2355 593 colerentur;
2414 540 2477 581 ac
2529 540 2601 582 ne
2656 541 2768 583 ara:
2814 526 3027 596 quidem
3074 527 3410 584 victimarum

203 630 255 685 σὺ
292 623 589 694 δαιμονικὰς
635 619 849 693 ἑορτὰς,
890 620 997 673 οὐδ’
1032 620 1216 691 ἔτερόν
1256 636 1309 673 τι
1351 619 1459 673 τῶν
1493 619 1737 690 συνήθων

208 722 296 784 rei;
318 715 705 786 δεισιδαίμοσιν.

669 978 1068 1033 ΚΕΦΔΛΔΙΟΝ
1105 977 1239 1032 MO’.

201 1070 433 1143 Σταυροῦ
451 1070 704 1142 σημεῖον
722 1070 792 1125 ἐν
812 1071 1102 1138 παλατίῳ,
1132 1070 1230 1124 καὶ
1258 1070 1480 1140 Δανιὴλ
1507 1069 1577 1125 ἑν
1599 1070 1730 1140 κρήτ

871 1158 1026 1207 ναις.

251 1234 448 1300 Εἷδεςδθ
478 1234 544 1289 ἂν
574 1234 668 1288 ἐπὶ
701 1233 883 1305 μέσων
910 1231 1127 1305 ἀγορῶν
1175 1232 1454 1302 κειμέναις
1483 1233 1730 1305 κρήναις,

193 1330 251 1384 τὰ
271 1328 356 1383 τοῦ
381 1327 542 1383 καλοῦ
571 1327 837 1398 Ποιμένος
872 1324 935 1378 σύ
945 1323 1136 1396 μ6ολα,
1158 1326 1273 1388 τοῖς
1304 1323 1412 1376 ἀπὸ
1442 1322 1549 1377 τῶν
1578 1321 1735 1377 θείων

192 1420 363 1490 λογίων
404 1415 745 1490 ὁρμωμένοις
794 1412 1067 1486 γνώριμα,
1107 1412 1198 1467 τόν
1251 1430 1315 1466 τε
1370 1411 1568 1483 Δανιὴλ
1637 1412 1733 1466 σὺν

190 1513 349 1575 αὐτοῖς
385 1508 594 1562 λέουσιν
623 1509 682 1561 ὲν
727 1505 913 1578 χαλκῷ
945 1504 1304 1576 πεπλασμένα
1340 1504 1474 1576 (54),
1527 1504 1732 1576 χρυσοῦ

194 1620 237 1655 ιε
264 1600 501 1664 πετάλοις
533 1598 899 1670 ὲκλάμποντα.
930 1595 1195 1661 Τοσοῦτος
1216 1596 1272 1650 δὲ
1295 1596 1438 1660 θεῖος
1467 1595 1606 1669 ἔρως
1634 1595 1733 1668 τὴν

189 1692 425 1763 βασιλέως
454 1690 769 1761 κατειλήφει
796 1690 995 1760 ψυχὴν,
1023 1688 1099 1752 ὡς
1129 1692 1247 1753 τοῖς
1272 1689 1590 1760 ἀνακτόροις
1623 1690 1730 1742 τῶν

188 1784 449 1855 βασιλείων
479 1780 625 1836 κατὰ
671 1781 765 1835 τὸν
789 1781 1003 1835 πάντων
1036 1779 1366 1849 ὲξοχὼτατον
1413 1776 1580 1846 οἶκον,
1632 1779 1731 1850 τῆς

186 1876 300 1947 πρὸς
326 1872 410 1944 τῷ
435 1873 616 1945 ὀρόφῳ
648 1872 1072 1945 κεχρυσωμένης
1121 1870 1454 1942 φατνώσεως
1484 1870 1625 1925 κατὰ
1668 1870 1730 1924 τὸ

184 1965 501 2036 μεσαίτατον,
549 1962 807 2034 μεγίστου
841 1963 1067 2028 πίνακος
1115 1963 1530 2035 ἀνηπλωμένου,
1569 1962 1732 2034 μέσον

183 2056 510 2129 ἐμπεπῆχθαι
541 2056 604 2109 τὸ
646 2055 741 2110 τοῦ
780 2057 1047 2128 σωτηρίου
1089 2057 1292 2120 πάθους
1336 2055 1622 2127 σύμϐολον,
1667 2055 1733 2110 ὲκ

181 2150 413 2204 ποικίλων
437 2148 793 2221 συγκείμενον
821 2149 916 2203 καὶ
941 2148 1245 2202 πολυτελῶν
1262 2147 1444 2211 λίθων,
1467 2149 1526 2202 ὲν
1546 2146 1732 2219 χρυσῷ

180 2242 336 2313 πολλῷ
377 2241 880 2314 κατειργασμένων.
934 2241 1308 2313 Φυλακτήριον
1357 2240 1530 2294 ἐδόκει
1575 2238 1731 2294 τοῦτο

178 2333 325 2405 αὐτῆς
349 2333 625 2405 βασιλείας
656 2331 733 2403 τῷ
766 2333 1003 2402 θεοφιλεῖ
1034 2332 1385 2403 πεποιῆσθαι.

682 2425 1079 2478 ΚΕΦΑΛΑῙΟΝ
1113 2425 1193 2477 N'.

177 2517 281 2571 Ὀτι
323 2517 417 2572 καὶ
451 2517 523 2571 ἐν
561 2515 925 2585 Νικομηδείςι
958 2516 1057 2570 καί
1104 2516 1175 2569 ἐν
1217 2516 1435 2584 ἄλλαις
1474 2516 1731 2570 πόλεσιν

557 2586 945 2655 ᾠκοδόμησεν
965 2586 1318 2655 ἐκκλησίας.

124 2694 129 2698 ’
232 2674 439 2740 Τούτοις
487 2676 586 2747 μὲν
633 2668 728 2730 οὖν
774 2676 872 2745 τὴν
919 2673 1084 2729 αὑτοῦ
1144 2676 1297 2730 πόλιν
1345 2674 1683 2741 ὲκαλλώπιζε
1709 2693 1724 2707 °

175 2765 256 2836 τὴν
295 2765 349 2819 δὲ
393 2765 635 2819 Βιθυνῶν
684 2766 955 2836 ἄρχουσαν
1012 2764 1125 2837 (55)
1175 2767 1379 2837 ὁμοίως
1422 2766 1726 2838 ἀναθήματι

175 2855 415 2925 μεγίστης
474 2856 568 2910 καὶ
621 2855 934 2927 ὑπερφυοῦς
971 2856 1269 2928 ἐκκλησίας
1314 2858 1502 2928 ἐτίμα,
1551 2859 1610 2925 ἐξ
1651 2859 1729 2911 ol-

173 2947 311 3001 κείων
341 2946 628 3018 θησαυρῶν
655 2946 932 3001 κάνταῦθα
959 2948 1038 3018 τῷ
1065 2948 1230 3002 αὑτοῦ
1259 2949 1474 3021 Σωτῆρι
1503 2949 1572 3003 τὰ
1605 2950 1723 3004 κατ’

171 3035 356 3108 ἐχθρῶν
392 3039 489 3091 καί
529 3037 810 3109 θεομάχων
854 3038 1074 3107 ἁνυψῶν
1116 3040 1427 3111 νικητήρια.
1465 3040 1576 3094 Καὶ
1614 3042 1724 3096 τῶν

169 3127 346 3181 λοιπῶν
374 3129 418 3182 δ’
449 3128 618 3183 ἐθνῶν
645 3129 743 3193 τὰς
775 3130 1007 3201 μάλιστα
1029 3132 1489 3202 κρατιστευούσας
1516 3132 1719 3198 πόλεις,

168 3223 266 3284 ταῖς
295 3221 401 3275 τῶν
436 3220 744 3292 εὐκτηρίων
770 3221 1110 3291 φιλοκαλίαις
1139 3223 1436 3294 ὲκπρέπειν
1463 3224 1716 3290 ἐποιεῖτο,
1748 3237 1788 3291 (ς

166 3309 331 3385 ὥσπερ
375 3308 470 3367 οὖν
515 3313 617 3367 καὶ.
655 3313 755 3384 τὴν
805 3313 897 3365 ἐπὶ
938 3314 1036 3382 τῆς
1079 3313 1401 3385 ἀνατολικῆς
1450 3315 1720 3388 μητροπό-

164 3401 280 3468 λεως
311 3404 444 3475 (56),
474 3404 510 3475 ἢ
544 3405 645 3474 τὴν
677 3402 961 3475 ἐπώνυμον
989 3405 1210 3477 εἴληφεν
1254 3405 1524 3476 Ἀντιόχου
1554 3423 1720 3478 προσ-

161 3496 393 3566 ηγορίαν·
431 3497 519 3565 ἐφ’
551 3491 622 3569 ἧς
671 3495 746 3560 ὡς
784 3498 877 3549 ἐπὶ
922 3498 1163 3569 κεφαλῆς
1204 3499 1312 3551 τῶν
1356 3499 1483 3570 τῇδε
1526 3497 1715 3563 ἐθνῶν,

165 3586 430 3655 μονογενὲς
462 3604 514 3639 τι
548 3587 735 3658 χρῆμα
777 3586 1094 3659 ἐκκλησίας,
1134 3589 1396 3660 μεγέθους
1427 3589 1590 3663 ἕνεκα
1624 3591 1717 3644 καὶ

163 3678 389 3745 κάλλους,
437 3679 690 3751 ἀφιέρου,
737 3681 968 3750 μακροῖς
1010 3680 1124 3752 ίμὲν
1166 3680 1364 3745 ἔξωθεν
1412 3682 1718 3753 περιϐόλοις

160 3769 237 3823 τὸν
271 3770 445 3825 πάντα
494 3770 634 3825 νεὼν
669 3770 1001 3841 περιλαϐὼν,
1043 3772 1177 3826 είσω
1220 3774 1278 3829 δὲ
1305 3774 1397 3829 τὸν
1430 3776 1716 3847 εὐκτήριον

160 3856 287 3916 οἷκον
335 3862 449 3934 (57)
504 3863 585 3925 είς
633 3862 913 3933 ἀμήχανον
990 3864 1201 3934 ἐπάρας
1251 3865 1403 3934 ὕψος,
1454 3867 1511 3919 ἐν
1555 3867 1717 3921 ὀκτα-

163 3952 301 4025 έδρου
341 3954 454 4024 (58)
492 3953 594 4025 μὲν
626 3954 933 4008 συνεστῶτα
962 3956 1223 4026 σχήματι,
1251 3956 1418 4021 οἴκοις
1449 3958 1505 4011 δὲ
1537 3958 1717 4011 πλείο-

161 4056 249 4107 σιν,
282 4042 530 4115 ὲξέδραις
555 4059 617 4095 τε
650 4044 707 4097 ὲν
736 4042 919 4114 κύκλῳ
954 4045 1062 4116 (59)
1097 4045 1360 4118 ὑπερῴων
1392 4065 1452 4101 τε
1494 4049 1589 4101 καὶ
1614 4065 1716 4102 κα-

216 4217 323 4292 (54)
372 4219 473 4273 Ἐν
513 4218 721 4292 χαλκῶ
763 4222 1181 4292 πεπλασμένα.
1234 4223 1291 4279 1η
1349 4224 1532 4279 codice
1578 4223 1713 4281 Fuk.

160 4289 819 4359 ερτὶὺὶιυιζ-πεπλασμένον
838 4331 852 4357 ,
885 4302 940 4346 et
978 4289 1212 4347 refertur
1237 4294 1302 4347 ad
1332 4294 1500 4349 verba
1528 4295 1621 4348 τόν
1656 4313 1716 4349 τε

158 4359 356 4429 Δανιήλ.
388 4356 621 4435 Vulgata
643 4356 852 4435 ﬂamen
882 4361 1041 4417 lectio
1072 4364 1243 4435 magis
1288 4363 1486 4435 placet,
1518 4366 1717 4435 quippe

159 4442 262 4499 qua:
283 4440 392 4483 tum
438 4429 491 4481 in
528 4429 695 4499 [legio
720 4431 922 4499 codice
971 4442 1080 4486 tum
1117 4429 1471 4488 in'veteribus
1501 4429 1717 4489 schédis
1815 4486 1822 4496 ,

158 4495 401 4575 habetur;
436 4495 797 4575 πεπλασμένα
826 4501 967 4575 enim
1007 4501 1244 4575 refertur
1268 4504 1333 4575 ad
1370 4518 1556 4558 vocem
1577 4505 1716 4575 σύμ-

156 4564 784 4645 6olg.___lta_§cribenil_um
812 4570 916 4645 er_it
942 4571 1035 4645 τοῦ
1067 4590 1127 4625 τε
1152 4573 1503 4645 Δανιήλρᾼοιο.

156 4703 169 4712 ο
214 4638 322 4712 (55)
353 4636 503 4712 ’Τὴν
543 4636 613 4690 δὲ
660 4636 1314 4712 Βιθυνῶνῳᾶρχουσανί
1345 4642 1712 4698 Nicomediam

156 4706 417 4783 intelligit,
440 4722 563 4783 quae
584 4718 746 4776 caput
776 4719 905 4783 erat
927 4706 1332 4783 Bith'y'nimﬂua
1354 4714 1405 4766 in
1428 4714 1562 4767 urbe
1578 4713 1717 4769 Con-

154 4777 411 4831 stantinus
457 4782 740 4832 obsessum
792 4777 1067 4834 Licinium'
1097 4782 1163 4833 ad
1202 4777 1531 4836 deditionem
1563 4798 1715 4837 com-

154 4845 371 4924 pulerat.
408 4847 467 4900 in
499 4847 1015 4924 memoriam‘igitur
1042 4852 1158 4924 ejus
1187 4852 1435 4924 victoriae
1451 4851 1715 4924 Constan-

154 4916 281 4969 tinus
308 4916 642 4970 Nicomediae
690 4916 969 4972 basilicam
1007 4916 1312 4976 aediﬁcavit.
1379 4921 1511 4978 Vide
1552 4922 1715 4978 Sozo-

152 4999 346 5056 menum
378 4984 603 5039 in.libro
632 5000 696 5056 tt_.
728 5003 845 5056 cap.
868 4989 923 5040 2.

211 5054 316 5123 (56)
349 5056 587 5131 ’ᾭρ-περ
614 5051 730 5131 οὖν
752 5051 873 5131 Δκαὶ
896 5057 1030 5131 Δτὴν
1069 5059 1167 5113 ἐπὶ
1210 5059 1319 5128 τῆς
1355 5060 1716 5131 ἀνατολικῆς

151 5125 594 5211 μητροπόςεως,
634 5125 1002 5211 scribendum]
1056 5141 1163 5211 est_
1198 5125 1576 5211 μητρόπολινη
1610 5125 1713 5211 nisi

153 5194 289 5248 malis
312 5196 399 5270 ita
418 5195 602 5261 legere
633 5208 646 5244 :
676 5194 866 5270 ῶσπερ
900 5192 992 5250 οὖν
1020 5198 1113 5251 καὶ
1146 5192 1239 5252 ἐπὶ
1260 5192 1365 5270 ’τῆς
1396 5192 1715 5270 ἀνατολικῆς

189 5264 564 5343 ητροπόλεως,
613 5268 756 5343 quod
787 5264 939 5343 certe
972 5282 1077 5343 non
1121 5264 1388 5343 displicet.
1427 5269 1485 5325 ln
1527 5264 1715 5327 codice

172 5332 309 5407 legio
339 5335 614 5407 scribitur
639 5333 828 5407 ὥσπερ
851 5332 1063 5407 οὖνκαὶ
1101 5332 1221 5407 τόν,
1243 5347 1349 5394 etc.

179 5402 317 5482 ,(57)
351 5401 622 5482 Εἵοςςρρὲ
647 5404 755 5482 ter
787 5401 1107 5482 ξεῠκτήριον
1137 5401 1323 5482 οἷκον.
1364 5405 1424 5462 In
1453 5407 1712 5482 _Panegy-

151 5472 271 5551 rice,
297 5472 427 5551 pag.
458 5472 586 5538 650,
610 5475 753 5551 unde
786 5472 1251 5551 haec‘transcripta
1283 5486 1425 5542 sunt,
1451 5472 1714 5537 Eusebius

152 5542 273 5594 dixit
296 5542 642 5620 ἀνακτορονη
660 5543 773 5613 Ego
817 5545 1094 5601 basilicam
1144 5542 1532 5620 interpretatus
1568 5565 1708 5620 sum,

154 5624 244 5664 non
277 5623 337 5666 ut
360 5612 901 5679 ChriStOphorsonus
952 5612 1338 5670 sanctuarium.

212 5680 467 5752 (58)]Εν
491 5681 841 5751 ὀκταέδρου.
877 5683 1193 5752 Huiusmodi
1232 5685 1334 5741 fuit
1358 5688 1584 5743 ecclesia
1621 5683 1709 5744 illa

152 5750 835 5827 guam’l\'_on_n_us_Gregorii
867 5750 1195 5827 Naiianzeni
1232 5767 1387 5827 pater
1425 5758 1710 5815 aediﬁcavit

152 5820 199 5871 in
224 5822 416 5889 Oppido
447 5820 747 5882 Nazianzo.
784 5832 843 5878 ut
887 5834 1113 5882 testatur
1153 5820 1270 5899 ipse
1316 5825 1605 5890 Gregorius
1650 5831 1705 5887 in

1842 633 2035 675 cruore
2068 618 2488 683 contaminata,
2541 632 2646 674 nec
2690 618 2878 674 hostia:
2922 618 3044 688 igne
3085 631 3409 688 consumptae

1842 717 2190 764 cernerentur
2211 747 2227 770 .
2260 721 2361 762 nec
2392 708 2701 762 daemonum
2749 706 3069 763 festivitates
3092 749 3107 773 ,
3141 724 3241 763 nec
3265 710 3409 778 quid-
3467 694 3474 705 ’

1839 814 1999 869 quam
2026 813 2213 854 eorum
2245 813 2368 868 quae
2399 800 2549 868 apud
2578 798 2984 869 superstitiosos
3018 799 3231 869 vulgata
3264 811 3407 866 sunt,

1837 890 2037 946 ibidem
2066 899 2341 960 ageretur.

2398 980 2627 1036 CAPUT
2656 979 2841 1034 XLIX.

1939 1072 2163 1144 Signum
2204 1073 2373 1126 crucis
2415 1073 2488 1153 in.
2512 1072 2742 1209 ριῖίαιίρὺ,
2780 1080 2829 1122 et
2867 1071 3040 1140 imago
3078 1068 3311 1123 Danielis

2471 1158 2525 1195 m
2586 1152 2687 1194 om:
2729 1158 2807 1194 us.

2471 1158 2525 1195 m
2561 1152 2807 1195 l’onttbus.

1915 1233 2154 1290 Vidisses
2181 1234 2347 1303 igitur
2370 1234 2422 1287 in
2456 1233 2697 1287 fontibus
2731 1234 2819 1300 qui
2848 1232 3042 1286 suntin
3071 1231 3246 1301 medio
3269 1230 3398 1297 foro,

1832 1329 1962 1384 boni
2000 1327 2240 1382 Pastoris
2282 1326 2566 1397 imagines,
2600 1324 2903 1379 divinorum
2935 1324 3277 1380 oraculorum
3310 1339 3397 1394 pe-

1832 1421 1953 1477 ritis
1968 1420 2313 1484 notissimas;
2342 1417 2575 1473 Danielis
2621 1417 2747 1472 item
2776 1417 3002 1486 efﬁgiem
3029 1416 3271 1488 unalcum
3295 1415 3394 1471 leo

1833 1512 1992 1567 nibus
2023 1525 2132 1566 aere
2161 1522 2500 1580 expressam,
2537 1516 2594 1563 et
2622 1507 2740 1563 auri
2769 1505 2998 1561 bracteis
3027 1505 3397 1575 refulgentem.

1832 1602 2037 1658 Tantus
2067 1599 2232 1671 porro
2263 1598 2431 1655 divini
2473 1597 2720 1654 Numinis
2749 1584 2901 1651 amor
2927 1597 3265 1667 imperatoris
3288 1597 3396 1650 ani-

1834 1711 1980 1751 mum
2008 1701 2414 1764 occupaverat,
2458 1700 2516 1745 ut
2543 1692 2595 1745 in
2631 1691 2797 1746 t0tius
2823 1690 3007 1760 palatii
3035 1690 3398 1746 eminentissi-

1833 1803 1920 1842 mo
1952 1784 2231 1854 cubiculo,
2262 1787 2317 1841 in
2354 1784 2588 1840 maxima
2623 1782 2802 1839 tabula
2826 1823 2840 1849 ,
2871 1798 2992 1853 quae
3022 1783 3075 1838 in
3103 1781 3267 1854 508
3293 1797 3396 1838 me-

1765 1900 1809 1956 Β
1837 1879 1924 1933 dio
1950 1878 2226 1933 lacunaris
2255 1876 2485 1932 inaurati
2517 1890 2752 1946 expansa
2783 1883 2885 1941 est,
2916 1872 3126 1944 signum
3159 1873 3393 1930 Domini-

1834 1984 1910 2024 cae
1939 1969 2211 2039 passionis
2243 1983 2311 2023 ex
2355 1982 2490 2024 auro
2524 1966 2884 2038 pretiosisque
2916 1964 3182 2036 lapidibus
3215 1965 3399 2020 elabov

1833 2071 2007 2115 ratum
2047 2058 2316 2113 inﬁxerit.
2346 2058 2521 2127 Atque
2552 2058 2658 2111 hoc
2689 2069 2951 2125 tanquam
2995 2056 3301 2125 praesidium
3335 2068 3399 2108 ac

1831 2149 2055 2205 tutelam
2083 2148 2298 2221 imperii
2327 2189 2344 2216 ,
2377 2148 2659 2217 piissimus
2704 2150 2958 2218 princeps
2986 2149 3242 2204 statuisse
3271 2146 3400 2205 mihi

1832 2242 2066 2299 videtur.

2458 2422 2686 2482 CAPUT
2716 2422 2777 2478 [ι.

1927 2544 2014 2600 De'
2036 2540 2270 2599 ecclesiis
2301 2554 2432 2612 quas
2463 2538 2793 2593 Nicomedia:
2822 2544 2872 2591 et
2899 2534 3024 2590 alibi
3053 2535 3328 2590 exstruxit.

1899 2678 1995 2735 llis
2026 2678 2191 2749 igitur
2218 2674 2555 2732 ornamentis
2590 2674 2869 2729 civitatem
2918 2671 3154 2726 nominis
3192 2670 3271 2725 sui
3301 2670 3387 2725 de-

1828 2770 2054 2826 coravit.
2089 2769 2289 2825 Urbem
2312 2781 2444 2822 vero
2473 2765 2790 2836 primariam
2827 2765 3116 2835 Bithyniae,
3148 2763 3386 2834 pulcher-

1829 2864 1981 2917 rima:
2030 2869 2086 2916 et
2138 2857 2691 2929 magniﬁcentissima:
2751 2856 2993 2912 ecclesia:
3051 2864 3396 2909 monumenta

1827 2950 2137 3019 exornavit,
2178 2949 2382 3004 erectis
2406 2947 2629 3019 proprio
2653 2957 2866 3016 sumptu
2899 2946 2949 3000 in
2981 2948 3240 3002 honorem
3270 2945 3383 3001 Ser-

1827 3045 2031 3101 vatoris
2060 3046 2168 3108 sui,
2199 3058 2264 3098 eo
2293 3042 2457 3097 etiam
2484 3040 2538 3094 in
2563 3039 2683 3094 loco
2720 3038 2939 3109 tropaeis
2960 3038 3390 3108 victorizeuqnaxn

1826 3137 1892 3192 de
1928 3135 2173 3191 hostibus
2202 3142 2261 3189 et
2293 3135 2360 3188 de
2406 3131 2741 3187 adversariis
2769 3130 2861 3185 Dei
2904 3129 3183 3186 retulerat.
3215 3130 3273 3186 In
3304 3127 3382 3186 reé

1822 3226 1980 3297 liqnis
2006 3226 2168 3280 etiam
2203 3223 2536 3293 provinciis,
2572 3222 2870 3294 praecipuas
2913 3237 2977 3278 ac
3020 3222 3391 3278 nobilissimas

1820 3330 2065 3386 quasque
2095 3315 2262 3370 urbes
2292 3313 2658 3370 oratoriorum
2707 3312 3101 3385 magniﬁcentia
3152 3314 3389 3371 illustrav

1819 3409 1916 3471 vit,
1974 3405 2208 3477 exempli
2237 3406 2411 3475 gratia
2457 3407 2650 3462 urbem
2706 3404 2873 3461 totius
2916 3405 3156 3463 Orientis
3191 3417 3384 3462 metro-

1818 3498 2002 3568 polim,
2034 3512 2153 3569 quae
2184 3499 2253 3554 ab
2276 3496 2548 3553 Antiocho
2577 3511 2776 3552 nomen
2810 3499 2998 3556 traxit.
3041 3497 3097 3553 In
3132 3513 3237 3569 qua
3267 3508 3386 3553 tan-

1817 3605 1978 3660 quam
2008 3589 2061 3645 in
2096 3590 2303 3646 vertice
2354 3591 2593 3645 omnium
2633 3588 2751 3658 ejus
2799 3591 3039 3662 regionis
3083 3592 3381 3662 provincia-

1818 3697 1960 3746 rum,
1986 3681 2273 3753 singulare
2295 3682 2572 3752 quoddam
2600 3696 2735 3752 opus
2759 3724 2775 3749 ,
2808 3697 2904 3738 seu
2935 3682 3346 3754 amplitudinem
3366 3720 3383 3752 ,

1816 3786 1910 3827 seu
1938 3771 2186 3828 decorem
2219 3781 2440 3843 spectes
2465 3814 2481 3841 ,
2506 3774 2618 3829 Deo
2643 3775 3007 3830 consecravit.
3034 3774 3243 3845 Quippe
3271 3776 3386 3829 uni.

1816 3879 2033 3920 versum
2094 3864 2353 3934 templum
2407 3864 2725 3936 longissimo
2782 3867 3123 3922 extrinsecus
3183 3868 3389 3923 ambitu

1817 3956 2270 4026 circumscripsit.
2316 3955 2552 4013 Interius
2601 3972 2731 4014 vero
2778 3958 3062 4015 basilicam
3116 3960 3286 4030 ipsam
3320 3956 3385 4016 ad

1815 4061 2077 4102 summam
2095 4046 2272 4101 erexit
2306 4045 2665 4115 altitudinem,
2699 4048 2865 4118 ﬁgura
2901 4049 3118 4118 quidem
3147 4048 3390 4105 octaedrl
3436 4120 3445 4139 κ

1817 4225 2064 4279 oratione
2105 4223 2313 4278 funebri
2357 4224 2423 4277 de
2452 4222 2702 4277 laudibus
2751 4222 2921 4290 patris
2946 4222 3061 4288 sui,
3108 4236 3227 4292 pag.
3257 4220 3385 4278 515.

1819 4295 2144 4349 Dicebantur
2189 4303 2368 4347 autem
2422 4292 2538 4346 haec
2598 4293 2793 4359 templa
2848 4295 3159 4345 octachora.
3223 4292 3384 4348 Vetus

1821 4364 2106 4431 inscriptio
2131 4364 2184 4416 in
2221 4361 2489 4416 Thesauro
2516 4360 2747 4431 Gruteri,
2785 4376 2903 4430 pag.
2932 4361 3090 4416 1166.

1898 4430 2244 4488 Octarhorum
2276 4440 2482 4484 sanctos
2507 4430 2753 4498 templum
2780 4433 3006 4484 surrexit
3038 4432 3094 4483 in
3130 4450 3275 4499 usus,

1968 4503 2271 4573 Octagonus
2293 4501 2411 4569 fon:
2443 4508 2519 4553 est
2542 4515 2752 4573 munere
2774 4501 2963 4570 dignus
2981 4517 3060 4573 eo.

1744 4567 1790 4623 D
1820 4567 2182 4630 Octachorum
2236 4567 2403 4641 igitur
2428 4570 2681 4636 templum
2721 4567 2839 4634 est,
2867 4572 3009 4639 quod
3053 4583 3173 4626 octo
3222 4573 3382 4629 habet

1822 4646 1990 4699 latera
2012 4684 2027 4710 ,
2069 4643 2136 4698 ab
2164 4643 2272 4696 imo
2301 4643 2366 4694 ad
2403 4654 2673 4712 summum
2712 4655 2881 4712 usque
2916 4642 3129 4695 culmen
3156 4658 3378 4712 surgen-

1822 4717 1917 4769 tia.
1957 4714 2039 4766 Ab
2091 4712 2278 4766 eadem
2327 4725 2491 4765 causa
2541 4710 3019 4764 dicuntur’altaria
3063 4710 3299 4765 trichora
3329 4713 3378 4768 in

1819 4782 2043 4853 epistola
2074 4780 2322 4853 Paulini,
2346 4781 2396 4834 id
2426 4789 2533 4853 est,
2576 4781 2740 4853 trino_
2769 4781 2979 4853 sinuata
3034 4795 3271 4853 reces_su,
3325 4793 3379 4840 ut

1818 4849 1934 4922 ipse
1980 4852 2236 4907 Paulinus
2310 4850 2547 4918 loquitur
2593 4852 2647 4904 in
2684 4849 2885 4922 ﬂatale
2938 4859 3111 4922 sanet.
3164 4850 3377 4912 Felicis.

1817 4919 2092 4979 Cedrenus
2145 4923 2210 4975 ad
2255 4936 2452 4975 annum
2498 4936 2622 4975 xxvr
2672 4919 3013 4974 Constantini
3058 4932 3377 4990 octagonum

1788 4993 2152 5048 ‘Dominicum
2206 4999 2396 5058 vocat,
2445 4992 2587 5060 quod
2631 5004 2661 5043 a
2688 4991 3037 5045 Constantino
3080 4992 3377 5049 Antiochiae

1814 5072 2145 5119 exstructum
2183 5069 2283 5115 est.

1888 5132 1997 5205 (59)
2032 5131 2191 5203 Vulg.
2248 5130 2510 5205 ἐξέρροις
2549 5148 2654 5205 τε-
3053 5132 3108 5186 Ιιι
3133 5131 3369 5205 _Euschif
3398 5195 3402 5199 _

1816 5198 2281 5273 Panegyrieo'pag.
2310 5198 2413 5256 630
2433 5202 2627 5273 rectius
2644 5201 2835 5270 legitur
2857 5198 3204 5273 εξέόραιςλιο
3233 5203 3365 5255 enitr.

1817 5269 2079 5329 Eusebius
2109 5269 2266 5343 vocat
2292 5273 2344 5325 in
2375 5269 2732 5343 descriptione
2764 5269 3007 5343 ecclesiae
3031 5273 3178 5343 Tyri,
3211 5286 3370 5343 quam

1817 5344 1980 5398 habet
2024 5344 2077 5398 in
2127 5341 2267 5396 libro
2317 5356 2352 5395 χ
2384 5340 2643 5395 Historia:
2684 5340 3090 5394 ecclesiasticwf
3123 5341 3261 5407 Quid
3305 5342 3366 5397 sit

1815 5416 2011 5470 exedra
2040 5411 2196 5467 docet
2223 5410 2525 5465 Valafridus
2553 5410 2745 5465 Strabo
2773 5413 2823 5465 in
2855 5412 2947 5464 lib.
2987 5411 3065 5464 De
3099 5414 3247 5464 rebus
3289 5426 3366 5464 ec-

1813 5484 2067 5546 clesiast.,
2119 5496 2235 5550 cap.
2279 5481 2312 5534 6
2354 5498 2369 5535 :
2406 5497 2425 5529 ι
2476 5480 2686 5535 Exedra
2746 5491 2829 5535 est
2876 5481 3058 5535 absida
3105 5482 3368 5549 quaedam.

1814 5560 2081 5623 separata_
2112 5551 2381 5623 modicum
2431 5551 2645 5623 quidem
2689 5565 2716 5602 a
2736 5550 2970 5623 _templo
3015 5551 3096 5605 vel
3124 5551 3325 5623 palatio
3357 5570 3372 5602 :

1815 5619 1957 5677 dicta
1994 5621 2116 5677 inde
2135 5622 2275 5688 quod
2303 5635 2454 5674 extra
2485 5621 2703 5674 mereat.
2723 5621 2911 5675 Graece
2953 5632 3131 5675 autem
3173 5619 3372 5676 κύκλον

1815 5705 2060 5746 vocatur.
2108 5710 2126 5743 ι
2171 5688 2400 5744 Fallitur
2426 5691 2641 5758 quidem
2677 5690 2892 5751 Strabo.
2926 5692 3014 5759 qui
3048 5707 3165 5746 eam
3187 5704 3368 5745 vocem

1814 5761 2058 5818 Graecam
2094 5774 2212 5830 esse
2242 5759 2642 5830 nongintellexit
2676 5777 2689 5813 :
2728 5762 2789 5830 in
2841 5761 2957 5830 ejus
3002 5773 3179 5817 tamen
3224 5762 3371 5815 vocis

1815 5833 2024 5894 origine
2069 5829 2288 5886 minime
2351 5827 2516 5887 falsus
2566 5843 2666 5888 est.
2725 5827 2953 5887 Prorsus
2998 5832 3138 5887 enim
3185 5831 3379 5905 ἐξέδρα
