3864 6476
140 441 256 496 ait?

1204 426 1292 483 ne
1332 426 1493 484 vna
1531 429 1991 503 consumis]
2029 428 2140 485 LIB
2175 428 2268 486 ιιι.

3219 430 3352 488 H19

137 550 503 624 mwcxpdzopt
548 549 643 602 καὶ
677 547 887 619 Σωτῆρι
934 545 1094 616 ἡμῶν
1141 547 1235 599 καὶ
1272 546 1380 600 τῶν
1420 547 1558 602 ὅλων
1590 548 1675 601 δε-

1793 562 1975 612 neam,
2009 563 2131 617 quae
2161 563 2226 602 ex
2273 547 2366 603 Dei
2397 547 2546 603 cultu
2581 550 2851 619 praecipue
2883 548 3353 619 dependet,adim-

135 647 279 716 σπότῃ
303 641 417 711 Θεῷ
445 638 715 693 τελεῖσθαι
744 636 1060 708 θρησκείαν·
1094 636 1229 708 ὅπερ
1254 636 1390 707 μετά
1417 637 1516 709 τῆς
1532 637 1675 692 δεού.

136 754 217 810 in];
255 733 520 805 προσῆκον
552 730 697 802 ὑμᾶς
725 729 1012 798 φυλάττειν
1044 727 1153 798 (52)
1201 728 1500 800 φροντίδος,
1535 729 1589 782 sl’
1609 730 1675 799 γέ

1779 642 1950 711 plere,
1980 642 2056 696 ιιιί
2080 641 2312 708 confido,
2354 640 2606 697 Gravitas
2650 640 2838 696 Vestra
2886 641 3177 713 desiderat.
3213 641 3355 695 Divi~

1780 735 1920 789 nitas
1949 749 2048 788 vos
2073 743 2281 799 servet,
2319 732 2517 789 fratres
2547 733 2876 788 charissimi.
2923 750 2944 785 ι

137 848 210 903 μοι
234 830 297 885 τὰ
338 826 656 898 καταθύμια
730 825 830 896 τῆς
874 823 1183 888 θεοσεδείας
1229 825 1523 896 ἐξαιρέτως
1598 827 1903 899 ἠρτημένα,
1955 830 2143 902 ὥσπερ
2186 824 2281 885 οὖν
2326 830 2648 901 πέπεισμαι,
2683 831 2718 901 ἡ
2757 829 3032 900 Ὑμετέρα
3083 828 3357 901 Σεμνότης

134 920 437 996 πληροῦσθαι
483 919 750 992 βούλεται.
824 919 881 973 '0
944 918 1078 982 Θεὸς
1125 919 1269 990 ὑμᾶς
1330 920 1673 991 διαφυλάξοι,
1703 922 1924 996 ἀδελφοὶ
1949 925 2242 998 ἀγαπητοί.
2278 944 2301 979 ι

610 1015 1011 1070 ΚΕΦΑΛΑΙΟΝ
1046 1013 1170 1068 ΝΔ’.

191 1107 502 1163 Ειδωλείων
524 1107 625 1161 καί
647 1105 881 1172 ξοάνων
905 1107 1217 1176 πανταχοῦ
1250 1106 1604 1173 κατάλυσις.

191 1201 359 1255 Πάντα
393 1200 490 1270 μὲν
523 1198 587 1269 δὴ
629 1196 804 1251 ταῦτα
844 1196 1112 1250 συντελῶν
1148 1199 1229 1261 εἰς
1259 1197 1417 1262 δόξαν
1441 1200 1542 1271 τῆς
1574 1218 1679 1254 σω-

55 1322 59 1328 ι
131 1293 294 1366 τηρίου
312 1291 593 1362 δυνάμεως
620 1289 871 1360 βασιλεὺς
899 1289 1425 1361 διεπραγματεύετο.
1454 1291 1563 1344 Καὶ
1588 1291 1678 1345 τὸν

135 1387 217 1458 μὲν
245 1382 404 1440 αὑτοῦ
429 1382 664 1454 Σωτῆρα
696 1381 830 1434 Θεὸν
859 1373 963 1435 ὧδέ
1006 1400 1084 1453 πη
1123 1381 1347 1436 διετέλει
1384 1382 1676 1453 γεραίρων,

132 1478 212 1548 τὴν
236 1476 290 1531 δέ
326 1493 389 1545 γε
424 1474 535 1528 τῶν
564 1472 732 1526 ἐθνῶν
763 1473 1131 1545 δεισιδαίμονα
1161 1473 1369 1544 πλάνην
1408 1474 1681 1538 παντοίοις

132 1565 357 1638 ἐξήλεγχε
411 1565 657 1635 τρόποις.
717 1563 911 1617 Ἔνθεν
959 1563 1184 1628 εἰκότως
1233 1564 1533 1636 ὲγυμνοῦτο
1581 1565 1680 1636 μὲν

132 1659 289 1721 αὐτοῖς
316 1655 421 1709 τῶν
460 1655 604 1711 κατά
638 1656 792 1709 πόλιν
832 1654 969 1709 νεῶν
998 1654 1078 1723 ξτά
1125 1656 1456 1725 προπύλαια,
1500 1656 1680 1730 θυρῶν

131 1751 286 1822 ἔρημα
321 1750 579 1821 γινόμενα
630 1747 895 1819 βασιλέως
926 1747 1346 1821 προστάγματιο
1384 1749 1585 1821 ἑτέρων
1629 1748 1675 1802 δ’

2380 1018 2607 1076 CAPUT
2635 1016 2765 1073 LIV.

2082 1114 2238 1170 Fana
2270 1125 2319 1171 et
2349 1114 2633 1169 simulacra
2656 1112 2842 1183 ubique
2869 1111 3067 1166 diruta.

1852 1205 1978 1262 Haec
2039 1208 2220 1261 omnia
2289 1205 2584 1274 imperator
2645 1204 2710 1258 ad
2771 1201 2996 1273 gloriam
3059 1199 3354 1256 salutifera

1782 1297 1984 1354 Christi
2014 1297 2232 1351 virtutis
2285 1295 2433 1350 omni
2485 1293 2664 1350 studio
2709 1291 3022 1363 peragebat.
3060 1293 3137 1346 Ac
3181 1290 3349 1346 Deum

1782 1390 1998 1459 quidem
2035 1388 2385 1443 Servatorem
2419 1401 2577 1441 suum
2626 1386 2728 1439 hac
2779 1385 2988 1439 ratione
3036 1383 3213 1439 colere
3243 1398 3351 1437 non

1781 1481 2053 1537 cessabat.
2088 1476 2387 1536 Gentilium
2413 1491 2546 1531 vero
2581 1476 3014 1545 superstitiosum
3065 1486 3306 1529 errorem
3331 1510 3349 1537 ,

1782 1571 2033 1626 onmibus
2063 1568 2242 1625 modis
2287 1567 2546 1623 studebat
2606 1566 2954 1621 convincere.
2990 1562 3175 1633 Itaque
3211 1577 3350 1632 quo-

1786 1662 2040 1718 rumdam
2071 1662 2125 1717 in
2164 1660 2390 1716 urbibus
2411 1657 2666 1712 fanorum
2695 1654 2961 1712 vestibula
2988 1655 3351 1719 nudabantur,

1784 1753 1957 1809 valvis
1997 1750 2153 1821 jussu
2207 1748 2552 1822 imperatoris
2602 1746 2827 1813 orbata;
2871 1744 3100 1799 aliorum
3153 1753 3353 1800 tectum

135 1845 160 1912 η
184 1842 266 1895 ἐπὶ
290 1844 399 1903 τοῖς
430 1840 647 1912 ὀρόφοις
672 1839 860 1911 στέγη,
883 1838 992 1892 τῶν
1014 1838 1378 1912 καλυπτήρων
1410 1841 1677 1913 ἀφαιρου-

1793 1842 2251 1912 :orrumpebatur,
2310 1837 2505 1909 tegulis
2547 1835 2764 1893 amotis.
2823 1831 3212 1889 Nonnullorum
3262 1847 3356 1886 ve-

131 1934 302 2005 μένων,
329 1932 609 2006 ἐφθείρετο
628 1949 643 1963 ·
676 1930 851 1987 ἄλλων
875 1931 944 1984 τὰ
981 1930 1157 2003 σεμνά
1188 1931 1498 2005 χαλκουργή
1508 1948 1672 2004 ματα,

131 2026 201 2093 ἐφ’
227 2019 302 2089 οἷς
328 2027 361 2096 ἡ
393 2024 501 2078 τῶν
536 2021 779 2077 παλαιῶν
802 2022 987 2093 ἀπάτη
1020 2026 1251 2094 μακροῖς
1270 2023 1678 2095 ὲσεμνολογεῖτο

129 2115 334 2186 χρόνοις,
367 2114 569 2187 ἔκδηλα
611 2118 724 2179 τοῖς
768 2115 936 2168 πᾶσιν
967 2115 1026 2166 ὲν
1064 2114 1290 2185 ἀγοραῖς
1327 2115 1439 2184 (55)
1477 2116 1677 2177 πάσαις

129 2209 215 2278 τῆς
242 2206 497 2278 βασιλέως
539 2206 750 2270 πόλεως
784 2207 1106 2278 προύτίθετο
1126 2224 1137 2238 ³
1172 2206 1247 2271 ῶς
1279 2209 1358 2271 εἰς
1395 2208 1678 2278 ἀσχήμονα

129 2298 241 2352 θέαν
273 2297 587 2369 προκεῖσθαι
628 2298 741 2360 τοῖς
783 2295 1005 2369 ὁρῶσιν,
1041 2289 1145 2350 ὧδε
1182 2296 1279 2367 μὲν
1325 2296 1419 2349 τὸν
1456 2296 1675 2361 Πύθιον,

128 2387 329 2460 ἑτέρωθι
374 2387 432 2441 δὲ
463 2386 558 2441 τὸν
604 2385 877 2458 Σμίνθιον,
927 2388 985 2439 ἐν
1030 2385 1178 2457 αὐτῷ
1209 2386 1265 2439 δὲ
1319 2386 1678 2459 ίπποδρομίῳ,

132 2481 236 2544 τοὺς
267 2481 322 2533 ὲν
355 2479 577 2548 Δελφοῖς
618 2478 901 2550 τρίποδας,
934 2478 1034 2543 τὰς
1075 2478 1120 2531 δ’
1161 2479 1505 2544 Ἑλικωνίδας
1534 2480 1682 2533 Μού-

129 2589 215 2637 σας
239 2574 291 2625 ἐν
332 2571 579 2641 παλατίῳ
609 2570 743 2641 (54).
786 2570 1120 2642 Ἐπληροῦτο
1153 2571 1208 2624 δὲ
1242 2571 1415 2625 διόλου
1464 2573 1615 2625 πᾶσα
1645 2574 1679 2643 ἡ

128 2660 365 2732 βασιλέως
395 2659 679 2732 ὲπιὶινυμος
713 2659 869 2724 πόλις
895 2661 1004 2713 τῶν
1031 2660 1172 2714 κατά
1205 2663 1314 2715 πᾶν
1347 2661 1497 2726 ἔθνος
1529 2663 1681 2715 ἐντέ-

128 2771 256 2823 χνοις
309 2751 507 2824 χαλκοῦ
555 2750 893 2821 φιλοκαλίαις
943 2753 1363 2825 ἀφιερωμένων·
1415 2752 1497 2817 οἷς
1543 2754 1681 2808 θεῶν

128 2844 323 2914 ὀνόματι
363 2843 622 2907 πλείστας
667 2843 797 2908 ὅσας
849 2843 1183 2915 ἑκατόμϐας,
1237 2846 1564 2910 όλοκαύτους
1619 2863 1679 2899 τε

129 2936 295 2999 θυσίας
321 2937 399 2998 εἰς
434 2934 663 3005 μάταιον
694 2933 985 2998 ἀποδόντες
1018 2938 1251 3007 μακροῖς
1281 2936 1472 2990 αἰῶσιν
1501 2940 1548 2990 οἱ
1581 2937 1679 3008 τὴν

130 3026 311 3096 πλάνην
342 3023 714 3095 νενοσηκότες,
740 3022 839 3093 ὀψέ
869 3041 1001 3077 ποτε
1028 3028 1244 3096 φρονεῖν
1272 3025 1535 3095 ἔγνωσαν,
1565 3025 1681 3078 τού-

133 3134 224 3179 τοις
252 3118 448 3181 αὐτοῖς,
479 3114 788 3188 ἀθύρμασιν
831 3116 925 3169 ὲπὶ
969 3116 1164 3185 γέλωτι
1210 3118 1305 3172 καὶ
1349 3119 1539 3189 παιδιᾷ
1570 3117 1676 3171 τῶν

127 3210 352 3279 ὁρώντων
408 3207 673 3271 ϐασιλέως
722 3208 1086 3279 κεχρημένου.
1138 3210 1219 3263 Τά
1250 3210 1308 3263 δέ
1360 3227 1424 3279 γε
1470 3210 1676 3281 χρύσεα

128 3300 219 3353 τῶν
257 3301 585 3372 ἀγαλμάτων
624 3300 756 3371 ἄλλῃ
803 3317 882 3370 πη
935 3302 1235 3373 μετήρχετο
1271 3302 1406 3371 (55).
1462 3302 1677 3373 Ἐπειδὴ

127 3392 222 3464 γὰρ
252 3394 450 3447 συνεῖδε
490 3393 669 3466 μάτην
700 3392 1042 3464 δειμαίνοντα
1073 3395 1281 3466 νηπίων
1309 3395 1464 3466 δίκην
1509 3394 1681 3467 ἀφρό-

127 3504 217 3540 νων
267 3488 331 3541 τὰ
375 3487 558 3558 πλήθη
610 3488 708 3557 τῆς
761 3484 968 3557 πλάνης
1020 3486 1090 3541 τὰ
1138 3487 1525 3561 μορμολύκεια,
1582 3488 1682 3562 ὕλῃ

126 3579 307 3649 χρυσοῦ
331 3580 424 3633 καὶ
445 3579 689 3653 ἀργύρου
717 3580 1095 3651 πεπλασμένα,
1125 3582 1220 3634 καὶ
1244 3579 1416 3634 ταῦτα
1442 3580 1685 3634 ἐκποδὼν

126 3670 247 3742 ᾤετο
289 3672 396 3726 δεῖν
431 3670 689 3744 ἄρασθαι,
743 3669 931 3743 ὥσπερ
980 3671 1105 3726 τινὰ
1153 3672 1315 3726 λίθων
1363 3673 1688 3745 ὲγκόμματα

127 3768 225 3828 τοῖς
252 3767 307 3818 ὲν
341 3765 519 3835 σκότῳ
554 3761 826 3832 βαδίζουσι
860 3764 967 3834 πρὸ
994 3764 1102 3817 τῶν
1142 3763 1320 3818 ποδῶν
1357 3766 1684 3837 ἐρριμμένα,

126 3855 259 3912 λείαν
293 3874 353 3910 τε
388 3856 485 3910 καὶ
524 3854 733 3926 ὁμαλὴν
768 3854 862 3909 τοῦ
893 3854 1082 3910 λοιποῦ
1115 3857 1215 3928 τὴν
1250 3857 1533 3929 βασιλικὴν
1572 3861 1688 3923 τοῖς

127 3952 276 4003 πᾶσιν
314 3949 656 4004 ἀναπετάσαι
702 3948 926 4019 πορείαν
958 3948 1095 4020 (56)·
1148 3949 1321 4004 ταῦτα
1364 3951 1410 4004 δ’
1446 3946 1539 4003 οὖν
1569 3950 1685 4004 δια-

129 4042 341 4113 νοηθεὶς,
385 4043 489 4113 οὐχ
531 4040 766 4095 ὁπλιτῶν
794 4039 943 4111 αὐτῷ
983 4042 1080 4096 καὶ
1122 4043 1357 4114 πλήθους
1391 4060 1688 4115 στρατοπε-

126 4132 255 4198 δείας
284 4136 533 4207 ἡγήσατο
574 4132 683 4186 δεῖν
712 4132 848 4204 πρὸς
883 4132 974 4186 τὸν
1003 4133 1208 4188 τούτων
1248 4134 1488 4204 ἔλεγχον,
1522 4131 1602 4199 εἷς
1631 4135 1689 4189 δὲ

129 4224 270 4296 μόνος
291 4225 441 4297 αὐτῷ
466 4224 563 4278 καὶ⁸
605 4223 854 4295 δεύτερος
882 4223 989 4277 τῶν
1018 4223 1181 4277 αὑτοῦ
1210 4225 1517 4297 γνωρίμων,
1553 4228 1690 4298 πρὸς

128 4318 414 4389 ὑπηρεσίαν
435 4317 742 4389 ἀπήρκουν,
767 4314 861 4379 οὓς
881 4316 961 4370 ἐνὶ
979 4315 1205 4388 νεύματι
1231 4316 1370 4370 κατὰ
1406 4319 1511 4371 πᾶν
1540 4318 1690 4383 ἔθνος

189 4491 293 4564 (52)
333 4491 522 4564 νιιια.⁸
554 4489 871 4564 προσῇκεν
921 4491 1080 4564 ὑμᾶς
1136 4489 1482 4564 φυλάττειν,
1543 4492 1690 4564 Lego

1703 3174 1747 3234 ϐ

1776 1935 2019 1991 neranda
2071 1949 2139 1990 ex
2186 1940 2294 1986 aere
2341 1928 2672 1994 simulacra,
2729 1940 2851 1997 qua:
2889 1937 3045 1980 error
3091 1923 3355 1992 majorum

1780 2029 1964 2084 multis
2006 2025 2119 2096 jam
2163 2023 2320 2079 annis
2350 2020 2638 2091 magnifice
2669 2019 2952 2087 jactabat,
3000 2030 3098 2088 per
3129 2016 3242 2070 fora
3265 2031 3358 2068 ur-

1778 2119 1863 2173 his
1914 2119 1983 2173 ab
2046 2115 2381 2184 imperatore
2432 2108 2827 2180 cognominata:
2859 2145 2877 2170 ,
2930 2108 3169 2160 omnium
3228 2119 3360 2158 ocu-

1781 2211 1851 2265 lis
1893 2207 2138 2277 subjecta
2188 2211 2341 2268 sunt,
2393 2202 2528 2256 adeo
2570 2206 2629 2253 ut
2673 2199 2740 2253 ad
2788 2196 3081 2251 ludibrium
3125 2204 3182 2250 et
3227 2209 3360 2249 con-

1781 2301 2060 2358 tumeliam
2111 2294 2474 2368 spectantium
2522 2300 2775 2362 paterent
2819 2286 3090 2356 expositi,
3128 2287 3217 2340 hic
3249 2286 3357 2355 Py-

1782 2395 1927 2451 thius
1989 2390 2208 2462 Apollo,
2269 2388 2381 2443 illic
2444 2382 2752 2438 Sminthius
2814 2391 2921 2437 :et
2947 2382 3001 2434 in
3047 2380 3164 2448 ipso
3224 2377 3358 2445 qui--

1779 2486 1901 2542 dem
1958 2484 2106 2539 circo
2160 2480 2401 2551 tripodes
2464 2476 2758 2546 Delphici;
2814 2473 2979 2528 Musae
3038 2481 3216 2524 autem
3253 2467 3362 2522 He-

1780 2576 2048 2635 liconides
2104 2575 2159 2629 in
2224 2572 2451 2643 palatio.
2502 2569 2745 2638 Denique
2803 2567 2996 2621 civitas
3052 2563 3141 2616 illa
3196 2561 3355 2631 511

1783 2667 2095 2740 imperatori
2155 2650 2550 2735 cognominis,
2599 2670 2712 2715 tota
2746 2658 2946 2727 passim
3018 2655 3217 2722 repleta
3274 2663 3358 2706 est

1783 2761 1951 2832 signis
2001 2757 2188 2823 :eneis,
2247 2772 2370 2827 qua:
2417 2753 2650 2825 eleganti
2713 2765 2878 2820 opere
2910 2748 3211 2808 elaborata,
3263 2759 3360 2814 per

1782 2851 2029 2924 singulas
2051 2850 2367 2921 provincias
2403 2846 2535 2902 olim
2580 2844 2828 2899 dedicata
2868 2841 3104 2895 fuerant.
3154 2836 3360 2904 Quibus

1782 2963 1906 3002 cum
1945 2945 2200 3002 homines
2238 2942 2432 2998 morbo
2456 2938 2662 2994 erroris
2692 2934 2940 3006 oppressi
2968 2972 2984 2997 ,
3012 2931 3174 2999 longo
3218 2938 3359 2983 tem-

1782 3039 1931 3110 poris
1952 3037 2127 3109 spatio
2157 3045 2422 3090 centenas
2447 3029 2694 3085 victimas
2725 3039 2781 3082 et
2820 3024 3142 3090 holocausta
3178 3021 3358 3076 incas-

1783 3108 1901 3187 sum
1934 3108 2162 3199 perinde
2211 3140 2277 3180 ac
2324 3122 2431 3177 diis
2472 3116 2901 3174 immolavissent
2926 3153 2942 3179 ,
2979 3125 3102 3167 sero
3140 3108 3361 3163 tandem
3448 3110 3452 3114 “

1784 3237 1981 3295 sapere
2010 3219 2344 3281 didicerunt,
2385 3221 2674 3282 postquam
2714 3209 3015 3276 imperator
3054 3204 3250 3258 iisdem
3291 3201 3360 3254 ad

1781 3294 1953 3370 risum
2008 3320 2063 3368 et
2111 3308 2572 3364 oblectamentum
2624 3299 2985 3371 spectantium
3048 3297 3122 3350 titi
3175 3294 3362 3361 coepit.

1785 3405 2094 3463 Simulacra
2124 3414 2256 3456 vero
2286 3414 2356 3455 ex
2385 3410 2519 3451 auro
2572 3392 2897 3454 fabrefacta,
2960 3388 3070 3442 alio
3120 3384 3356 3457 quodam

1782 3504 1929 3556 ultus
1950 3504 2035 3553 est
2055 3492 2238 3549 modo.
2274 3489 2410 3545 Nam
2438 3488 2695 3557 quoniam
2736 3482 3042 3551 imperitam
3081 3478 3358 3533 hominum

1786 3588 2206 3653 multitudinem,
2238 3581 2527 3638 infantium
2558 3579 2725 3631 instar
2749 3615 2765 3639 ,
2812 3571 3121 3644 huiusmodi
3156 3568 3364 3625 erroris

1787 3678 1969 3732 larvas
2008 3690 2075 3731 ex
2104 3686 2238 3728 auro
2272 3678 2610 3739 argentoque
2643 3663 2977 3721 fabrefactas
3004 3660 3201 3715 frustra
3227 3673 3363 3712 con-

1789 3767 2110 3824 tremiscere
2137 3769 2489 3834 cognoverat,
2526 3774 2621 3814 eas
2647 3772 2678 3812 e
2718 3754 2901 3811 medio
2930 3752 3200 3807 tollendas
3242 3762 3365 3805 esse

1786 3860 2032 3923 censuit;
2059 3858 2258 3928 quippe
2287 3870 2407 3927 qua:
2428 3853 2578 3909 velut
2609 3851 2914 3918 fragmenta
2950 3846 3195 3916 quaedam
3231 3843 3368 3910 lapi-

1788 3954 1913 4009 dum
1938 3958 2145 4016 essent,
2168 3954 2293 4002 ante
2320 3944 2486 4016 pedes
2511 3943 2792 3999 hominum
2826 3940 2879 3993 in
2912 3937 3104 3992 mediis
3131 3932 3368 3989 tenebris

1789 4044 2181 4101 ambulantium
2237 4040 2524 4111 projecta,
2588 4036 2920 4108 planumque
2987 4032 3242 4098 deinceps
3312 4034 3369 4080 et

1788 4136 2052 4209 aequabile
2081 4135 2184 4189 iter
2216 4133 2316 4187 via:
2352 4132 2516 4202 regia:
2560 4128 2777 4185 cunctis
2826 4139 2943 4179 esse
2976 4120 3363 4192 aperiendum:

1789 4247 1909 4302 qua:
1936 4246 2060 4287 cum
2110 4227 2255 4297 apud
2287 4242 2346 4281 se
2375 4230 2724 4295 reputasset,
2771 4236 2876 4274 non
2912 4216 3132 4271 militari
3166 4228 3364 4279 manu,

1791 4333 1897 4379 nec
1950 4321 2193 4378 exercitu
2230 4318 2296 4372 ad
2334 4318 2447 4371 haec
2504 4313 2848 4383 reprimenda
2900 4308 3001 4363 sibi
3063 4321 3200 4375 opus
3246 4319 3369 4359 esse

1795 4514 2012 4555 crorum
2046 4495 2327 4550 eversione
2355 4492 2618 4546 Eusebius
2648 4496 2834 4543 noster
2863 4487 2914 4539 in
2947 4481 3257 4555 sermoue2
3298 4480 3367 4534 de

129 4537 410 4635 προσηκον,
440 4537 524 4614 ἴθι
562 4537 852 4684 προσὲκει,
876 4570 933 4613 ιιι
956 4537 1173 4632 ’Τοίςῖεεῖ
1200 4563 1418 4616 videtur
1444 4537 1686 4618 libr-ista

129 4638 442 4684 nlmrsonus.
481 4630 540 4684 In
571 4633 699 4684 sche
741 4632 784 4684 is
815 4630 997 4684 Regiis
1019 4634 1282 4684 scrintum
1314 4634 1490 4684 reneri
1523 4653 1686 4684 ποοσ-

1795 4537 2618 4623 ἶὲέὸῖἓέοῆοἷίἐῖιέῗεέι-ἷῦἶῖῗῖ
2640 4537 3056 4625 ίίύῖιιέἐειιιίιοε
3088 4553 3367 4605 audebunt

1805 4640 2008 4684 dinem-
2051 4638 2176 4684 nnia
2210 4643 2455 4684 mortuus
2489 4640 2571 4684 est
2619 4638 2673 4684 et
2727 4643 2834 4683 non
2884 4622 3205 4679 resurrexit.
3247 4619 3366 4674 Non

127 4630 442 4714 pliorsonus.
481 4630 540 4714 [.n
571 4630 784 4685 schedis
815 4630 997 4701 Regiis
1019 4630 1282 4703 Scriptum
1314 4634 1490 4700 reperi
1523 4653 1694 4706 προσ-

126 4712 267 4773 ηκον,
298 4712 358 4755 ιιι
385 4712 754 4773 conieceram.

190 4773 298 4842 (55)
333 4773 440 4826 Ἐν
478 4767 746 4842 ἀγοραῖς.
785 4771 1121 4827 Sozomenus
1155 4771 1207 4825 in
1244 4771 1340 4826 lib.
1378 4786 1438 4837 ll,
1479 4782 1600 4842 cap.
1636 4767 1696 4842 ‘4,

127 4839 208 4897 ubi
250 4839 422 4896 totum
477 4839 641 4893 hunc'
668 4840 885 4910 Eusebii
942 4844 1116 4896 locum
1173 4842 1336 4910 plane
1382 4839 1696 4906 descripsit,

128 4911 276 5052 labia
304 4911 452 5036 κᾶιτά
475 4910 577 4974 τάς
608 4909 826 4977 ἀγυιὰς,
866 4912 958 4964 καὶ
996 4911 1087 4965 τὸν
1110 4909 1442 4982 ἱππόδρομον
1491 4910 1585 4962 καὶ
1629 4910 1699 4963 τὰ

194 5001 322 5036 σιει
368 5025 382 5037 .

194 4999 382 5037 σιλεια.

195 5054 308 5135 (δὴ
350 5051 472 5135 χ’ὰς
502 5050 569 5132 ,δ’
609 5047 1000 5135 Ἑλικωνίδας
1028 5052 1267 5135 τιιερύονᾳς
1288 5052 1375 5133 ,ἐν
1406 5050 1695 5135 gradatio).

130 5122 458 5177 Themistius
502 5122 556 5174 in
587 5122 836 5176 oratione
865 5123 899 5177 5
933 5124 1002 5177 ad
1032 5122 1395 5176 Theodosium
1422 5122 1574 5175 testis
1594 5130 1698 5185 est,

130 5192 399 5247 Musarum
433 5199 644 5247 statuas
672 5190 838 5245 fuisse
862 5192 916 5245 in
948 5195 1097 5247 curia
1119 5188 1699 5258 Constantiuop.ldem

130 5262 181 5344 in
201 5263 452 5344 oratione
480 5261 554 5344 ad
577 5273 824 5344 senatum
843 5262 983 5330 Περὶ
1009 5260 1356 5344 προεδρίας-,ῃ
1379 5262 1454 5341 ait.
1480 5275 1572 5314 eas
1594 5269 1703 5315 sta-

131 5342 249 5412 tuas
275 5333 408 5388 hinc
441 5342 499 5412 et
532 5331 656 5385 inde
682 5331 978 5388 collocatas
1018 5331 1184 5412 fuisse
1212 5332 1413 5412 duplici
1453 5345 1699 5395 numero,

136 5402 206 5457 ita
237 5414 296 5456 ut
322 5418 431 5457 non
450 5401 567 5468 jam
594 5416 789 5456 novem
814 5411 1022 5468 essent,
1056 5403 1152 5456 sed
1173 5401 1497 5456 octodecim.

197 5472 307 5543 (55)
334 5472 538 5540 Ἀλλῃ
565 5484 649 5538 πη
677 5471 1210 5542 μετήρχετοΑΕιεο
1232 5470 1446 5543 quidem
1479 5470 1701 5543 deorum

137 5540 423 5598 simulacra
447 5540 837 5614 Constantinus
866 5540 1182 5614 Byzantium
1212 5540 1402 5593 devehi
1429 5540 1611 5614 jussit,
1645 5550 1703 5594 ut

138 5614 317 5668 urbem
352 5613 503 5666 illam
528 5613 835 5681 huiusmodi
875 5610 1065 5682 spoliis
1084 5618 1394 5682 exornaret.
1446 5610 1702 5676 Quaecun-

53 5712 57 5716 »
136 5698 233 5752 que
253 5699 388 5738 vero
411 5698 479 5737 ex
518 5679 653 5735 auro
684 5679 1022 5753 argentoque
1071 5679 1365 5753 fabrefacta
1419 5690 1607 5753 erant,
1636 5697 1697 5737 ea

138 5751 353 5809 conﬂari
407 5764 464 5807 et
507 5751 771 5807 nummos
788 5768 855 5807 ex
899 5754 964 5807 iis
1011 5752 1125 5805 fieri
1163 5751 1345 5820 jussit,
1380 5751 1455 5803 uti
1505 5752 1700 5807 scribit

140 5823 475 5881 Sozomenus
501 5822 554 5876 in
576 5822 669 5875 lib.
696 5838 753 5886 ιι,
788 5840 906 5892 cap.
926 5824 1084 5892 (equi
1112 5819 1255 5892 hunc
1281 5819 1493 5875 Eusebii
1526 5822 1700 5877 locum

141 5898 339 5960 optime
377 5896 789 5963 interpretatur.
826 5891 898 5951 De
925 5891 1026 5950 hac
1061 5891 1378 5961 templorum
1404 5902 1455 5947 et
1478 5894 1701 5949 simula-

1805 4619 2009 4703 dicere,
2030 4619 2177 4706 quia
2210 4643 2455 4690 mortuus
2489 4640 2571 4706 est
2619 4638 2682 4706 et_
2709 4619 3205 4706 .non'resurreitt‘it.
3247 4619 3366 4701 Non

1802 4691 2144 4779 quaero'quid
2193 4707 2413 4779 dicant,
2469 4703 2561 4757 sed
2593 4699 2727 4770 quid
2776 4696 3070 4779 patiantur.
3114 4692 3170 4746 Si
3221 4691 3367 4779 enim

1804 4761 2174 4833 alta—nt‘edrum
2202 4761 2419 4843 templa,
2446 4788 2556 4827 non
2574 4761 2895 4826 resurrexit.
2930 4762 2984 4817 Si
3010 4777 3114 4816 non
3138 4761 3369 4843 caullata

1805 4829 2140 4903 sinitaut-uni
2173 4829 2464 4900 simu-Iaera
2492 4852 2615 4912 post
2655 4854 2893 4912 crucem,
2915 4850 3025 4912 non
3069 4829 3372 4912 resurrexit

1805 4921 1895 4989 qui
1926 4918 2337 4989 arguiteaqua:
2354 4928 2458 4989 non
2486 4905 2696 4989 vivunt.
2728 4928 2747 4959 ι
2785 4906 2851 4960 Et
2878 4905 3324 4989 aliquandonpost
3350 4915 3367 4952 :

1811 4972 1840 5040 ἶ
1874 4972 2266 5043 Νοιιυὶηνοιιίέε
2290 4984 2459 5039 solem
2492 4982 2805 5043 clariorem,
2830 4976 2896 5029 ad
2936 4972 3369 5043 satisfactionem

1807 5042 2224 5113 resurrectionis
2244 5053 2476 5117 Domini,
2508 5049 2786 5123 gentilium
2798 5044 3057 5123 _quo_tid_ie
3086 5042 3373 5123 deficiente

1806 5129 2038 5184 cultura.
2093 5114 2537 5182 Protenduntu'r'
2565 5128 2743 5174 autem
2798 5114 3053 5171 Ecclesiae
3098 5115 3264 5176 bona,
3317 5118 3375 5163 et

1807 5200 2368 5270 quotidiecrescuut.
2405 5212 2424 5245 ι
2612 5260 2623 5270 .
2734 5256 2775 5270 Ἄ
2845 5256 2913 5270 Δ.
3096 5208 3101 5213 .

1879 5269 1992 5342 (56)
2032 5256 2864 5342 ἈναπετάσαιαορείαῃΡοει
2898 5256 2999 5342 has
3024 5266 3209 5342 voces,
3251 5262 3375 5342 quae

1807 5317 2116 5412 sequulntur
2147 5317 2315 5412 usque
2339 5334 2406 5387 ad
2434 5317 2548 5412 haec
2575 5329 2737 5412 verba
2757 5323 2887 5412 ποῖον.
2905 5326 2969 5395 δὴ
2993 5324 3086 5412 κα).
3126 5317 3375 5412 βασιλεὺς

1807 5390 2407 5481 όνθῚαυμάσιοςηῖεεοιιῑ
2435 5404 2486 5455 in
2521 5401 2712 5472 codice
2757 5397 2928 5466 Regio
2958 5390 3020 5481 ξι
3059 5390 3376 5481 ἱιιιςιίίιὲὶοιιο

1812 5457 2512 5547 Ῐὶοῦίὲἶερἶἇιιῖξλᾴᾑξοιο
2542 5457 2868 5547 suilla-utsin
2901 5480 2931 5519 a
2959 5457 3377 5547 Grutero,_Por-

1812 5553 1950 5609 tesio
1978 5562 2031 5605 et
2075 5539 2599 5612 'Christoph'orsonoi
2632 5539 2889 5612 aliisque,
2932 5550 2998 5589 ex
3048 5542 3378 5612 panegyrici)

1810 5598 2031 5678 Εἶὲὲιῆἰ
2065 5598 2221 5672 ein
2247 5598 2466 5682 scriptis
2486 5598 2965 5682 codicib_us.'_(_l_erte
2990 5598 3089 5658 nos
3117 5603 3169 5654 in
3193 5598 3381 5682 codice

1812 5693 2110 5748 Fuketiano
2144 5703 2207 5742 ea
2240 5678 2568 5753 reperimus,
2598 5689 2654 5733 et
2677 5678 2916 5732 Savilius
2954 5679 3008 5729 in
3065 5685 3166 5727 suo
3195 5681 3384 5726 exem-

1810 5766 1944 5834 plari
1986 5762 2173 5818 eadem
2210 5765 2428 5811 exstare
2456 5760 2760 5807 monuerat.
