3864 6486
555 323 690 378 ειεδ
1298 320 1565 375 EUSEBII
1603 316 2079 376 cmsamassrs
2114 315 2263 372 opp.
2305 314 2488 370 psus
2524 312 2646 368 1.-
2682 312 3073 370 HISTOBICA.
3628 318 3748 376 ιηι

548 435 704 490 malis
750 443 805 490 et
845 434 1243 491 calamitatibus
1294 433 1431 489 alios
1482 434 1844 489 liberaturum
1886 448 1948 488 se
1992 447 2097 486 εδει

2226 430 2362 483 Ἀλλ’
2398 431 2495 482 οὐκ
2529 430 2586 481 ὲν
2623 428 2811 499 μύθοις
2837 423 2903 500 ἦν
2934 429 3003 482 τά
3041 426 3134 482 τοῦ
3182 428 3464 500 ἡμεδαποῦ
3520 428 3747 500 βασιλέως

546 526 861 596 spondebat,
896 524 1100 579 nullum
1134 527 1248 593 ipse
1278 525 1575 580 remedium
1619 525 1820 593 reperit
1856 538 1962 592 quo
1987 537 2097 577 sesc

2211 523 2328 593 Θεῷ
2361 520 2734 591 κεχαρισμένα
2776 519 3194 593 κατορθώματα⁸
3240 520 3309 573 δι’
3350 521 3599 592 ἐναργοῦς
3628 523 3679 576 δέ
3705 528 3745 592 γ’

549 624 819 681 tueretur,
850 630 953 670 non
985 616 1157 686 magis
1187 631 1348 686 quam
1373 631 1496 671 cum
1532 615 1758 671 fulmine
1791 628 2097 684 percussum

2211 611 2411 682 ἀρετῆς
2452 609 2546 662 τοῦ
2594 608 2759 662 αὐτοῦ
2804 610 3074 680 Σωτῆρος,
3133 609 3450 682 αὐτόρριζος
3484 612 3746 684 καὶὸτῇδε

547 721 672 763 eum
721 707 887 761 fuisse
928 706 1125 761 fabulae
1153 706 1381 778 tingunt.
1437 709 1508 762 At
1546 723 1653 762 non
1709 707 1836 761 item
1870 704 2097 760 fabulosa

2211 702 2345 765 νεὼς
2369 700 2713 772 ἀνετρέπετο,
2735 698 2812 763 ὡς
2837 700 2953 771 μηδ’
2982 701 3123 772 ἴχνος
3145 699 3330 754 αὐτόθι
3352 700 3452 769 τῆς
3477 699 3743 771 ἔμπροσθεν

547 797 765 853 fuerunt
792 800 1131 867 imperatoris
1168 800 1336 854 nostri
1376 799 1655 867 facinora,
1707 800 1815 854 Deo
1866 797 2097 867 inprimis

2214 792 2620 866 περιλελεῖφθαι
2649 791 2866 855 μανίας.

544 902 791 961 accepta;
831 893 927 945 sed
957 907 1055 962 per
1084 893 1584 949 manifestissimam
1626 894 1798 963 ipsius
1830 891 2142 947 Servatoris
2180 889 2288 941 vim
2315 900 2477 956 atque
2505 886 2781 949 virtutem,
2837 886 2940 939 hoc
2975 886 3230 954 templum
3278 901 3381 940 una
3424 900 3540 939 cum
3567 889 3743 942 ceteris

544 985 808 1041 radicitus
836 1000 1084 1040 eversum
1110 996 1210 1049 est,
1236 987 1372 1042 adeo
1413 998 1470 1040 ut
1499 988 1743 1057 pristinae
1781 988 2009 1043 insaniae
2042 1000 2107 1039 ne
2135 984 2418 1052 vestigium
2452 981 2666 1051 quidem
2706 982 2871 1034 ullum
2909 981 3102 1035 ibidem
3134 983 3469 1038 remanserit.

1102 1073 1333 1130 CAPUT
1385 1074 1539 1130 LVII.

614 1167 886 1227 Ottomodo
941 1166 1176 1236 gentiles,
1211 1167 1478 1221 damnatis
1535 1168 2035 1231 simulacris,0eum

1143 1246 1492 1305 agnoverunt.

609 1326 795 1397 Itaque
850 1335 1117 1396 quotquot
1165 1337 1328 1383 antea
1381 1329 1759 1397 superstitioso
1804 1329 2103 1383 datmonum

537 1415 710 1472 cultui
737 1416 937 1470 addicti
976 1413 1210 1479 fuerant,
1242 1430 1365 1471 cum
1394 1433 1638 1473 errorem
1667 1433 1824 1472 suum
1857 1416 2106 1471 confuta-

538 1517 650 1562 tum
677 1507 849 1563 oculis
876 1508 990 1562 suis
1021 1507 1297 1573 viderent,
1330 1517 1385 1563 et
1414 1510 1655 1563 omnium
1711 1509 1910 1578 ubique
1974 1518 2105 1563 tem-

536 1600 748 1671 plorum
794 1615 858 1655 ac
909 1600 1329 1655 simulacrorum
1370 1601 1682 1656 vastitatem
1740 1601 2102 1667 intuerentur,

537 1692 631 1746 alii
661 1691 727 1745 ad
759 1691 1051 1746 salutarem
1079 1691 1283 1746 Christi
1309 1692 1610 1746 doctrinam
1642 1708 1701 1747 se
1729 1692 2101 1748 conferebant:

2723 1073 3116 1126 ΚΕΦΑΛΑΙΟΝ
3145 1075 3271 1127 NZ'.

2210 1162 2341 1229 Πῶς
2397 1166 2452 1217 οἱ
2504 1163 2814 1235 Ἕλληνες,
2853 1165 3255 1232 καταγνόντες
3320 1164 3439 1218 τῶν
3486 1166 3741 1235 εἰδώλων,

2525 1232 2899 1301 ἐπέστρεφον
2942 1237 3030 1299 εὶς
3077 1236 3468 1304 θεογνωσίαν.

2280 1325 2483 1388 Πάντες
2523 1325 2567 1378 δ’
2592 1328 2640 1378 οἱ
2677 1325 2807 1396 πρὶν
2857 1325 3269 1397 δεισιδαίμονες,
3303 1328 3396 1381 τὸν
3434 1328 3637 1398 ἔλεγχον
3660 1330 3741 1400 τῆς

2210 1415 2388 1469 αὐτῶν
2422 1415 2628 1485 πλάνης
2667 1417 2859 1480 αὑταῖς
2897 1416 3082 1486 ὄψεσιν
3119 1417 3373 1489 ὁρῶντες,
3405 1417 3511 1470 τῶν
3544 1418 3589 1470 θ’
3611 1419 3739 1472 ἀπαν-

2211 1510 2374 1581 ταχοῦ
2406 1510 2538 1564 νεῶν
2588 1528 2645 1564 τε
2686 1512 2782 1565 καὶ
2841 1511 3145 1584 ἱδρυμάτων
3190 1512 3339 1584 ἔργῳ
3382 1510 3624 1582 θεώμενοι

2208 1601 2463 1675 ἐρημίαν,
2496 1605 2544 1655 οἱ
2581 1604 2680 1673 μὲν
2714 1602 2791 1673 τῷ
2832 1604 3083 1675 σωτηρίῳ
3115 1603 3491 1676 προσέφευγον
3534 1602 3673 1674 λόγῳ,
3697 1606 3734 1655 οἱ

2206 1691 2271 1755 δ’,
2307 1694 2355 1745 εἰ
2384 1692 2477 1744 καὶ
2505 1691 2661 1745 τοῦτο
2689 1692 2763 1764 μὴ
2789 1692 3074 1765 ἔπραττον,
3092 1693 3194 1765 τῆς
3216 1693 3349 1763 γοῦν
3381 1693 3620 1765 πατρῴας
3638 1712 3736 1747 κατ-

536 1781 661 1848 alii,
703 1782 827 1837 licet
862 1782 1002 1837 idem
1031 1781 1211 1837 facere
1249 1782 1471 1847 nollent,
1513 1783 1772 1850 majorum
1804 1792 1979 1838 tamen
2004 1800 2097 1839 ca:-

2211 1786 2496 1855 εγίνωσκον
2552 1785 2937 1857 ματαιότητος,
2976 1785 3180 1854 ἐγέλων
3243 1802 3307 1839 τε
3341 1787 3435 1839 καὶ
3481 1785 3735 1854 κατεγέλων

536 1870 811 1927 remouias
836 1910 853 1938 ,
893 1879 1081 1939 utpote
1118 1885 1288 1925 vanas
1339 1880 1500 1940 atque
1558 1869 1746 1925 inanes
1777 1870 2106 1924 condemna-

536 1966 673 2020 bant
696 2004 714 2029 ,
742 1974 795 2018 et
816 1978 952 2034 quos
975 1973 1131 2018 antea
1153 1977 1250 2031 pro
1276 1963 1379 2018 diis
1398 1963 1738 2025 habuissent,
1764 1961 2102 2017 deridebant.

537 2056 734 2123 Quidni
766 2058 984 2111 veroita
1006 2057 1293 2120 sentirent,
1320 2070 1443 2110 cum
1481 2056 1578 2109 sub
1614 2064 1837 2110 externa
1885 2055 2106 2109 simula-

540 2164 753 2203 crorum
789 2149 969 2218 specie
1004 2158 1210 2202 tantam
1261 2147 1409 2201 intus
1456 2146 1722 2202 latentem
1786 2149 2102 2216 spurcitiem

540 2239 873 2294 cernerent?
929 2238 1061 2293 Nam
1098 2250 1190 2293 aut
1223 2239 1544 2293 cadaverum
1595 2252 1743 2301 ossa,
1802 2247 1896 2292 aut
1941 2239 2107 2294 arida:

536 2330 789 2385 calvariae
816 2331 1099 2397 suberant,
1147 2329 1504 2400 impostorum
1541 2327 1703 2400 514
1732 2327 1926 2384 fraude
1976 2331 2103 2384 sub-

536 2431 704 2489 repta:
742 2435 757 2473 :
787 2431 877 2474 aut
908 2421 1110 2475 sordidi
1147 2422 1308 2491 panni
1360 2420 1505 2489 turpi
1535 2421 1874 2475 immunditia
1900 2419 2104 2484 referti,

547 2519 644 2564 aut
675 2511 910 2580 denique
943 2511 1053 2565 feni
1106 2527 1171 2567 ac
1202 2511 1410 2581 Stipultc
1436 2526 1685 2567 acervus.
1727 2511 1857 2578 Quae
1889 2526 2011 2566 cum
2053 2512 2105 2566 in

539 2601 908 2673 penetralibus
939 2604 1359 2658 simulacrorum
1405 2604 1584 2657 anima
1628 2603 1933 2657 carentium
1982 2618 2108 2658 con-

541 2704 690 2764 gesta
740 2694 1069 2764 aspicerent,
1118 2704 1175 2749 et
1226 2708 1382 2749 suam
1434 2701 1489 2748 et
1545 2702 1830 2762 parentum
1887 2707 2104 2747 suorum

540 2798 805 2839 summam
865 2783 1192 2839 dementiam
1264 2783 1643 2837 incusabant:
1688 2783 1922 2836 maxime
1984 2797 2107 2836 cum

539 2872 1057 2939 animadverterent,
1084 2872 1138 2926 in
1174 2872 1288 2926 suis
1315 2872 1422 2927 illis
1465 2872 1666 2943 adytis,
1698 2881 1862 2940 atque
1892 2872 1947 2925 in
1975 2872 2106 2941 ipsis

536 2962 841 3017 simulacris
866 2962 1067 3017 nullum
1084 2978 1205 3018 esse
1221 2963 1366 3019 intus
1389 2963 1725 3017 habitantem
1748 3004 1763 3029 ,
1787 2978 1890 3017 nou
1910 2963 2108 3019 daemo-

539 3069 662 3109 nem
710 3056 930 3110 oracula
973 3055 1327 3122 fundentem,
1377 3069 1484 3110 non
1533 3056 1691 3110 deum
1729 3049 2106 3124 praedicentem

2205 1878 2313 1931 τῶν
2347 1878 2512 1931 πάλαι
2544 1876 2912 1950 νομιζομένων
2950 1879 3134 1942 αὐτοῖς
3174 1877 3335 1932 θεῶν·
3379 1879 3473 1932 καὶ
3514 1879 3619 1941 πῶς
3651 1878 3735 1950 γὰρ

2204 1971 2303 2024 οὐκ
2327 1970 2545 2041 ἔμελλον
2587 1970 2728 2023 οὕτω
2780 1973 3015 2041 φρονεῖν,
3067 1971 3164 2041 τῆς
3214 1969 3415 2037 ἔξωθεν
3445 1969 3544 2022 τῶν
3572 1967 3733 2035 anm;

2206 2063 2505 2132 φαντασίας
2527 2061 2783 2134 πλείστην
2806 2064 2940 2133 ὅσην
2964 2063 3192 2135 μιαρίαν
3230 2062 3365 2115 εἴσω
3398 2062 3732 2133 κεκρυμμένην

2204 2155 2469 2226 όρῶντες;
2496 2156 2563 2207 Ἣ
2594 2154 2702 2226 γὰρ
2730 2153 2938 2226 νεκρῶν
2969 2154 3235 2226 σωμάτων
3261 2153 3405 2225 ὑπῆν
3434 2154 3599 2215 ὀστέα,
3626 2152 3731 2224 ξηρά

2204 2263 2265 2300 τε
2294 2248 2508 2317 κρανία,
2547 2247 2756 2318 γοήτων
2789 2246 3133 2319 περιεργίαις
3183 2246 3597 2317 ὲσκευωρημένα
3624 2245 3726 2314 (68).

2206 2336 2239 2407 ἢ
2278 2337 2534 2407 ῥυπῶντα
2559 2337 2701 2409 ρἀη
2732 2335 3019 2408 βδελυρίας
3057 2337 3289 2408 αἰσχρᾶς
3316 2334 3540 2406 ἔμπλεα,
3570 2336 3599 2406 ἦ
3634 2335 3729 2405 κόρα

2205 2445 2298 2480 του
2336 2429 2429 2482 καὶ
2455 2428 2706 2499 καλάμης
2744 2428 2996 2499 φορυτός’
3033 2426 3069 2480 ἃ
3111 2426 3176 2498 δὴ
3223 2426 3333 2480 τῶν
3367 2426 3574 2496 ἀψύχων
3614 2425 3730 2487 ἐνεὶς

2210 2521 2591 2591 σεσωρευμένα
2647 2520 2958 2592 θεωμένοις,
3008 2521 3191 2583 αὐτοῖς
3228 2536 3288 2572 τε
3322 2522 3430 2572 ’καὶ
3462 2521 3561 2581 τοῖς
3590 2516 3730 2571 αὐτῶν

2208 2611 2471 2681 πατράσι,
2495 2610 2694 2682 πολλὴν
2720 2608 2983 2681 λογισμοῦ
3013 2609 3327 2682 ἀφροσύνην
3354 2608 3731 2680 κατεμέμφοντο,

2208 2697 2295 2749 ὅτε
2321 2696 2531 2767 μάλιστ’
2562 2696 2826 2757 ἐνενόουν,
2866 2696 2943 2759 ὼς
2975 2696 3151 2758 οὐδεὶς
3184 2696 3294 2766 ἄρα
3319 2690 3388 2765 ἦν
3416 2695 3471 2748 ὲν
3502 2697 3601 2755 τοῖς
3632 2692 3731 2744 ἁδύ-

2206 2805 2318 2851 τοις
2350 2787 2526 2841 αὐτῶν
2554 2791 2762 2858 μυχοῖς,
2790 2787 2898 2841 οὐδ’
2919 2789 2976 2840 ἐν
3010 2788 3193 2850 αὐτοῖς
3214 2786 3517 2857 ἀγάλμασιν
3548 2784 3732 2844 ἓνοικος,

2207 2879 2267 2932 οὐ
2289 2878 2515 2948 δαίμων,
2553 2878 2612 2932 οὐ
2654 2877 2977 2949 χρησμῳδὸς
3012 2877 3153 2950 (69),
3186 2880 3248 2932 οὐ
3283 2876 3425 2943 θεὸς,
3465 2877 3520 2929 οὐ
3560 2876 3731 2946 μάντις.

2206 2965 2294 3023 οἷα
2315 2968 2379 3039 δὴ
2405 2970 2464 3021 τὸ
2493 2970 2621 3040 πρὶν
2658 2969 3057 3040 ὑπελάμϐανον,
3092 2968 3207 3023 ἀλλ’
3245 2968 3356 3022 οὐδ’
3392 2967 3612 3039 ἀμυδρόν
3641 2964 3732 3033 τιῆ

2210 3059 2431 3123 σκιῶδες
2465 3061 2774 3131 φάντασμα.
2818 3061 2908 3113 Διὸ
2941 3060 3004 3132 δὴ
3047 3059 3355 3132 προχείρως
3385 3062 3493 3122 τοῖς
3520 3060 3577 3110 ἐκ
3616 3055 3732 3126 βασι-

534 3145 740 3212 futura,
788 3146 1250 3218 quemadmodum
1311 3145 1411 3201 sibi
1462 3156 1616 3201 antea
1673 3123 2097 3216 persuaserant:

2211 3150 2343 3214 λέως
2380 3123 2816 3221 καταπεμφθεῖσι
2848 3153 2958 3204 πᾶν
3306 3152 3495 3223 ἄντρον
3537 3123 3624 3203 καὶ.
3652 3148 3733 3209 πᾶς

535 3240 648 3296 imo
712 3254 780 3294 ne
847 3241 1138 3295 obscurum
1191 3238 1409 3308 quidem
1469 3253 1534 3293 ac
1589 3237 1932 3293 tenebrosum
1983 3251 2104 3305 spe-

534 3343 733 3388 ctrum.
773 3331 952 3401 Atque
993 3330 1195 3385 idcirco
1242 3330 1468 3399 quodvis
1523 3328 1609 3383 vel
1659 3328 2098 3383 obscurissimum

536 3432 749 3479 antrum
777 3433 833 3478 et
861 3420 1185 3476 abditissimi
1221 3423 1425 3491 quique
1474 3433 1756 3483 recessus,
1793 3418 1860 3472 iis
1912 3420 2003 3488 qui
2031 3419 2100 3472 ab

532 3515 862 3585 imperatore
894 3514 1047 3570 missi
1073 3523 1230 3570 erant
1259 3511 1415 3567 facile
1438 3520 1724 3582 patuerunt
1753 3510 1946 3581 :adyta
1969 3511 2097 3580 quin

532 3609 699 3663 etiam
734 3616 789 3663 et
817 3607 1092 3661 inaccessa
1135 3605 1284 3676 prius
1336 3604 1476 3670 loca,
1504 3604 1727 3674 ipsaque
1776 3601 2097 3672 templorum

2206 3244 2512 3317 ἀπόρρητος
2539 3246 2705 3317 μυχὸς
2729 3245 2890 3315 βατὸς
2913 3241 3002 3316 ἦν,
3037 3245 3215 3299 ἄϐατά
3253 3262 3314 3298 τε
3356 3246 3451 3298 καὶ
3483 3243 3646 3305 ἄδυτα,
3672 3242 3729 3292 ls-

2208 3332 2317 3404 ρῶν
2341 3351 2399 3387 τε
2424 3334 2491 3388 τά
2518 3333 2802 3395 ἐνδοτάτω,
2840 3337 3253 3405 στρατιωτικοῖς
3302 3335 3632 3389 κατεπατεῖτο
3655 3330 3729 3400 βή-

2206 3432 2388 3495 μασινο
2420 3424 2547 3479 ὥστ’
2581 3428 2785 3496 ἐναργῆ
2811 3428 2922 3489 τοῖς
2963 3428 3131 3480 πᾶσιν
3158 3429 3225 3480 ὲκ
3251 3426 3417 3479 τῶνδε
3448 3426 3574 3496 (69')
3600 3422 3728 3477 κατά-

2204 3530 2385 3585 φωρον
2409 3514 2685 3583 γεγονέναι
2713 3516 2811 3586 τὴν
2833 3515 2891 3582 ἐξ
2918 3515 3111 3582 αἰῶνος
3139 3516 3354 3590 μακροῦ
3381 3517 3485 3571 τῶν
3515 3515 3728 3585 Ἑλλήνων

2202 3606 2456 3660 ἁπάντων
2490 3609 2982 3678 κατακρατήσασαν
3011 3608 3253 3674 διανοίας
3285 3611 3545 3681 πήρωσιν.

531 3697 852 3769 penetralia,
886 3697 1118 3753 militum
1162 3696 1413 3767 vestigiis
1466 3695 1801 3752 terebautur.
1870 3694 1950 3748 Ex
1997 3710 2104 3765 quo
2156 3696 2491 3767 deprehensa
2524 3708 2581 3752 et
2634 3708 2961 3754 cunctorum
3014 3701 3190 3757 oculis
3226 3702 3476 3772 exposita
3506 3710 3581 3754 est
3603 3698 3725 3753 caci-

533 3796 619 3846 tas
644 3791 861 3855 mentis,
887 3803 1005 3859 qua:
1032 3787 1258 3859 gentiles
1296 3802 1487 3843 omnes
1508 3786 1833 3859 jampridem
1868 3784 2136 3842 involutos
2169 3794 2412 3844 tenebat.

1088 3878 1323 3935 CAPUT
1362 3878 1542 3936 LVIII.

536 3969 811 4039 Quomodo
860 3973 1001 4041 apud
1032 3971 1374 4041 Heliopolim,
1395 3971 1656 4025 destructo
1700 3968 1914 4025 Veneris
1947 3969 2096 4039 fano,

882 4044 1084 4110 primus
1121 4042 1393 4096 ecclesiam
1436 4043 1748 4095 construxit.

604 4135 780 4208 Atque
810 4135 925 4194 haec
962 4137 1104 4191 inter
1155 4134 1416 4206 pra-clara
1470 4133 1811 4203 imperatoris
1856 4131 2099 4187 facinora

535 4230 735 4286 merito
762 4237 1180 4293 recenseantur;
1223 4227 1370 4283 sicut
1399 4237 1456 4281 et
1486 4225 1577 4279 illa
1620 4239 1741 4294 qua:
1782 4224 2097 4295 singillatim

533 4322 589 4375 in
620 4323 788 4378 variis
816 4323 1110 4394 provinciis
1149 4320 1448 4378 constituit.
1497 4318 1807 4389 Cujusmodi
1856 4317 1982 4371 illud
2007 4323 2099 4385 est

532 4415 678 4483 quod
715 4413 768 4468 in
805 4414 938 4468 urbe
980 4412 1267 4468 Phoenices
1321 4408 1579 4481 Heliopoli
1637 4410 1706 4463 ab
1760 4422 1826 4463 eo
1886 4419 2095 4476 gestum

531 4506 787 4561 vidimus.
836 4505 952 4572 Qua
984 4506 1036 4560 in
1064 4506 1198 4560 urbe
1225 4504 1455 4576 gentiles
1496 4501 1710 4571 quidem
1749 4501 1839 4570 qui
1883 4501 2090 4555 obscae-

533 4612 658 4651 nam
704 4596 980 4652 libidinem
1042 4600 1154 4651 deae
1219 4596 1441 4651 Veneris
1492 4592 1759 4647 vocabulo
1817 4590 2094 4656 alliciunt;

536 4689 794 4744 uxoribus
822 4704 885 4743 ac
926 4687 1136 4743 filiabus
1170 4689 1283 4743 suis
1316 4685 1488 4755 stupri
1523 4685 1738 4753 impune
1776 4681 2094 4737 admitteudi

2701 3885 3097 3942 ΚΕΦΑΛΑῙΟΝ
3141 3887 3277 3941 NH’.

2207 3974 2396 4040 Ὅπως
2426 3973 2501 4047 ar,
2544 3972 2913 4031 Ἡλιουπόλει
2953 3977 3068 4047 τὴν
3108 3976 3454 4047 Ἀφροδίτην
3490 3974 3724 4037 καθελὼν,

2480 4046 2819 4114 ἐκκλησίαν
2853 4046 3205 4117 ᾠκοδόμησε
3248 4046 3495 4117 πρῶτος.

2276 4137 2387 4190 Καὶ
2411 4136 2582 4191 ταῦτα
2616 4137 2661 4191 δ’
2689 4138 2754 4192 ἀν
2786 4155 2870 4202 τις
2912 4138 3025 4210 (70)
3074 4142 3190 4203 τοῖς
3240 4139 3498 4210 βασιλέως
3549 4137 3725 4196 εἰκότως
3828 4132 3829 4141 “

2202 4227 2426 4298 ἀναθείη
2459 4227 2897 4299 κατορθώμασιν,
2939 4228 3131 4301 ὥσπερ
3166 4225 3260 4284 οὖν
3304 4231 3397 4284 καὶ
3439 4230 3505 4284 τὰ
3534 4226 3726 4301 μερικῶς

2203 4318 2323 4373 καθ’
2357 4319 2583 4373 ἕκαστον
2617 4319 2769 4383 ἔθνος
2801 4321 2948 4390 αὑτῷ
2989 4320 3369 4392 διαταχθέντα·
3404 4318 3509 4374 οἷον
3546 4321 3626 4372 ἐπὶ
3648 4317 3725 4386 τῆς

2200 4409 2458 4464 Φοινίκων
2495 4409 2904 4477 Ἡλιουπόλεως,
2938 4407 3109 4483 ἐφ’ἦς
3130 4413 3180 4465 oi
3225 4411 3455 4482 μὲν-τὴν
3481 4411 3725 4465 ἀκόλαστον

2201 4502 2393 4574 ἡδονὴν
2435 4503 2701 4574 τιμῶντες
2737 4505 3124 4576 προσρήματι,
3168 4508 3437 4576 γαμεταῖς
3474 4503 3561 4558 καὶ
3597 4501 3723 4565 0w:-

2201 4596 2390 4665 τράσιν
2417 4594 2641 4665 ἀναίδην
2671 4596 3018 4667 ὲκπορνεύειν
3039 4596 3402 4666 συνεχώρουν.
3437 4595 3563 4649 Νυνὶ
3591 4592 3639 4645 δὲ
3657 4588 3723 4642 v6-

2205 4703 2303 4758 μος
2344 4685 2532 4756 ἐφοίτα
2575 4685 2695 4750 νέος
2743 4703 2806 4739 τε
2856 4687 2949 4741 καὶ
2996 4686 3226 4759 σώφρων
3274 4687 3426 4759 παρά
3478 4685 3722 4758 βασιλέως.

534 4779 806 4835 licentiam
851 4788 1254 4836 concesserant.
1305 4777 1456 4833 Nunc
1502 4791 1632 4831 vero
1694 4789 1829 4829 nova
1883 4775 1966 4827 lex
2023 4774 2092 4827 ab

2211 4779 2363 4853 μηδὲν
2400 4777 2507 4831 τῶν
2552 4777 2720 4833 πάλαι
2770 4778 3016 4849 συνήθων
3046 4778 3252 4851 τολμᾷν
3290 4778 3625 4851 διαγορεύων·
3654 4771 3721 4826 καὶ

534 4925 711 4969 tamen
734 4914 947 4970 codices
967 4929 1083 4969 eam
1106 4918 1420 4982 agnoscunt.
1438 4911 1493 4964 In
1514 4909 1620 4982 fine
1639 4909 1833 4977 capitis
1870 4920 1967 4977 pro
2005 4906 2094 4958 ἀν-

530 4984 808 5058 ατρέπετο,
839 4987 1007 5058 codex
1028 4979 1426 5058 Fuketiiltabet
1448 4979 1831 5058 ἀνετέτραπτο.
1876 5046 1913 5058 _
1992 5046 2023 5058 Δ.

604 5046 714 5125 (68)
734 5046 976 5125 Petitur
999 5052 1353 5125 περίεργίαις
1363 5046 1843 5125 ἐσκευωρῖημένα.
1862 5046 2094 5125 _Rectius

534 5127 588 5180 in
613 5119 809 5179 codice
846 5119 1041 5194 Regio,
1071 5119 1313 5194 'Fu—kael
1358 5119 1528 5194 Savil.
1548 5122 1827 5194 ⁸ειειξιυὶιυι*
1859 5119 2091 5169 ἐσκαιω-

537 5195 767 5268 ρημένα.
804 5187 973 5261 Qnam
1008 5209 1191 5248 vocem
1236 5193 1309 5246 ita
1339 5193 1505 5245 vertit
1540 5187 2091 5256 Christopborsonus,

534 5270 697 5320 calum
748 5264 1191 5334 praestigiatorum
1235 5260 1369 5315 dolis
1414 5259 1604 5334 callide
1654 5260 1890 5312 obteclaz.
1940 5254 2091 5321 Quod

532 5352 638 5390 non
677 5328 846 5402 probo
874 5351 889 5387 :
928 5328 1218 5402 t'nalimque
1247 5339 1482 5393 vertere,
1519 5328 1795 5402 subreptw,
1826 5336 1916 5378 aut
1938 5334 2095 5402 certe
2128 5360 2133 5365 ι

533 5396 808 5459 ιιιιοτὶιιιιω
841 5413 890 5457 et
916 5404 984 5456 ad
1018 5396 1279 5469 niafeﬁcia
1319 5406 1656 5466 comparatur.
1690 5398 1825 5469 Ossa
1864 5396 2007 5469 enim
2039 5401 2095 5469 et

533 5474 784 5528 calvariae
814 5484 942 5528 sunt
967 5464 1247 5541 magorum
1279 5464 1659 5535 instrumenta,
1681 5467 1881 5536 quibus
1914 5464 1990 5517 illi
2024 5464 2092 5516 ad

532 5544 796 5597 tualelicia
830 5559 924 5597 sua
957 5544 1266 5595 utebantur.
1525 5606 1543 5611 _
1576 5607 1587 5611 _
1670 5604 1689 5611 _
2014 5600 2025 5611 ,

604 5614 713 5683 (“9)
757 5616 837 5667 οὐ
876 5611 1123 5683 δαίμωϊν
1163 5612 1235 5662 οὺ
1269 5606 1640 5683 χρησμῳδόςο
1670 5604 1726 5683 l9
1774 5604 2095 5683 ranesrriw

534 5675 1031 5736 dc'tricennalibus
1059 5675 1399 5733 Constantini
1424 5675 1588 5731 valtter
1614 5676 1950 5735 collocantur
1983 5675 2094 5726 lucc

533 5754 692 5805 Vctba
733 5769 743 5803 :
789 5752 863 5804 Οὐ
914 5748 1143 5817 δαίμων,
1201 5748 1260 5800 οὑ
1311 5747 1461 5812 θεὸς,
1522 5745 1581 5798 οὐ
1628 5742 1985 5816 χρησμῳδος,
2032 5741 2091 5793 οὐ

2203 4915 2414 4988 μάντις,
2431 4910 2587 4988 quod
2610 4911 2859 4977 equidem
2887 4911 3062 4988 _magis
3083 4912 3281 4988 probo.

2264 4984 2398 5052 (69')
2431 4980 2777 5034 Desideratur
2805 4980 2932 5033 καί·
2959 4992 3053 5034 aut
3083 4981 3367 5053 legendum
3395 4982 3621 5056 ἐναργῶς
3648 4994 3722 5049 pro

2264 5052 2423 5103 movit.
2457 5050 2613 5103 Ent'r.
3557 5077 3561 5081 -

2197 5052 2423 5107 ὲναογῆ.
2457 5052 2613 5103 Ειητ.
3146 5052 3151 5053 “
3491 5052 3504 5056 ⁷
3557 5077 3561 5081 -

2259 5072 2291 5107 α
2331 5068 2423 5121 γη.
2458 5068 2613 5103 non.
3557 5077 3561 5081 .

2274 5070 2386 5192 (g0)
2423 5119 2746 5192 καί-ταῦτα
2778 5120 2831 5192 δ’
2857 5121 2936 5175 ἄν
2971 5139 3079 5189 τις,
3104 5134 3210 5179 etc.
3246 5123 3370 5179 llmc
3398 5125 3566 5177 omnia
3590 5132 3721 5186 usque

2198 5190 2478 5263 advoces»
2500 5190 2618 5244 illas
2650 5191 2701 5263 οί
2734 5190 2839 5263 μὲν
2863 5193 2961 5263 τὴν
2989 5192 3308 5259 ἀκόλαστον,
3353 5193 3623 5263 desuutiu
3652 5201 3720 5241 co-

2203 5264 2323 5317 dice
2351 5261 2518 5329 Regio
2558 5269 2613 5314 ct
2657 5260 2997 5335 ituetlitio'ue
3045 5263 3183 5317 ltub.
3230 5264 3509 5335 Stephani.
3539 5260 3719 5335 Atljecta

2199 5342 2326 5386 sunt
2358 5339 2534 5400 autem
2567 5344 2607 5400 Ξ
2642 5329 2778 5384 viris
2806 5331 3000 5394 doctis.
3041 5348 3107 5387 ex
3156 5329 3506 5400 manuscripti
3550 5329 3720 5400 codicis

2199 5401 2326 5456 fide.
2365 5399 2527 5454 Certe
2564 5397 2850 5455 Turnebus
2878 5410 2933 5455 et
2968 5401 3202 5458 Savilius
3244 5404 3296 5457 iu
3330 5395 3448 5458 suis
3486 5395 3717 5456 codicibus

2200 5485 2262 5525 ea
2303 5479 2621 5539 repererunt
2657 5488 2673 5524 :
2707 5481 2762 5523 et
2810 5485 2906 5524 nos
2950 5472 3002 5525 in
3048 5470 3187 5526 Fuk.
3230 5474 3417 5529 codice
3457 5474 3639 5539 eadem_

2202 5530 2501 5610 marginem
2545 5540 2780 5612 ascripta
2815 5541 3067 5596 vidimus.
3098 5542 3210 5596 Nisi
3249 5542 3392 5612 quod
3424 5542 3579 5597 codex
3598 5530 3716 5612 Fuﬁ.

2202 5625 2305 5685 una
2324 5605 2472 5685 'voce.
2499 5605 2849 5685 auctiorest,
2880 5626 2999 5664 cum
3033 5614 3087 5667 iu
3114 5628 3180 5669 co
3219 5605 3432 5685 legatur
3460 5613 3560 5674 τοῖς
3592 5605 3714 5678 βαίην

2200 5677 2335 5743 λέως
2360 5679 2581 5742 εἰκότως
2609 5679 2853 5751 ἀναθείη,
2878 5693 2981 5737 etc.
