3864 6494
197 358 325 417 “‘25

1226 360 1315 417 DE
1351 359 1513 418 VITA
1550 360 2008 420 CONSTANTiNI
2044 365 2175 420 LIB.
2217 367 2311 420 IlI.

3269 384 3410 439 “26

191 478 380 541 τούτοις
410 478 465 531 δὲ
505 477 666 533 πάλιν
695 478 1001 550 ἐγγράφως
1046 478 1317 551 παρέθετο
1373 479 1707 544 διδασκαλίας

1846 482 2173 551 imperatore
2207 487 2409 539 directa
2443 492 2545 548 est.
2577 486 2735 556 plena
2771 492 3081 559 modestiae;
3123 512 3226 566 qua
3256 515 3411 555 cave-

189 572 259 636 ὠς
277 571 336 625 ἂν
367 572 451 623 ἐπ’
477 569 626 640 αὐτῷ
650 570 821 641 τούτῳ
852 571 988 641 πρὸς
1011 571 1104 625 τοῦ
1140 571 1276 624 Θεοῦ
1317 572 1737 645 προηγουμένως

188 661 490 724 ἀποσταλεὶς
533 660 667 731 (71),
717 661 800 730 ἐφ’
844 654 889 729 ᾧ
937 662 1144 724 πάντας
1184 662 1501 735 ἀνθρώπους
1551 663 1738 733 νόμοις

187 752 518 824 σωφροσύνης
547 752 836 807 παιδεύειν.
875 754 963 807 Διὸ
991 755 1089 808 οὐκ
1123 755 1374 826 ἀπηξίου,
1405 756 1498 808 καὶ
1530 754 1737 816 τούτοις

182 845 245 899 δι’
293 844 481 897 οἰκείου
541 845 887 915 προσομιλεῖν
937 846 1283 917 γράμματος,
1322 845 1627 918 προῦτρεπέ
1673 862 1732 898 τε

184 934 412 989 σπεύδειν
444 936 535 990 ἐπὶ
562 936 661 1006 τὴν
691 936 784 990 τοῦ
829 937 1131 1006 κρείττονος
1175 937 1376 1007 γνῶσιν
1400 954 1413 967 ·
1459 936 1733 991 κάνταῦθα

179 1027 232 1081 δὲ
252 1028 313 1081 τὰ
336 1027 467 1099 ἔργα
495 1029 666 1100 ἐπῆγε
688 1032 797 1093 τοῖς
817 1029 991 1098 λόγοις
1017 1012 1237 1099 ἀδελτρὰ,
1269 1026 1412 1083 οἶκον
1450 1029 1732 1102 εὐκτήριον

176 1120 453 1191 ἐκκλησίας
487 1137 549 1173 τε
590 1120 844 1191 μέγιστον
881 1122 990 1192 (72)
1037 1123 1130 1176 καὶ
1164 1122 1311 1193 παρὰ
1344 1121 1516 1175 τοῖσδε
1552 1138 1731 1175 κατα-

176 1212 484 1282 ϐαλλόμενος
501 1229 514 1242 ’
539 1212 614 1276 ὡς
643 1212 704 1266 τὸ
735 1214 808 1286 μὴ
831 1215 894 1266 ἐκ
919 1213 1012 1266 τοῦ
1036 1214 1236 1277 παντός
1264 1231 1365 1267 που
1394 1212 1588 1277 αἰῶνος
1615 1213 1725 1285 (75)

174 1306 296 1375 ἀκοῇ
333 1305 590 1374 γνωσθὲν,
629 1302 724 1360 νῦν
754 1304 911 1358 τοῦτο
936 1306 1150 1377 πρῶτον
1191 1306 1351 1377 ἔργου
1394 1306 1596 1376 τυχεῖν,
1632 1306 1726 1358 καὶ

172 1396 259 1467 τὴν
320 1396 424 1450 τῶν
491 1396 897 1466 δεισιδαιμόνων
960 1397 1144 1461 πόλιν,
1197 1396 1493 1468 ἐκκλησίας
1549 1395 1721 1461 Θεοῦ,

171 1488 534 1560 πρεσϐυτέρων
575 1507 633 1542 τε
673 1492 767 1544 καὶ
802 1489 1060 1543 διακόνων
1092 1487 1375 1559 ἠξιῶσθαι,
1426 1487 1503 1558 τῷ
1539 1490 1587 1540 τ’
1632 1489 1725 1540 ἐπὶ

169 1579 369 1633 πάντων
405 1579 523 1652 Θεῷ
566 1581 859 1652 ἱερωμένον
900 1582 1193 1633 ἐπίσκοπον
1227 1579 1333 1632 τῶν
1362 1579 1487 1650 τῇδε
1518 1595 1724 1649 προκα-

168 1670 418 1733 θέζεσθαι.
453 1670 703 1743 Προνοῶν
731 1671 787 1724 δὲ
822 1670 1096 1725 κάνταῦθα
1144 1670 1413 1740 βασιλεὺς,
1465 1669 1614 1732 ὅπως
1654 1668 1721 1722 ἂν

166 1761 365 1825 πλείους
387 1763 664 1832 προσίοιεν
694 1762 770 1833 τῷ
791 1762 953 1832 λόγῳ,
981 1761 1050 1815 τὰ
1081 1761 1219 1833 πρὸς
1257 1761 1575 1832 ἐπικουρίαν
1608 1758 1718 1814 τῶν

1850 581 1939 627 tur
1972 589 2038 629 ne
2067 575 2362 644 quidquam
2404 590 2592 634 eorum
2636 596 2755 649 qua:
2797 582 2948 651 prius
2978 585 3030 639 in
3061 603 3210 642 more
3242 593 3414 658 posita

1844 674 2020 728 erant,
2053 666 2106 719 in
2137 673 2411 733 posterum
2453 680 2830 736 prazsumatur.
2878 674 3057 743 Atque
3100 679 3185 733 his
3225 696 3415 738 rursus

1843 758 2074 825 scriptas
2116 757 2265 811 misit
2298 757 2690 829 institutiones,
2743 776 2926 834 utpote
2956 768 3096 823 hanc
3143 773 3413 843 praecipue

1841 846 1911 898 ob
1942 859 2162 899 causam
2192 860 2223 899 a
2260 845 2370 901 Deo
2405 848 2728 915 destinatus,
2758 862 2816 905 ut
2845 855 3125 912 universos
3151 863 3412 918 mortales

1845 938 2216 1004 temperantiae
2247 943 2530 1010 praeceptis
2572 943 2863 1003 imbueret.
2910 946 3179 1019 Quocirca
3226 969 3295 1007 ne
3339 956 3408 1009 ad

1843 1027 1943 1082 hos
1973 1029 2190 1097 quidem
2217 1032 2529 1087 coneionari
2560 1048 2657 1102 per
2690 1035 2899 1095 litteras
2932 1040 3254 1108 dedignatus
3280 1054 3363 1100 est
3386 1087 3403 1114 ,

1837 1115 2140 1173 exhortans
2169 1131 2227 1173 ut
2262 1121 2329 1176 ad
2355 1122 2719 1192 cognitionem
2761 1124 2857 1181 Dei
2893 1129 3146 1186 celeriter
3177 1136 3407 1191 accede-

1839 1216 1984 1260 rent.
2030 1207 2338 1280 Statimque
2371 1211 2514 1266 facta
2567 1210 2729 1267 dictis
2784 1228 3147 1276 consentanea
3207 1223 3403 1278 ibidem

1836 1296 2061 1366 adjecit,
2095 1310 2410 1356 constructa
2436 1316 2502 1357 eo
2532 1303 2694 1357 etiam
2725 1307 2779 1358 in
2808 1305 2928 1361 loco
2953 1308 3250 1366 Christiani
3284 1314 3399 1368 rul-

1834 1396 1919 1442 tus
1943 1388 2151 1459 ingenti
2189 1389 2438 1447 basilica.
2470 1392 2622 1447 Adeo
2652 1405 2710 1446 ut
2749 1400 2890 1463 quod
2917 1400 2984 1455 ab
3015 1402 3201 1458 ultima
3232 1420 3403 1476 usque

1834 1478 2115 1534 hominum
2165 1483 2428 1537 memoria
2477 1482 2666 1538 nullibi
2715 1486 2895 1544 fuerat
2949 1493 3226 1561 auditum,
3278 1506 3405 1553 tunc

1829 1570 2062 1639 primum
2088 1586 2256 1642 Opere
2288 1573 2404 1643 ipso
2434 1575 2761 1644 completum
2785 1579 2877 1648 sit,
2916 1589 2969 1636 et
2990 1560 3194 1640 icivitas
3215 1560 3403 1642 homi-

1828 1676 1957 1715 num
2012 1666 2391 1732 superstitioso
2453 1669 2755 1726 daemonum
2802 1675 2967 1729 cultui
3028 1678 3389 1743 addictorum,

1826 1751 2119 1809 Ecclesium
2151 1756 2245 1812 Dei
2288 1766 2343 1814 et
2382 1761 2725 1833 presbyteros
2776 1781 2843 1821 ac
2897 1769 3154 1823 diaconos
3199 1769 3402 1826 habere

165 1856 393 1925 πενήτων
440 1854 644 1908 ἔκπλεα
671 1857 916 1925 παρεῖχε,
950 1854 1046 1906 καὶ
1075 1852 1249 1927 ταύτῃ
1282 1852 1604 1924 προτρέπων
1631 1853 1707 1904 ὲπ¹

1830 1849 2113 1914 nteruerit,
2155 1858 2210 1903 et
2248 1851 2533 1922 episcopus
2560 1869 2773 1911 summo
2809 1858 3048 1911 omnium
3077 1858 3185 1914 Deo
3208 1875 3400 1917 conse-

163 1944 250 2014 τὴν
278 1947 542 2017 σωτήριον
601 1946 848 1999 σπεύδειν
892 1945 1257 2008 διδασκαλίαν,
1317 1944 1596 2016 μονονουχὶ
1644 1943 1722 2014 τῷ

161 2035 304 2102 φάντι
330 2037 727 2109 παραπλησίως
750 2036 918 2092 εἰπὼν
947 2038 1013 2091 ἂν
1040 2039 1134 2091 καὶ
1159 2037 1340 2101 αὐτός’
1374 2055 1394 2088 ι
1429 2036 1555 2090 Εἴτε
1585 2053 1719 2107 προ-

161 2125 328 2193 φάσει,
367 2129 464 2180 εἶτ’
512 2127 737 2199 ἀληθείᾳ
776 2128 1009 2199 Χριστὸς
1046 2126 1517 2197 καταγγελλέσθω.
1556 2145 1577 2179 ι

1829 1948 2032 2001 cratus,
2058 1940 2176 2009 ejus
2199 1940 2303 1995 loci
2335 1943 2644 2000 hominibus
2662 1946 2822 2017 515
2849 1948 3145 2017 prmfuerit.
3172 1953 3251 2005 Ad
3281 1952 3397 2007 haec

1828 2033 2123 2101 imperator
2149 2035 2375 2102 provida
2414 2050 2598 2093 mente
2630 2041 2969 2111 prospiciens
3005 2051 3064 2096 ut
3108 2046 3398 2111 quamplu-

1827 2124 1949 2178 rimi
2004 2126 2071 2178 ad
2111 2126 2271 2181 Iidem
2307 2126 2514 2183 Christi
2550 2131 2893 2199 accederent,
2935 2133 3165 2200 plurima
3200 2135 3397 2191 ibidem

160 2219 223 2272 ad
252 2218 620 2275 sublevandos
657 2235 926 2291 pauperes
960 2219 1188 2292 largitus
1239 2231 1360 2287 est;
1417 2222 1518 2274 hac
1581 2220 1745 2272 etiam
1804 2218 2013 2272 ratione
2049 2219 2115 2271 ad
2161 2217 2453 2273 salutarem
2494 2221 2795 2277 doctrinam
2843 2226 3088 2281 homines
3153 2228 3396 2284 alliciens

158 2321 304 2383 atque
334 2315 593 2380 invitatis,
619 2330 686 2370 ac
720 2324 925 2368 tantum
952 2331 1058 2371 non
1094 2315 1255 2370 verba
1329 2316 1442 2385 ipsa
1487 2314 1771 2385 proferens
1796 2310 2233 2367 Paulidicentis:
2266 2329 2285 2363 ι
2310 2310 2434 2369 Sive
2467 2330 2565 2384 per
2607 2319 2968 2384 occasionem,
3002 2321 3115 2375 sive
3141 2337 3237 2391 per
3262 2323 3405 2376 veri—

160 2418 310 2462 tatem
336 2405 593 2462 Christus
617 2405 984 2460 annuutietur.
1018 2425 1037 2455 ι

660 2495 1057 2549 ΚΕΦΑΛΑΙΟΝ
1099 2498 1225 2550 ΝΘΖ

155 2587 284 2655 Περὶ
319 2584 427 2655 τῆς
471 2587 542 2641 ἐν
595 2587 914 2655 Ἀντιοχείᾳ
944 2586 1017 2639 δι’
1058 2586 1396 2641 Εὑστάθιον
1424 2585 1713 2656 ταραχῆς.

229 2680 379 2734 Ἀλλὰ
412 2679 521 2751 γὰρ
549 2679 644 2733 ἐπὶ
680 2678 909 2743 τούτοις,
943 2679 1195 2732 ἁπάντων
1221 2680 1279 2732 ὲν
1302 2679 1590 2749 θυμηδίαις
1616 2679 1714 2751 τὴν

154 2771 284 2842 ζωὴν
310 2771 623 2840 διαγόντων,
656 2770 755 2840 τῆς
780 2770 826 2822 τ’
867 2769 1195 2842 Ἑκκλησίας
1214 2769 1307 2823 τοῦ
1337 2769 1471 2824 Θεοῦ
1505 2787 1713 2823 παντα-

151 2860 237 2929 χοῦ
282 2860 424 2914 κατὰ
480 2860 660 2913 πάντα
702 2859 899 2930 τρόπον
943 2860 1038 2913 καὶ
1083 2860 1235 2932 παρὰ
1283 2863 1446 2914 πᾶσιν
1502 2860 1711 2914 ἔθνεσιν

152 2947 800 3024 δψουμένης,αῦθιςότοῖς
831 2950 1018 3015 καλοῖς
1047 2951 1351 3024 ἐφεδρεύων
1373 2952 1584 3022 φθόνος,
1616 2953 1715 3004 ὲπ-

152 3041 382 3113 ηλείφετο
397 3042 534 3113 (75⁹)
551 3044 617 3112 τῇ
628 3040 737 3093 τῶν
754 3041 1018 3095 τοσούτων
1039 3042 1254 3111 ἀγαθῶν
1270 3042 1563 3115 εὐπραγίᾳ,
1579 3046 1718 3112 τάχα

2402 2490 2631 2548 CAPUT
2670 2493 2808 2549 LIX.

1825 2580 1902 2635 De
1941 2579 2172 2634 tumultu
2204 2580 2495 2636 Antiochia:
2529 2595 2743 2649 propter
2774 2583 3113 2640 Eustathinm
3145 2597 3393 2643 exortata.

1893 2672 2092 2729 Verum
2115 2673 2395 2729 enimvero
2428 2690 2547 2728 cum
2580 2677 2648 2730 ob
2681 2677 2797 2731 haec
2837 2693 3027 2734 omnes
3081 2679 3133 2733 in
3183 2695 3393 2736 summa

1818 2765 2095 2821 hilaritate
2133 2766 2302 2819 vitam
2330 2775 2571 2836 agerent,
2606 2777 2660 2822 et
2688 2768 2928 2824 Ecclesia
2962 2771 3052 2825 Dei
3087 2772 3228 2837 apud
3263 2788 3399 2827 cun-

1819 2867 1936 2913 ctas
1960 2858 2162 2929 ubique
2186 2868 2371 2927 gentes
2392 2858 2642 2913 omnibus
2673 2862 2848 2916 modis
2865 2863 3240 2929 extolleretur,
3277 2882 3398 2918 rur-

1821 2962 1913 3001 sus
1940 2946 2205 3001 daemonis
2230 2946 2390 3011 livor,
2414 2947 2503 3013 qui
2532 2946 2687 3002 bonis
2718 2963 2932 3018 semper
2965 2951 3190 3005 insidias
3209 2954 3392 3015 struit,

1824 3038 2086 3093 adversus
2115 3046 2324 3093 tantam
2355 3053 2537 3091 rerum
2584 3049 2891 3094 nostrarum
2936 3041 3249 3097 felicitatem
3278 3057 3394 3098 cta-

148 3134 266 3187 ποτὲ
294 3135 385 3187 καὶ
418 3133 579 3187 αὑτὸν
614 3132 818 3185 ἀλλοῖον
853 3131 1072 3185 ἔσεσθαι
1127 3132 1350 3202 βασιλέα
1395 3134 1524 3204 περὶ
1562 3134 1707 3204 ἡμᾶς

1819 3131 1888 3200 pit
1934 3131 2247 3200 insurgere,
2304 3140 2456 3187 ratus
2512 3133 2894 3202 imperatorem
2948 3135 3392 3190 tumultibusno—

147 3223 501 3288 ὑποπτεύσας,
526 3222 931 3276 ἁποκναίσαντα
967 3224 1086 3286 ταῖς
1122 3222 1416 3293 ἡμετέραις
1444 3223 1709 3293 ταραχαῖς

148 3335 196 3371 τε
222 3318 315 3372 καὶ
355 3316 668 3388 ἀκοσμίαις.
720 3315 989 3382 Μέγιστον
1028 3313 1074 3365 δ’
1100 3310 1191 3367 οὖν
1232 3313 1436 3383 ἐξάψας
1481 3313 1706 3384 πυρσὸν,

146 3408 228 3481 τὴν
303 3408 619 3478 Ἀντιοχέων
665 3405 997 3476 Ἐκκλησίαν
1035 3408 1323 3478 τραγικαῖς
1384 3405 1707 3477 διελάμϐανε

146 3504 456 3573 συμφοραῖς,
490 3500 568 3561 ὡς
616 3496 809 3569 μικροῦ
856 3498 955 3577 τὴν
1007 3499 1185 3551 πᾶσαν
1220 3499 1284 3550 ἐκ
1328 3496 1542 3570 βάθρων
1577 3499 1709 3551 ἀνα-

145 3588 400 3658 τραπῆναι
465 3586 640 3641 πόλιν·
706 3588 785 3650 είς
835 3585 928 3639 δύο
999 3587 1097 3656 μὲν
1154 3586 1262 3657 γὰρ
1327 3589 1590 3659 τμήματα
1631 3589 1709 3643 δι-

144 3678 302 3751 ῄρητο
333 3677 443 3751 (74)
488 3680 517 3732 ό
550 3677 652 3748 τῆς
696 3677 1022 3748 Ἐκκλησίας
1046 3678 1197 3742 λαὸς,
1225 3678 1285 3732 τὸ
1319 3678 1375 3732 δὲ
1404 3678 1579 3732 κοινὸν
1609 3681 1707 3750 τῆς

143 3773 336 3836 πόλεως
358 3773 543 3835 αὐτοῖς
569 3772 795 3844 ἄρχουσι
834 3773 927 3825 καὶ
961 3774 1369 3844 στρατιωτικοῖς
1399 3772 1508 3842 (75)
1546 3771 1705 3825 πολε-

144 3866 269 3936 μίων
296 3867 493 3938 τρόπον
525 3866 619 3919 ἐπὶ
641 3863 889 3920 τοσοῦτον
914 3863 1391 3943 ἀνακεκίνητο,ἠὼς
1412 3866 1506 3919 καὶ
1534 3864 1705 3934 ξιφῶν

48 3951 52 3957 ’
146 3959 344 4028 μέλλειν
379 3956 670 4020 ἅπτεσθαι,
732 3959 780 4010 εί
829 3956 902 4028 μὴ
946 3956 1082 4010 Θεοῦ
1136 3975 1221 4020 τις
1260 3957 1552 4027 ἐπισκοπὴ,
1586 3957 1615 4009 ὅ
1645 3974 1703 4009 τε

142 4049 280 4121 παρὰ
312 4049 574 4121 βασιλέως
610 4047 793 4119 φόϐος,
826 4048 926 4111 τὰς
964 4046 1061 4101 τοῦ
1115 4047 1355 4119 πλήθους
1399 4047 1705 4101 ἀνέστειλεν

202 4249 312 4316 (7|)
350 4244 818 4316 Προηγουμένως
883 4242 1281 4316 ἀποσταλείς..
1335 4240 1564 4316 Ult_i_ma_
1596 4257 1702 4316 vox

143 4312 278 4374 deest
297 4312 358 4371 in
395 4312 768 4383 manuscripto
796 4315 982 4378 Regio,
1001 4322 1055 4367 et
1082 4313 1132 4366 in
1156 4313 1392 4367 editione
1418 4312 1701 4383 Stephani.

140 4388 303 4452 Quare
326 4388 621 4441 videndum
645 4381 726 4438 est
745 4399 808 4436 ne
828 4384 1301 4452 potiuslegendum
1328 4383 1399 4434 sit
1419 4381 1701 4452 προηγμέτ

138 4450 247 4522 νὼς.
286 4457 484 4511 Verum
515 4471 640 4530 cum
696 4450 1172 4530 scripti__cotlices‘_
1195 4452 1455 4530 Turnebi.
1504 4450 1695 4505 Savilii
1730 4476 1774 4530 Ι)

140 4543 193 4581 ac
216 4521 436 4582 ’Fuketii
489 4521 819 4591 scripturam
843 4522 1092 4576 editionis
1134 4521 1467 4578 Genevensis
1508 4532 1699 4575 tuean-

140 4606 232 4656 tur.
267 4613 385 4651 eam
424 4596 623 4649 merito
654 4594 987 4646 retinendam
1022 4607 1240 4647 censeo.

200 4668 305 4737 ('72)
348 4663 529 4719 Οἷκον
569 4660 883 4737 εύκτήριον
912 4662 1265 4737 ἐκκλησίας-
1284 4678 1348 4715 τε
1387 4659 1693 4737 μέγιστον.

137 4726 238 4790 Non
286 4726 478 4790 dubito
527 4735 656 4801 quin
704 4726 1051 4785 scribendum
1090 4726 1165 4783 Sit
1216 4726 1693 4801 οἶκονεύκτήριον

135 4807 444 4878 ἐκκλησίας,
484 4803 623 4858 νεών
670 4820 731 4855 τε
779 4801 1191 4878 μέγιστον.“8ἱο
1238 4804 1381 4878 enim
1429 4801 1691 4878 Eusebius

137 4867 287 4946 loqui'
309 4867 448 4931 solet
470 4916 485 4940 ,
521 4867 791 4946 uthsupra'
820 4867 1018 4946 notavi.
1052 4871 1114 4925 Et
1162 4886 1261 4946 per
1293 4867 1440 4924 οἷκον
1475 4871 1687 4938 quidem

136 4939 428 5019 εὐκτήριον,
455 4939 736 5019 basilicam
762 4941 1039 5009 intelligit;
1066 4956 1164 5019 per
1179 4939 1313 5019 νεὼν
1337 4954 1493 5019 vero,
1520 4947 1688 5019 totum

136 5010 365 5072 ecclesia:
401 5016 665 5069 ambitum
703 5022 758 5066 et
786 5020 1124 5078 conseptum,
1151 5012 1202 5063 id
1231 5020 1314 5064 est
1341 5010 1689 5073 vestibulum,

134 5088 341 5153 atrium,
370 5086 639 5155 porticus,
661 5083 907 5155 exedras,
922 5079 1235 5155 baptisteria
1243 5122 1256 5141 .
1275 5087 1330 5155 e_t.
1351 5079 1555 5155 reliqua
1572 5094 1693 5155 quae

135 5145 520 5214 basilici's'addi
550 5151 817 5207 solebant.
844 5150 899 5203 In
929 5145 1115 5205 codice
1138 5148 1277 5204 Fuk.
1304 5145 1518 5218 legitur,
1542 5145 1691 5200 οἷκον

132 5227 279 5301 exinni}
288 5243 410 5301 ptov
438 5222 736 5301 ἐκκλησίας
768 5220 1045 5301 ιέέγιστονε
1334 5289 1347 5301 ,
1361 5285 1384 5297 -

195 5242 403 5301 κτηριον
438 5242 736 5346 amurgam;
768 5242 1040 5302 μεγιστον.
1334 5285 1384 5302 ﬂ

195 5299 299 5367 (T5)
347 5295 419 5350 Τὸ
453 5293 542 5367 μὴ
616 5310 658 5367 κ.
702 5308 808 5367 του
853 5290 1079 5355 παντός
1123 5304 1241 5367 που
1286 5303 1519 5367 auos-0g.
1571 5285 1689 5367 Non

134 5359 397 5421 immerito
431 5359 558 5434 riuis
588 5362 774 5416 mirari
808 5369 989 5434 potest
1031 5375 1129 5411 cur
1177 5359 1438 5434 Eusebius
1486 5360 1587 5412 hoc
1618 5360 1687 5411 ab

133 5440 263 5491 omni
293 5452 412 5491 aevo
444 5428 745 5488 inauditum
783 5428 905 5509 esse
939 5429 1103 5509 dicat,
1148 5429 1289 5509 quod
1325 5428 1456 5507 urbs
1499 5441 1688 5509 super-

133 5510 337 5563 stitioso
368 5508 676 5561 daemonum
726 5502 891 5554 cultui
928 5498 1106 5553 dedita
1154 5497 1526 5565 ecclesiamet
1572 5498 1687 5565 epi-

136 5592 341 5646 sc0pum
371 5573 664 5642 acceperit.
710 5568 766 5624 Id
795 5571 937 5646 enim
974 5569 1092 5646 aliis
1131 5582 1342 5646 quoque
1372 5564 1688 5646 u_r_bibus_’eo

133 5636 365 5715 tempore
416 5636 742 5715 contigerat.
774 5640 905 5715 _Sed
967 5639 1203 5715 fortasse
1254 5636 1519 5715 Eusebius
1555 5638 1686 5715 .hoc

134 5704 312 5771 novum
341 5726 399 5771 et
437 5704 735 5767 inauditum
770 5710 935 5763 fuisse
966 5708 1233 5779 intelligit,
1267 5704 1683 5779 quod__ecclesia

133 5784 212 5842 Dei
245 5791 298 5842 in
324 5802 390 5843 ea
419 5784 556 5839 urbe
581 5791 889 5838 constructa
917 5788 1083 5843 esset,
1114 5774 1166 5831 in
1200 5774 1302 5847 qua
1337 5774 1470 5831 nulli
1508 5775 1684 5832 adhuc

1811 3221 1942 3277 stris
1990 3231 2045 3277 et
2102 3221 2391 3276 insolentia
2451 3231 2852 3291 exasperatum,
2889 3225 3126 3280 alienato
3174 3227 3389 3283 tandem

1810 3327 1942 3382 erga
1975 3326 2075 3368 nos
2115 3313 2297 3369 animo
2347 3312 2599 3369 fortassis
2632 3314 2898 3374 futurum.
2950 3317 3183 3373 Maximo
3221 3320 3391 3390 igitur

1809 3403 2063 3459 incendio
2089 3403 2347 3470 conflato,
2372 3404 2842 3459 Antiochenorum
2876 3403 3181 3462 Ecclesiam
3220 3411 3390 3480 tragi-

1809 3493 1887 3548 cis
1921 3495 2243 3564 quibusdam
2278 3496 2683 3550 calamitatibus
2713 3496 2980 3566 implevit,
3041 3499 3175 3553 adeo
3204 3512 3261 3552 ut
3290 3515 3388 3569 pa-

1809 3601 1927 3640 rum
1960 3585 2199 3642 abfuerit
2226 3587 2355 3656 quin
2389 3596 2499 3642 tota
2526 3586 2992 3663 fundituscivitas
3020 3592 3390 3646 subvertere-

1809 3688 1895 3733 tur
1922 3717 1938 3743 ,
1975 3679 2171 3748 quippe
2199 3694 2320 3734 cum
2349 3679 2578 3749 populus
2626 3681 2845 3751 quidem
2878 3681 3131 3736 Ecclesia:
3168 3683 3305 3737 duas
3331 3685 3386 3737 in

1809 3778 1986 3838 partes
2017 3771 2222 3825 divisus
2276 3779 2446 3835 esset,
2506 3772 2717 3841 reliqua
2760 3782 2941 3827 autem
2977 3772 3169 3828 civitas
3222 3775 3387 3829 simul

1806 3874 1928 3916 cum
1958 3861 2365 3931 magistratibus
2404 3877 2468 3916 ac
2496 3861 2779 3927 militibus,
2820 3864 3003 3919 hostili
3053 3866 3212 3920 modo
3243 3867 3387 3921 inter

1805 3965 1866 4007 se
1895 3950 2202 4016 dissideret,
2250 3961 2579 4022 ventumque
2607 3965 2749 4010 esset
2778 3958 2845 4012 ad
2884 3955 3111 4027 gladios,
3153 3959 3253 4013 nisi
3296 3959 3382 4013 ili--

1804 4042 1932 4096 vina
1966 4040 2340 4110 Providentia,
2371 4051 2425 4097 et
2452 4043 2797 4115 imperatoris
2821 4056 3019 4112 metus,
3057 4048 3233 4117 plebis
3273 4051 3381 4104 im-

1804 4246 1959 4312 erant
1988 4237 2310 4312 Christiani,
2348 4240 2441 4295 sed
2475 4256 2666 4297 omnes
2707 4245 2915 4312 pariter
2962 4245 3254 4301 sumulacra
3286 4263 3379 4304 ve-

1805 4307 2155 4363 nerabantur.
2204 4310 2392 4383 Itaque
2457 4307 2854 4383 ecclesia—haec
2908 4312 3169 4383 IIeliopoli
3239 4332 3376 4372 con-

1804 4388 2012 4454 structa
2042 4388 2125 4432 est
2158 4395 2188 4432 a
2221 4379 2666 4454 Constantino‘in
2697 4397 2846 4450 spem
2894 4379 3078 4451 potius
3114 4401 3273 4454 quam
3302 4389 3376 4442 ob

1804 4449 2205 4511 necessitatem,
2235 4458 2292 4503 ut
2320 4449 2526 4503 scilicet
2557 4450 2705 4505 cives
2727 4449 2919 4506 entnes
2946 4455 3012 4507 ad
3050 4449 3378 4511 Christianae

1803 4518 2082 4590 religipnis
2115 4518 2503 4590 professionem
2531 4519 2809 4574 invitaret.
2840 4520 3010 4577 Paulo
3040 4534 3160 4590 post
3194 4525 3244 4576 in
3281 4543 3375 4579 co-

1798 4587 1918 4660 dice
1947 4586 2081 4641 Fuk.
2113 4590 2306 4652 legitur
2347 4587 2508 4660 ἔργου
2552 4593 2756 4660 τυχεῖν,
2787 4593 2989 4646 rectius
3021 4586 3184 4660 quam
3229 4606 3285 4647 ut
3320 4597 3373 4650 in

1799 4658 2034 4728 vulgatis
2062 4660 2386 4711 etlitiuuibUs
2416 4658 2596 4728 ἔργον.

1869 4725 2003 4802 (75f)
2043 4725 2614 4802 ΔἘἰτηλείεοεινοξΑιίὶ
2645 4729 2991 4802 ἐπηγείρετο,
3029 4742 3085 4786 ιιι
3118 4743 3173 4787 et
3204 4733 3376 4788 inter-

1795 4797 2148 4867 preslegisse
2182 4799 2416 4867 videtur.
2448 4799 2602 4854 lim-1'.

1864 4865 2583 4941 (Ἰιίξγιιιεηδιαιρεῐσθαι.
2644 4869 2783 4939 Lego
2824 4870 3216 4941 διαιρεθέντων
3260 4873 3373 4927 τῶν

1794 4935 1894 5008 τῆς
1940 4935 2265 5006 Ἐκκλησίας
2301 4937 2468 5008 λαῶν,
2513 4942 2652 5008 quod
2703 4935 2989 4994 conﬁrtttat
3022 4944 3279 4997 Socrates
3318 4948 3370 4997 in

1793 5006 1933 5061 libro
1967 5023 2014 5065 ι,
2047 5021 2164 5075 cap.
2199 5009 2287 5061 24.
2327 5006 2702 5064 Verum'totus
2751 5012 2903 5065 locus
2947 5026 3014 5065 ex
3049 5029 3179 5067 mss.
3214 5015 3371 5066 cudi--

1794 5077 1947 5129 cibus
1972 5075 2136 5137 Fuk.,
2166 5077 2351 5131 Savilii
2380 5094 2443 5132 ac
2469 5077 2707 5133 Turnebi
2735 5080 2805 5133 ita
2840 5083 3209 5136 restituendus
3239 5093 3326 5136 est
3352 5101 3367 5138 :

1791 5142 1885 5228 liii;
1919 5145 2024 5228 δύο.
2047 5145 2146 5228 μέν
2174 5145 2289 5228 γὰρ
2306 5147 2816 5228 τμήματαξδιῂρητο
2848 5150 3005 5228 ὀπῆς
3043 5151 3370 5228 Ἐκκλησίέις

1790 5213 1946 5278 λαός·
1976 5213 2119 5301 τὸδὲ
2151 5213 2468 5302 κοινρντῆς
2500 5213 2707 5302 πόλεως
2741 5213 2937 5302 ξαύτοῖς
2960 5213 3242 5302 ’ἄρχουσιν
3276 5213 3371 5277 καί.

1793 5285 2167 5408 σῖρατιώταις,
2210 5285 2483 5356 πολεμίων
2515 5287 2715 5357 τρόπον
2743 5291 2836 5342 ἐπὶ
2876 5285 3127 5345 τοσοῦτον
3168 5291 3370 5345 ἀνακε-

1793 5372 1825 5408 κ
1850 5373 1997 5408 νητο.

1793 5372 1997 5412 κινητο.

1859 5425 1972 5495 (73)
2009 5425 2226 5492 Αὐτοῖς
2271 5426 2531 5494 ἄρχουσι
2577 5427 2676 5481 καί
2725 5431 3191 5498 στρατιωτικοῖς.
3225 5428 3367 5487 Male

1789 5492 2319 5565 Ch'ristophorsonus
2344 5492 2535 5551 milites
2558 5492 2920 5565 praesidiaria:
2953 5492 3366 5557 vertitfltlilitcs

1787 5566 1931 5619 enim
1964 5567 2282 5633 prmsidiarii
2317 5566 2369 5618 iu
2404 5570 2599 5622 castris
2639 5580 2828 5631 erant,
2872 5586 2975 5625 non
3019 5572 3071 5624 in
3116 5571 3364 5626 civitati-

1787 5634 1905 5711 hus.
1938 5633 2185 5711 Intelligo
2225 5635 2396 5711 igitur
2417 5638 2701 5711 militares
2729 5639 2845 5711 qui”
2866 5640 3059 5695 militia
3092 5640 3363 5711 perfuncti

1786 5703 2056 5779 fuerant_:
2094 5703 2221 5779 item
2254 5703 2515 5763 'olliciales
2566 5703 2783 5765 comitis
2815 5703 3181 5779 Orientis,'et
3224 5726 3363 5768 cou-

1789 5775 1988 5830 sularis
2019 5776 2212 5846 Syriae.
