3864 6476
180 338 309 399 H65

1247 339 1337 395 DE
1373 338 1533 395 VITA
1569 339 2025 397 CONSTANTINI
2062 342 2194 400 LIB.
2235 338 2326 398 IV.

3253 344 3393 413 nos

174 474 267 514 trav
312 455 420 529 (5])
457 452 683 521 διέθετο,
720 457 920 530 σπουδῇ
949 457 1189 531 ἐξάρχων
1236 459 1398 523 αὐτὸς
1422 458 1529 513 τῶν
1579 458 1716 514 ἔνδον

1825 462 2113 529 quamdam
2140 461 2285 516 velut
2329 459 2626 515 Ecclesiam
2668 456 2760 513 Dei
2807 456 3110 513 constituit.
3151 456 3226 512 Ac
3273 461 3394 514 dili-

173 548 687 621 ἑκκλησιαζομένωνο
717 542 852 620 μετὰ
889 552 1073 621 χεῖράς
1105 549 1169 619 γέ
1195 567 1275 604 τοι
1297 550 1584 621 λαμϐάνων
1627 550 1726 614 τὰς

173 642 397 713 βίϐλους,
432 643 497 710 τῇ
535 639 644 693 τῶν
692 638 1060 694 θεοπνεύστων
1092 640 1287 710 λογίων
1318 640 1517 713 θεωρίᾳ
1560 658 1727 712 προσ-

169 735 336 801 ανεῖχε
356 730 445 783 τὸν
460 729 602 783 νοῦν·
636 724 735 782 εἶτ’
759 730 921 801 εὐχὰς
945 731 1235 801 ὲνθέσμους
1261 732 1356 785 σὺν
1379 733 1490 795 τοῖς
1520 731 1611 785 τὸν
1635 730 1728 802 βα-

172 821 356 874 σίλειον
382 816 530 873 οἷκον
558 818 856 891 πληροῦσιν
878 819 989 891 (52)
1023 820 1294 875 ἀπεδίδου.

673 1004 1067 1059 ΚΕΦΑΛΑΙΟΝ
1100 1005 1206 1058 IH'.

174 1096 279 1167 Τῆς
295 1095 597 1166 Κυριακῆς
623 1095 738 1165 τὴν
762 1094 991 1164 ἡμέραν
1020 1096 1115 1167 καὶ
1143 1093 1531 1165 παρασκευῆς
1556 1112 1729 1165 νομο-

750 1166 923 1220 θεσία
945 1165 1139 1236 τιμᾷν.

231 1262 336 1314 Καὶ
361 1258 570 1331 ἡμέραν
609 1257 655 1312 δ’
707 1256 882 1328 εὐχῶν
927 1257 1177 1329 ἡγεῖσθαι
1226 1256 1576 1327 κατάλληλον,
1629 1256 1730 1328 τὴν

168 1353 348 1427 κυρίαν
375 1349 590 1422 άληθῶς
628 1350 725 1403 καὶ
755 1348 977 1422 πρώτην
1015 1350 1181 1414 ὅντως
1208 1350 1491 1421 Κυριακὴν
1522 1364 1586 1400 τε
1634 1349 1730 1402 καὶ

168 1445 439 1517 σωτήριον,
468 1440 741 1495 διετύπου·
779 1440 1014 1494 διάκονοι
1061 1441 1104 1494 δ’
1140 1439 1290 1511 αὐτῷ
1328 1439 1423 1493 καὶ
1454 1438 1726 1512 ὑπηρέται

165 1534 272 1607 Θεῷ
291 1534 700 1605 καθιερωμένοι,
734 1532 847 1603 βίου
874 1549 935 1585 τε
957 1532 1242 1602 σεμνότητι
1272 1533 1365 1585 καὶ
1393 1532 1558 1602 ἀρετῇ
1576 1530 1725 1605 πάσῃ

165 1628 371 1697 κόσμιοι
402 1626 609 1698 ἄνδρες,
641 1623 877 1694 φύλακες
904 1623 999 1676 τοῦ
1026 1623 1224 1686 παντὸς
1243 1622 1390 1675 οἴκου
1427 1621 1538 1693 (55)
1591 1619 1725 1675 καθ-

170 1720 421 1774 ίστανταιο
458 1717 742 1789 δορυφόροι
777 1732 837 1768 τε
872 1715 1058 1768 πιστοὶ
1083 1713 1559 1786 σωματοφύλακες,
1602 1712 1725 1784 τρό-

1828 552 2002 619 gentia
2058 552 2275 622 quidem
2303 561 2357 606 et
2385 551 2665 605 alacritate
2711 550 2934 619 praeibat
2963 548 3172 608 cunctis
3214 550 3305 618 qui
3338 551 3391 605 iu

1826 640 2120 697 Ecclesiam
2188 642 2334 696 illam
2365 651 2522 696 erant
2549 641 2767 712 ascripti
2802 657 2816 694 :
2852 650 2907 696 et
2931 656 3126 695 sacros
3165 640 3393 696 Codices

1829 735 1879 787 in
1925 750 2115 788 manus
2159 749 2378 789 sumens
2406 735 2626 789 oracula
2656 749 2682 786 a
2719 736 2828 787 Deo
2863 734 3003 787 edita
3035 742 3241 786 attento
3276 731 3393 786 ani-

1829 839 1915 878 mo
1944 818 2335 897 meditabatur;
2358 824 2586 879 Posthac
2610 825 2881 879 solemnes
2912 838 3101 893 preces
3128 839 3253 879 cum
3276 840 3392 879 uitt-
3450 848 3451 857 ι

1827 932 1982 974 verso
2011 919 2309 974 aulicorum
2344 930 2487 973 coetu
2517 918 2805 972 recitabat.

2377 1006 2603 1064 CAPUT
2637 1006 2818 1062 XVIII.

1918 1096 2071 1153 Diem
2111 1098 2439 1153 Dominicum
2477 1108 2527 1153 et
2559 1108 2761 1152 sextam
2805 1099 2993 1169 feriam
3032 1101 3285 1157 honorari

2478 1171 2735 1237 praecipit.

1897 1256 2051 1315 Diem
2077 1273 2204 1314 vero
2231 1256 2633 1330 precationibus
2666 1273 2966 1330 congruum
3017 1262 3206 1319 haberi
3260 1279 3393 1319 con-

1826 1348 2036 1415 stituit,
2065 1366 2186 1403 eum
2219 1352 2308 1419 qui
2355 1353 2559 1422 primus
2587 1362 2671 1409 est
2697 1362 2752 1408 et
2778 1364 2939 1422 caput
2969 1364 3310 1419 cteterorum,
3337 1363 3393 1412 et

1826 1441 1916 1509 qui
1969 1457 2157 1495 revera
2209 1440 2524 1499 Dominicus
2557 1455 2640 1499 est
2687 1462 2751 1501 ac
2793 1446 3072 1501 salutaris.
3122 1447 3390 1521 Prwtqrea

1824 1530 2090 1588 diaconos
2132 1543 2186 1588 et
2231 1534 2342 1589 Deo
2381 1546 2723 1592 consecratos
2762 1537 3038 1593 ministros
3063 1579 3078 1603 ,
3126 1540 3220 1609 qui
3267 1541 3392 1594 vitae

1825 1624 2098 1694 gravitate
2132 1634 2190 1681 et
2214 1626 2435 1696 reliquis
2461 1628 2754 1685 virtutibus
2782 1631 2959 1685 ornati
2989 1640 3190 1697 essent,
3221 1633 3391 1688 totius

1826 1715 2018 1771 domus
2064 1719 2327 1773 custodes
2349 1720 2649 1775 ordinavit.
2703 1721 2945 1792 Denique
2976 1732 3312 1793 protectores
3337 1733 3392 1778 et

164 1830 275 1876 ποις
327 1811 537 1874 εὐνοίας
587 1807 728 1880 [καὶ]
763 1807 942 1861 πίστει
992 1806 1446 1878 καθωπλισμένοι,
1489 1806 1711 1878 βασιλέα

1825 1807 2116 1877 stipatores
2144 1808 2233 1863 ﬁdi
2263 1850 2279 1875 ,
2309 1812 2700 1867 benevolentia:
2723 1805 2793 1867 ὀι
2831 1815 2953 1871 ﬁdei
2987 1817 3157 1871 armis
3184 1815 3392 1871 instru-

162 1900 469 1955 διδάσκαλον
498 1896 736 1952 εὐσεϐῶν
764 1896 1100 1951 ἐδιδάσκοντο
1119 1896 1230 1966 (54)
1258 1895 1494 1965 τρόπων,
1517 1895 1716 1967 τιμῶν-

1825 1898 1923 1963 cti,
1966 1899 2352 1970 imperatorem
2390 1905 2566 1975 ipsum
2599 1907 2816 1972 pietatis
2851 1906 3169 1977 magistrum
3221 1909 3392 1962 habe-

161 2007 247 2052 τες
273 1990 371 2060 οὐχ
405 1985 568 2060 ἦττον
605 1988 706 2040 καὶ
726 1987 877 2039 αὐτοὶ
900 1985 997 2057 τὴν
1027 1986 1291 2057 σωτήριον
1319 1986 1412 2038 καὶ
1442 1985 1716 2057 Κυριακὴν

1825 1992 1989 2057 bant;
2040 2002 2096 2047 et
2129 1995 2425 2049 salutarem
2475 2012 2539 2050 ac
2588 1996 2925 2052 Dominicum
2971 1999 3112 2052 diem
3166 2000 3391 2068 perinde

161 2081 383 2151 ἡμέραν,
414 2079 579 2150 εύχάς
601 2095 663 2131 τε
694 2081 753 2131 ὲν
786 2078 977 2141 αὐταῖς
1006 2076 1380 2141 συντελοῦντες
1404 2075 1503 2140 τὰς
1521 2076 1716 2146 βασιλεῖ

1825 2083 2193 2151 honorabant;
2223 2101 2396 2156 eoque
2424 2088 2511 2142 die
2534 2091 2876 2158 precatiOnes
2906 2090 3223 2161 imperatori
3255 2107 3389 2162 gra-

162 2174 328 2243 φίλας.
362 2170 571 2224 Ταυτὸν
602 2170 660 2223 δὲ
684 2168 942 2242 πράττειν
974 2167 1070 2221 καὶ
1091 2168 1292 2230 πάντας
1306 2167 1497 2238 ἐνῆγεν
1521 2164 1726 2238 ἀνθρὼ-

160 2281 284 2328 πους
311 2266 340 2316 ό
369 2264 655 2334 μακάριος,
684 2261 871 2333 ὥσπερ
899 2260 1064 2332 εύχὴν
1104 2257 1306 2329 ταύτην
1337 2256 1720 2332 πεποιημένος,

159 2357 327 2428 ἡρέμα
365 2355 684 2425 σύμπαντας
732 2351 1051 2423 ἀνθρώπους
1100 2350 1369 2414 θεοσεϐεῖς
1411 2349 1724 2421 ἀπεργάσα-

162 2446 296 2502 σθαι.
323 2446 416 2500 Διὸ
454 2449 566 2511 τοῖς
596 2445 701 2499 ὑπὸ
730 2446 828 2518 τὴν
870 2444 1158 2516 Ῥωμαίων
1182 2443 1353 2516 ἀρχὴν
1377 2442 1725 2514 πολιτευομέ-

160 2558 262 2603 νοις
284 2541 474 2604 ἅπασι,
506 2537 698 2610 σχολὴν
720 2538 871 2608 ἄγειν
889 2539 1009 2601 ταῖς
1030 2535 1335 2608 ἐπωνύμοις
1362 2535 1455 2590 τοῦ
1477 2536 1724 2608 Σωτῆρος

159 2632 385 2703 ἡμέραις
421 2629 710 2693 ἐνουθέτει,
742 2630 943 2700 ὁμοίως
990 2628 1051 2683 δὲ
1089 2629 1181 2683 καὶ
1206 2628 1303 2692 τὰς
1331 2628 1424 2681 τοῦ
1454 2628 1721 2682 σαϐϐάτου

157 2725 312 2795 τιμᾷν
339 2722 474 2794 (55)-
511 2723 727 2793 μνήμης
751 2722 914 2776 ’ἐνεκά
941 2738 1030 2794 μοι
1068 2721 1243 2775 δοκεῖν
1278 2720 1387 2774 τῶν
1416 2721 1474 2774 ὲν
1500 2719 1723 2784 ταύταις

158 2815 227 2887 τῷ
245 2815 407 2885 κοινῷ
422 2814 633 2886 Σωτῆρι
655 2812 963 2885 πεπράχθαι
999 2813 1497 2884 μνημονευομένων.
1527 2813 1637 2884 Τὴν
1666 2810 1723 2866 δέ

157 2923 216 2975 γε
252 2907 516 2977 σωτήριον
565 2904 796 2976 ἡμέραν,
843 2904 911 2974 ἡν
941 2905 1032 2957 καί
1062 2904 1237 2973 φωτὸς
1267 2899 1405 2957 εἶναι
1431 2905 1523 2957 καὶ
1571 2904 1720 2976 ἡλίου

158 2995 438 3067 ἐπώνυμον
488 2994 795 3065 συμϐαίνει,
853 2992 920 3047 τὰ
982 2991 1346 3064 στρατιωτικὰ
1404 2993 1580 3046 πάντα
1635 2991 1723 3046 διὰ

158 3085 386 3156 σπουδῆς
423 3084 587 3155 τιμᾷν
629 3083 914 3151 διδάσκων,
959 3086 1070 3147 τοῖς
1104 3083 1201 3154 μὲν
1227 3082 1325 3155 τῆς
1364 3082 1546 3136 ἐνθέου
1590 3099 1705 3153 μετ-

130 3206 134 3211 α
158 3176 334 3249 έχουσι
349 3177 605 3239 πίστεως,
625 3176 911 3239 ἀκωλύτως
935 3178 1000 3246 τῇ
1017 3175 1309 3246 Ἐκκλησία
1323 3174 1417 3227 τοῦ
1440 3173 1571 3226 Θεοῦ
1589 3190 1723 3244 καρ-

155 3271 322 3341 τερεῖν
357 3269 887 3340 μετεδίδουκσχολῆς,
930 3271 1013 3337 ἐφ’
1049 3260 1093 3336 ᾧ
1132 3267 1230 3330 τὰς
1270 3265 1452 3336 εύχὰς,
1493 3265 1720 3337 μηδενὸς

155 3362 332 3425 αὐτοῖς
358 3359 607 3433 ἐμποδὼν
628 3361 970 3432 γιγνομένου,
1000 3359 1291 3415 συντελεῖν.

1826 2184 1911 2227 tas
1940 2174 2005 2228 ad
2056 2175 2221 2229 Deum
2253 2176 2571 2233 fundebant.
2610 2179 2867 2250 Reliquos
2893 2181 3055 2235 etiam
3086 2181 3342 2236 mortales
3370 2221 3387 2247 ,

1824 2267 1890 2319 ad
1919 2267 2057 2321 idem
2088 2268 2400 2326 faciendum
2433 2273 2682 2328 incitavit
2722 2275 2974 2344 princeps
3004 2276 3387 2340 beatissimus;

1825 2367 2007 2426 utpote
2035 2360 2125 2428 qui
2175 2361 2227 2415 id
2258 2364 2492 2418 maxime
2523 2364 2576 2417 in
2610 2366 2746 2419 votis
2777 2366 3000 2420 haberet
3023 2405 3038 2430 ,
3073 2377 3131 2421 ut
3162 2368 3385 2419 univer-

1822 2465 1914 2505 sos
1945 2452 2191 2509 homines
2222 2455 2480 2527 paulatim
2521 2455 2610 2509 Dei
2642 2457 2879 2511 cultores
2927 2456 3187 2513 eﬁiceret.
3214 2458 3391 2528 Atque

1822 2545 1891 2596 ob
1924 2546 2060 2600 hanc
2092 2561 2309 2603 causam
2345 2548 2556 2603 cunctis
2594 2550 2693 2605 sub
2737 2549 2962 2619 imperio
3010 2548 3258 2604 Romano
3291 2551 3390 2605 de-

1822 2637 2072 2705 gentibus
2119 2640 2413 2708 prazcepit,
2460 2652 2518 2694 ut
2564 2639 2843 2695 Dominico
2892 2641 2978 2696 die
3020 2640 3390 2709 fariarentur;

1823 2736 1988 2794 utque
2033 2727 2172 2782 diem
2210 2729 2301 2797 qui
2337 2739 2421 2784 est
2457 2731 2632 2800 pridie
2672 2733 2881 2787 sabbati
2932 2732 3187 2788 similiter
3215 2735 3391 2788 honu-

1823 2827 2011 2871 rarent
2040 2835 2056 2872 :
2090 2816 2146 2873 in
2177 2821 2491 2875 memoriam
2521 2861 2535 2883 ,
2566 2830 2624 2876 ut
2669 2822 2902 2891 videtur,
2946 2839 3131 2879 earum
3167 2841 3345 2879 rerum
3371 2867 3389 2891 ,

1822 2918 1940 2974 quae
1968 2922 1998 2960 a
2044 2910 2314 2963 communi
2350 2911 2589 2964 omnium
2625 2908 2918 2966 Servatore
2949 2913 3054 2967 illis
3088 2914 3278 2969 diebus
3303 2930 3390 2985 ge.

1821 3005 1918 3049 Sta:
1944 3009 2067 3073 esse
2093 2998 2466 3068 perhibentur.
2499 2997 2667 3053 Porro
2693 3016 2816 3056 cum
2850 3003 3151 3056 exercitum
3176 3018 3389 3058 omnem

1823 3084 1889 3137 ad
1920 3086 2173 3141 salutaris
2207 3088 2313 3143 diei
2335 3128 2352 3155 ,
2392 3090 2483 3159 qui
2515 3091 2653 3145 lucis
2684 3106 2750 3145 ac
2779 3092 2911 3148 solis
2957 3086 3262 3163 appellatur
3292 3110 3391 3149 nov

1828 3172 2013 3239 mine,
2047 3173 2355 3245 religiosum
2402 3178 2608 3232 cultum
2654 3179 3002 3249 institueret;
3055 3182 3122 3237 iis
3172 3185 3389 3252 quidem

1826 3263 1917 3331 qui
1953 3265 2110 3319 tidem
2135 3266 2395 3321 divinitus
2420 3268 2739 3339 inspiratam
2774 3270 3011 3340 amplexi
3037 3286 3215 3341 erant,
3233 3290 3388 3331 exer-

1826 3359 1984 3413 cendi
2019 3373 2078 3413 se
2101 3374 2167 3415 ex
2194 3376 2345 3416 more
2372 3361 2731 3433 institutoque
2765 3364 3026 3432 Ecclesiae
3050 3367 3147 3422 Dei
3183 3378 3390 3438 tempus

156 3465 319 3524 atque
349 3456 519 3511 otium
547 3456 792 3521 indulsit,
822 3470 930 3523 quo
955 3456 1164 3524 absque
1187 3455 1297 3508 ullo
1326 3454 1712 3523 impedimento
1750 3454 2090 3510 orationibus
2114 3466 2392 3511 vacarent.

668 3552 1065 3607 ΚΕΦΑΛΑΙΟΝ
1100 3549 1203 3605 ΙΘ’.

154 3642 347 3710 Ὅπως
384 3642 484 3698 καὶ
517 3642 657 3709 τοὺς
693 3643 964 3710 ἐθνικοὺς
988 3643 1373 3712 στρατιώτας,
1402 3643 1473 3696 ἐν
1501 3646 1718 3711 Κυρια-

531 3712 663 3780 καῖς
682 3714 961 3784 εὔχεσθαι
979 3713 1331 3783 προσέταξε.

214 3803 339 3869 Τοῖς
389 3806 484 3859 καὶ
540 3808 705 3878 μήπω
742 3802 836 3860 τοῦ
876 3804 1022 3860 θείου
1050 3806 1213 3876 λόγου
1256 3801 1631 3877 μετασχοῦσιν,
1660 3805 1717 3856 ὲν

213 3981 324 4054 (51)
375 3983 735 4056 Ἐκκλησίας
788 3983 935 4040 Θεοῦ
984 3987 1226 4056 τρόπον.
1280 3981 1706 4056 Sozometttts_it_t

150 4051 241 4126 lib.
269 4051 317 4115 ι.
352 4069 402 4126 c.
430 4054 483 4118 7,
508 4051 593 4126 _de
635 4055 988 4126 Constantino
1011 4051 1166 4126 imp.
1208 4056 1281 4109 ita
1330 4053 1561 4126 scribit:
1596 4051 1706 4106 Καὶ

150 4125 203 4177 ὲν
235 4125 346 4187 τοῖς
381 4122 669 4195 βασιλείοις
700 4125 985 4196 εὐκτήριον
1009 4122 1154 4196 οἷκον
1184 4125 1568 4196 κατεσκεύασε.
1605 4128 1713 4196 Ap-

152 4202 293 4261 paret
322 4192 684 4248 Sozomenum
718 4195 769 4247 id
807 4192 883 4249 ei?
922 4195 1151 4250 Eusebio
1192 4205 1397 4255 nostro,
1432 4193 1507 4245 uti
1541 4192 1707 4254 solet,

151 4265 408 4318 hausisse.
451 4264 560 4317 Sed
598 4262 860 4318 Eusebius
888 4279 994 4319 nou
1022 4265 1155 4320 dicit
1197 4263 1612 4320 Constantinum
1654 4261 1706 4314 in

151 4334 339 4400 palatio
363 4332 651 4389 ecclesiam
673 4334 984 4390 aediﬁcasse.
1015 4335 1125 4389 IIoc
1149 4342 1355 4395 tantum
1382 4333 1532 4392 dicit.
1559 4331 1707 4385 illum

150 4404 382 4474 ecclesia:
428 4403 716 4473 quamdam
751 4404 983 4474 speciem
1035 4407 1088 4459 in
1142 4403 1341 4474 palatio
1381 4401 1706 4474 instituisse.

152 4472 275 4526 Vide
328 4470 721 4542 panegyricum
768 4470 979 4528 Eusebii
1028 4474 1081 4528 in
1134 4470 1519 4529 tricennalibus
1561 4472 1706 4526 Con-

149 4519 1707 4613 tantast:1.2;.eis:mitiﬁcant;'aat'tt‘siti'agget.
1738 4519 1782 4573 ι)

149 4614 451 4666 continuat.

211 4682 322 4755 (52)
366 4682 500 4749 Τοῖς
524 4682 634 4755 tor
669 4682 985 4755 ,βασίλειον
1010 4679 1177 4737 οἷκον
1207 4679 1564 4755 πληροῦσιν.
1590 4677 1710 4734 Vox

149 4748 392 4822 ambigua
427 4748 513 4807 est
565 4752 829 4823 βασίλειος
873 4748 1047 4818 οἶκος,
1085 4768 1205 4823 (μεθ
1235 4765 1290 4807 et
1319 4748 1606 4823 Ecclesium
1657 4761 1712 4802 et

150 4820 399 4892 palatium
442 4820 733 4893 signiﬁcat.
775 4824 853 4877 At:
897 4820 1118 4876 videtur
1139 4821 1403 4877 Eusebius
1450 4821 1516 4874 de
1557 4820 1712 4893 induf

150 4890 275 4946 atria
321 4894 373 4947 in
409 4890 570 4961 Ituj'us
616 4894 764 4948 vncis
808 4893 1156 4960 ambiguitate
1204 4893 1417 4954 lusisse,
1460 4905 1526 4961 (ξφ
1568 4890 1711 4958 quod

148 4959 492 5033 Constantini
521 4964 779 5033 palatium
806 4959 980 5033 simile
1006 4972 1145 5016 esset
1161 4962 1439 5033 ecclesiae.
1478 4959 1543 5033 Et
1572 4974 1711 5029 quos

149 5031 231 5087 hic
288 5045 445 5089 vocat
509 5027 633 5096 τοὺς
677 5034 768 5086 τὸν
819 5030 1086 5103 βασίλειον
1134 5027 1279 5103 οἶκον
1338 5027 1709 5101 πληροῦντας,

148 5118 300 5169 supra
326 5105 543 5157 vocavit
566 5105 691 5166 τοὺς
719 5101 862 5157 ἔνδον
889 5101 1429 5172 ὲκκλησιαζομένους.

212 5168 320 5244 (55)
360 5175 634 5241 Φύλακες
676 5172 783 5227 τοῦ
830 5168 1055 5237 παντὸρ
1080 5168 1269 5244 οἶκοί).
1312 5172 1580 5244 Interpres
1611 5168 1712 5244 so-

149 5239 351 5298 zoineni
409 5239 735 5299 sententiain
792 5252 1006 5299 secutus
1067 5242 1350 5296 ecclesiam
1411 5239 1711 5304 intellexit,

147 5316 223 5365 cui
252 5330 356 5367 nou
385 5316 677 5369 assentior.
702 5313 834 5367 Nam
860 5311 1118 5366 Eusebius
1148 5327 1261 5380 Ipse
1287 5312 1338 5364 in
1356 5309 1709 5380 Panegyrico,

147 5396 261 5450 pag.
294 5382 431 5446 628,
481 5386 570 5437 ubi
618 5384 731 5438 btec
767 5385 833 5436 ad
887 5384 1108 5435 verbum
1159 5379 1426 5450 leguntur,
1466 5379 1599 5450 nihil
1647 5381 1713 5433 de

146 5448 366 5507 ecclesia
406 5455 557 5508 dicit.
602 5456 806 5508 Sensus
856 5452 1018 5521 igitur
1054 5448 1229 5521 huius
1264 5451 1363 5503 loci
1409 5457 1526 5510 est,
1568 5448 1713 5503 Con-

148 5525 439 5577 stantinum
488 5525 751 5578 ministris
775 5538 838 5577 ac
867 5519 1084 5589 famulis
1109 5519 1206 5574 Dei
1247 5529 1303 5572 et
1341 5520 1713 5573 sacerdotibus

149 5607 326 5646 curam
362 5604 419 5647 et
447 5595 748 5653 custodiam
781 5592 949 5645 totius
987 5590 1170 5658 palatii
1215 5589 1298 5643 sui
1326 5589 1708 5642 commisisse:

151 5661 217 5716 ita
275 5672 330 5717 ut
388 5665 697 5719 sacerdotes
747 5672 929 5718 essent
989 5661 1142 5728 quasi
1195 5661 1412 5727 quidam
1482 5658 1713 5723 majores

145 5734 368 5856 gamus,
424 5744 517 5789 aut
588 5747 724 5806 quos
782 5731 1011 5788 Romani
1070 5743 1231 5786 curas
1284 5729 1470 5799 palatii
1547 5743 1711 5785 voca-

181 5816 288 5856 aut.

181 5816 288 5859 aut.

2298 3551 2458 3622 535
2511 3551 2737 3609 CAPUT
2769 3552 2917 3608 XIX.

1865 3641 2141 3706 Quomodo
2190 3644 2350 3698 etiam
2382 3646 2597 3713 gentiles
2628 3647 2815 3698 milites
2851 3645 3032 3701 diebus
3062 3645 3354 3702 Dominicis

2378 3731 2533 3768 orare
2569 3716 2825 3769 docuerit.

1894 3803 2134 3874 Reliquis
2165 3820 2291 3861 vero
2316 3807 2408 3877 qui
2433 3806 2628 3861 divina:
2655 3806 2778 3861 ﬁdei
2810 3807 3112 3862 doctrinam
3145 3809 3382 3862 nonduin

1883 3981 1996 4055 (54)
2036 3982 2413 4038 Διδάσκαλον
2442 3982 2735 4055 ,εὐσεϐῶν
2779 3982 3187 4040 ἐδιδάσκοντο.
3241 3984 3390 4055 δτι-ί.

1813 4051 2045 4137 bendtim
2089 4064 2215 4137 puto
2240 4054 2639 4137 Δἐπεγράφοντο.
2672 4054 2806 4109 Nam
2834 4070 3034 4133 excusa
3066 4055 3226 4137 lectio
3255 4054 3383 4111 ferri

1816 4138 1920 4176 non
1959 4121 2156 4194 potest.
2188 4121 2370 4193 Atque
2390 4121 2483 4179 ita'
2502 4125 2551 4177 in
2588 4121 2937 4194 Panegyrico:
2969 4137 3090 4191 pag.
3120 4122 3244 4194 628.

1886 4193 1999 4263 (55)
2044 4194 2153 4247 Καὶ
2194 4191 2302 4260 τὰζ-
2329 4194 2437 4248 τοῦ
2467 4191 2778 4263 σαϐϐάζοϋ
2798 4191 2995 4263 τιμᾷν.
3027 4193 3388 4263 Scribentlutu

1812 4260 1904 4316 est
1926 4260 2111 4342 procul
2141 4266 2305 4342 dubio
2347 4264 2447 4334 τὴν
2476 4260 2708 4342 προτοῦ
2754 4260 3047 4342 σαϐϐάτου.
3094 4262 3281 4342 Atque
3312 4264 3387 4319 ita
3471 4281 3485 4294 ·

1811 4330 2035 4401 apparet
2081 4334 2275 4403 legisse
2330 4330 2456 4403 enin
2507 4330 2601 4401 qui
2659 4332 2843 4403 titulos
2894 4333 3084 4403 horum
3133 4330 3389 4403 capitum

1811 4400 2156 4470 composuitf
2171 4401 2278 4457 Sed
2316 4413 2370 4456 et
2402 4400 2741 4457 Sozumenus
2787 4401 2839 4454 in
2878 4402 3015 4456 libro
3065 4400 3259 4470 primo,
3292 4416 3384 4455 ca-

1812 4468 2001 4540 pite'7,
2022 4473 2252 4540 idipsum
2279 4471 2588 4533 conﬁrmat,
2626 4470 2769 4540 dum
2788 4469 2978 4540 scribit
3004 4489 3017 4523 :
3047 4469 3158 4540 Τὴν
3189 4468 3247 4522 δὲ
3274 4471 3389 4523 Κυ-

1811 4539 2377 4613 maxumam
2404 4541 2638 4613 ἡμέρξῖιε
2667 4540 2732 4610 ἢν
2760 4539 2998 4613 Ἑβραῖοι
3027 4539 3266 4613 πρώτην,
3284 4540 3388 4612 τῆς

1813 4608 2100 4681 ἑϐδομάδος
2125 4608 2497 4682 ὀνομάζουσιν,
2522 4608 2871 4682 Ἕλληνεςδὲ
2889 4608 3386 4682 ἡλίῳλάνατιθέασι,

1933 4678 2033 4764 τῂν
2193 4678 2292 4749 τῆς
2320 4681 2572 4764 ἑϐδόμης,
2620 4678 2979 4764 ἐνομοθέτησε
2999 4678 3390 4764 “.δικαστὴρίων

1812 4750 2034 4822 καὶτῶν
2062 4750 2235 4806 ἄλλων
2246 4751 2439 4822 σχολὴν
2466 4751 2618 4822 ᾄγειν
2631 4750 2858 4822 πάντας,
2882 4750 2975 4822 καὶ
3002 4751 3059 4802 ὲν
3083 4750 3268 4822 εὐχαῖς
3290 4750 3390 4822 καὶ

1811 4819 2050 4901 λιταῖςτὸ
2074 4821 2228 4902 Θεῖρν
2256 4818 2599 4902 θεραπεύειν,
2634 4819 2791 4902 idest
2815 4836 2836 4899 _:
2874 4819 2969 4872 Die
2993 4829 3163 4902 autem
3205 4818 3390 4902 Denti-

1814 4891 1930 4962 njco
1954 4908 2104 4962 quem
2128 4887 2339 4962 Hebra'i
2362 4892 2596 4962 primunt
2624 4887 2846 4951 sabbati,
2871 4889 3087 4962 gentiles
3110 4903 3225 4962 uero
3249 4888 3391 4962 diem

1814 4959 1955 5015 Solis
1966 4958 2253 5029 appellant;
2276 4962 2399 5014 item
2411 4968 2555 5014 sexta
2569 4958 2722 5027 feria,
2735 4969 2946 5011 cunctos
2960 4975 2990 5009 a
3002 4958 3225 5027 judiciis
3248 4958 3391 5011 aliis-

1811 5046 1910 5101 que
1943 5031 2183 5101 operibus
2219 5030 2406 5099 feriari
2438 5029 2700 5101 precepit,
2728 5029 3057 5101 etprgcibus
3092 5044 3158 5101 ac
3184 5029 3394 5101 supply".

1813 5095 2102 5153 sationibus
2157 5095 2323 5153 Deum
2376 5095 2629 5153 venerari.
2663 5097 2717 5149 In
2752 5097 2836 5150 Itis
2870 5095 3161 5152 Sozometti
3208 5097 3391 5150 verbis

1815 5170 2059 5223 nonnihil
2109 5169 2441 5224 diliicultatis
2486 5167 2762 5230 occurrit,
2807 5168 2952 5234 quod
3002 5167 3221 5236 quidem
3268 5179 3391 5236 spe-

1815 5248 1926 5293 ctat
1970 5238 2039 5293 ad
2074 5239 2215 5312 diem
2252 5236 2498 5312 Veneris.
2527 5236 2627 5290 Vix
2674 5237 2819 5312 enim
2855 5234 3037 5290 mihi'
3060 5234 3392 5312 persuadere

1815 5323 2054 5378 possum,
2102 5308 2514 5363 Constantinum
2548 5306 2915 5378 praecepisse,
2938 5315 2996 5378 ut
3033 5322 3100 5360 eo
3127 5306 3214 5378 die
3243 5322 3271 5378 a
3295 5306 3391 5378 ju-

1815 5372 1973 5432 diciis
2020 5372 2378 5432 abstinerent.
2404 5372 2564 5431 Certe
2607 5374 2874 5428 Eusebius
2905 5375 2958 5429 id
3002 5391 3108 5428 non
3151 5372 3282 5426 dicit
3319 5375 3391 5430 de

1814 5445 2043 5503 Veneris
2077 5451 2185 5507 die.
2222 5449 2315 5502 sed
2365 5454 2572 5499 tantum
2616 5448 2683 5497 de
2716 5445 2804 5498 die
2854 5446 3151 5499 Dominico.
3198 5442 3391 5500 Exstat

1814 5517 2156 5572 Constantini
2197 5516 2361 5569 lexin
2411 5517 2599 5569 codice
2631 5513 3030 5580 Thendosiano,
3076 5512 3255 5577 titulo,
3303 5511 3387 5570 De

1814 5587 2000 5656 feriis,
2046 5588 2101 5641 in
2148 5602 2256 5655 qua
2307 5586 2424 5638 dies
2473 5595 2679 5638 tantum
2736 5584 3046 5656 Dominicus
3096 5583 3386 5656 escipitur.

1812 5653 2000 5728 Itaque
2029 5659 2082 5711 id
2111 5653 2184 5728 de
2205 5669 2305 5728 suo
2329 5656 2619 5728 admensus
2638 5663 2724 5708 est
2749 5655 3107 5728 Snzomenus.
3131 5653 3234 5728 Qui
3261 5668 3388 5728 cum

1816 5722 2103 5782 sua'attate
2136 5727 2186 5779 id
2213 5726 2492 5779 observari
2531 5726 2737 5778 videret
2765 5722 3232 5790 Constantinopoli
3263 5725 3388 5782 tl'nit.

1816 5799 1961 5852 enim
1989 5799 2280 5852 advocatus
2310 5796 2363 5850 in
2391 5811 2456 5851 ea
2489 5796 2645 5860 urbe,
2677 5809 2781 5848 una
2812 5807 2936 5849 cum
2962 5796 3214 5865 Aquilino
3248 5809 3387 5861 quu-
