3864 6486
185 375 306 430 1173

1240 381 1330 438 DE
1370 381 1538 440 VITA
1572 381 2030 444 CONSTANTINI
2068 388 2197 448 LIB.
2235 390 2326 448 IV.

3257 408 3398 464 1174

183 491 274 544 πᾶν
308 489 365 543 τὸ
403 489 509 542 τῶν
545 489 882 561 ἀνδρογύνων
923 495 1077 564 γένος
1126 497 1316 572 ὥσπερ
1359 518 1410 554 τι
1452 499 1700 571 κίϐδηλον

1831 507 2007 561 omnis
2039 509 2478 582 androgynorum
2524 515 2670 569 natio
2706 524 2962 588 tanquam
3005 521 3327 589 adulterina,
3363 545 3395 582 e

180 583 357 650 ἀφανὲς
382 583 660 650 γίγνεσθαι
685 586 776 640 τοῦ
806 585 941 657 βίου,
979 591 1101 662 μηδ’
1138 592 1336 657 ἐξεῖναί
1374 611 1463 646 ποι
1491 593 1721 665 ὁρᾶσθαι

177 675 284 737 τοὺς
319 673 413 746 τὴν
454 675 738 745 ἀσέλγειαν
778 681 980 752 ταύτην
1036 685 1410 757 νενοσηκότας.
1486 687 1636 740 Ἐπεὶ
1677 687 1720 740 δ’

178 765 419 818 ὑπέλαϐον
449 766 500 819 οἱ
531 766 938 841 δεισιδαίμονες,
979 775 1172 844 μηκέτι
1206 775 1295 829 τὸν
1323 776 1565 848 ποταμὸν
1601 780 1722 850 ῥεύ-

177 873 270 908 σειν
291 857 469 922 αὐτοῖς
511 859 790 932 συνήθως,
832 865 940 917 πᾶν
977 866 1281 922 τούναντίον
1322 870 1354 941 ἦ
1391 872 1722 942 προσεδόκη-

173 965 256 1000 σαν
278 947 404 1012 Θεὸς
432 948 508 1020 τῷ
553 950 814 1022 βασιλέως
854 957 1220 1028 συμπράττων
1258 960 1406 1031 νόμῳ
1434 965 1721 1033 κατειργά-

171 1038 310 1100 ζετο·
341 1040 390 1092 oi
438 1040 535 1110 μὲν
581 1041 689 1114 γάρ
732 1042 915 1097 οὐκέτι
968 1041 1107 1116 ἦσαν
1145 1049 1194 1101 0i
1239 1052 1304 1120 τῇ
1339 1049 1486 1120 σφῶν
1539 1051 1721 1122 βδελυ-

171 1128 373 1200 ρίᾳτὰς
402 1130 583 1196 πόλεις
612 1133 931 1204 μιαίνοντες,
966 1137 994 1189 ὁ
1019 1137 1073 1190 δέ
1107 1138 1308 1192 ὡσανεὶ
1349 1141 1718 1216 καθαρθείσης

168 1219 298 1290 αὐτῷ
346 1222 443 1293 τῆς
485 1221 696 1296 χώρας,
729 1226 952 1297 ἐφέρετο
988 1223 1099 1294 οἷος
1133 1232 1388 1286 οὐδέποτε
1409 1275 1423 1300 ,
1469 1235 1716 1291 ἀνέϐαινε

166 1330 214 1366 τε
245 1313 473 1386 πλουσίῳ
494 1315 572 1386 τῷ
599 1316 828 1388 ῥεύματι
891 1322 1068 1386 πάσας
1095 1323 1398 1390 ἐπικλύζων
1431 1326 1531 1391 τὰς
1556 1329 1718 1400 ἀρού-

168 1422 284 1475 ρας,
334 1405 478 1478 ἔργῳ
538 1408 809 1463 παιδεύων
840 1411 966 1477 τοὺς
1019 1415 1296 1489 ἄφρονας⁹
1335 1422 1563 1492 μιαροὺς
1620 1423 1715 1492 μὲν

165 1498 506 1570 ἐκτρέπεσθαι
536 1500 646 1554 δεῖν
680 1502 897 1575 ἄνδρας,
937 1506 1081 1578 μόνῳ
1127 1508 1184 1560 δὲ
1217 1509 1296 1580 τῷ
1327 1513 1528 1577 παντὸς
1577 1515 1713 1583 ἀγα-

163 1589 242 1643 θοῦ
266 1590 445 1663 δοτῆρι
475 1592 570 1665 τὴν
593 1594 700 1647 τῶν
728 1595 907 1650 καλῶν
937 1599 1243 1655 ἀνατιθέναι
1273 1605 1472 1658 αἰτίαν.

660 1871 1052 1928 ΚΕΦΑΛΑΙΟΝ
1085 1877 1222 1945 Κςῖν.

159 1958 338 2042 Νόμου
371 1959 478 2042 τοῦ
520 1962 701 2042 ,θεατὰ-
735 1965 1002 2042 ἀτέκνωζ·
1035 1969 1208 2036 ὄντος
1255 1972 1600 2042 διόρθωσις,
1625 1977 1711 2032 ἔτι

214 2028 279 2083 δὲ
315 2031 411 2084 καὶ
444 2031 549 2085 τοῦ
573 2034 703 2100 περὶ
740 2035 1040 2105 διαθηκῶν
1072 2028 1283 2110 ὁμοίως
1309 2028 1638 2114 δὶόρθωοῖιξνξ

224 2123 378 2178 Ἀλλά
411 2126 518 2199 γὰρ
563 2129 729 2199 μυρία
776 2132 998 2186 τοιαῦτα
1033 2135 1241 2205 βασιλεῖ
1279 2139 1588 2210 πραχθέντα
1623 2145 1708 2213 ἐφ’

153 2214 375 2287 ἑκάστης
410 2219 696 2289 ἐπαρχίας,
730 2221 951 2296 πλείστη
999 2226 1195 2293 γένοιτ’
1224 2227 1288 2281 ἂν
1312 2229 1558 2304 ῥᾳστώνη
1599 2232 1707 2305 (72)

152 2307 250 2370 τοῖς
274 2308 505 2379 γράφειν
539 2310 676 2364 αύτά
721 2315 1185 2388 φιλοτιμουμένοις
1205 2336 1218 2350 ·
1251 2319 1438 2394 ὥσπερ
1483 2320 1574 2378 οὖν
1618 2327 1709 2379 καὶ

152 2396 332 2471 νόμους
382 2399 472 2464 οὓς
509 2403 573 2454 ἐκ
612 2403 856 2458 παλαιῶν
883 2407 974 2460 ἐπὶ
1006 2408 1065 2461 τὸ
1114 2409 1402 2485 ὁσιώτερον
1445 2416 1711 2485 μεταϐάλ-

151 2487 246 2543 λων
273 2492 568 2548 ἀνενεοῦτο.
599 2497 706 2550 Καὶ
735 2498 935 2553 τούτων
962 2499 1008 2553 δ’
1030 2502 1087 2554 ἐν
1121 2501 1285 2575 ὀλίγῳ
1317 2507 1444 2576 ῥᾷον
1478 2510 1709 2580 ἐκφῆναι

149 2582 228 2636 τὸν
248 2585 461 2655 τρόπον.
507 2588 645 2652 Τοὺς
678 2590 911 2656 ἄπαιδας
939 2593 1053 2666 (75)
1088 2596 1307 2650 παλαιοὶ
1335 2599 1485 2671 νόμοι
1514 2605 1708 2675 στερή-

150 2691 222 2729 σει
248 2677 343 2748 τῆς
363 2678 472 2732 τῶν
497 2682 735 2752 γονίμων
779 2684 1029 2758 διαδοχῆς
1073 2688 1462 2761 ἐτιμωροῦντο·
1514 2695 1606 2748 καὶ
1641 2692 1710 2768 ἦν

147 2758 290 2832 οὗτος
315 2771 458 2825 κατά
494 2772 602 2827 τῶν
633 2774 874 2830 ἀτέκνων
902 2778 1114 2850 ἀπηνὴς
1144 2781 1305 2852 νόμος
1329 2823 1342 2846 ,
1380 2784 1580 2838 ὡσανεὶ
1614 2805 1711 2840 πε-

149 2859 602 2936 πλημμεληκότας
649 2867 845 2932 αὐτοὺς
895 2867 1068 2943 ζημίᾳ
1107 2873 1368 2937 κολάζων.
1421 2877 1604 2942 Λύσας
1644 2879 1708 2950 δὴ

148 2958 404 3027 συγχωρεῖ
423 2957 778 3029 κληρονομεῖν
805 2961 931 3026 τοὺς
959 2965 1352 3036 προσήκοντας.
1393 2968 1566 3023 Τοῦτο
1595 2972 1705 3042 (74)

149 3041 386 3113 βασιλεὺς
441 3048 537 3102 ἐπὶ
568 3050 629 3103 τὸ
669 3051 813 3104 ὅσιον
853 3053 1162 3128 μεθήρμοζε
1187 3097 1202 3121 ,
1237 3060 1363 3124 τοὺς
1393 3061 1532 3116 κατὰ
1578 3063 1710 3132 γνὼ-

150 3154 247 3206 μην
287 3139 742 3212 πλημμελοῦντας
798 3145 994 3212 εἰπὼν,
1046 3153 1112 3222 τῇ
1178 3156 1529 3230 προσηκούσῃ
1595 3159 1706 3214 δεῖν

1743 1853 1784 1907 Β

1827 600 2001 655 medio
2056 602 2368 673 tolleretur;
2417 621 2518 663 nec
2583 625 2809 680 usquam
2862 615 3304 684 conspicerentur
3356 623 3392 676 ii

1826 694 1918 762 qui
1946 692 2256 764 hujusmodi
2288 697 2638 769 impudicitia:
2674 703 2864 759 morbo
2893 704 3257 767 laborassent.
3285 713 3393 770 Sed

1825 783 2087 852 quoniam
2111 789 2476 856 superstitiosi
2505 791 2754 848 homines
2782 796 3185 865 existimabant,
3214 801 3392 858 Nilum

1823 878 2048 944 posthac
2094 894 2244 934 more
2289 881 2447 937 solito
2498 898 2657 955 agros
2703 901 2832 942 suos
2878 889 3099 946 minime
3127 893 3392 965 irrigatu-

1823 982 1976 1034 rum,
2013 969 2359 1039 imperatoris
2425 974 2526 1045 legi
2589 975 2780 1034 favens
2838 978 3014 1046 Deus,
3055 987 3389 1041 contrarium

1821 1074 2046 1128 prorsus
2073 1078 2234 1132 quam
2275 1077 2629 1134 speraverant
2659 1071 2930 1139 praestitit.
2982 1071 3115 1127 Nam
3151 1073 3226 1130 illi
3269 1076 3390 1146 qui-

1818 1153 1939 1207 dem
1979 1155 2069 1223 qui
2122 1157 2284 1213 urbes
2331 1158 2696 1215 obsccenitate
2750 1176 2847 1216 sua
2899 1162 3232 1231 polluebant,
3267 1180 3390 1224 esse

1820 1245 2102 1302 desierunt
2139 1287 2155 1311 ,
2185 1247 2301 1319 ipse
2361 1259 2541 1307 autem
2575 1251 2794 1320 ﬂuvius,
2825 1256 2979 1324 quasi
3009 1258 3222 1328 expiata
3255 1275 3389 1330 pur-

1819 1346 2053 1406 gataque
2084 1337 2187 1406 ipsi
2220 1348 2333 1394 tota
2383 1342 2629 1411 regione,
2669 1343 2889 1400 uberior
2937 1362 3102 1417 quam
3150 1365 3388 1419 unquam

1817 1437 1975 1480 antea
2012 1425 2241 1494 adluxit,
2278 1440 2334 1486 et
2364 1431 2596 1503 largiore
2622 1449 2886 1505 aquarum
2919 1439 3388 1508 copiaesundans,

1815 1532 1977 1587 agros
2011 1534 2199 1576 omnes
2226 1522 2476 1592 irrigavit
2511 1545 2524 1580 :
2555 1525 2749 1581 stultos
2801 1528 3055 1586 homines
3085 1532 3259 1602 reipsa
3293 1532 3387 1587 do-

1817 1625 1946 1664 cens
2000 1622 2162 1681 atque
2200 1612 2519 1678 admonens,
2572 1616 2816 1688 impuros
2868 1602 3090 1688 quidem
3149 1621 3390 1677 aversari

1815 1713 2100 1770 oportere,
2143 1704 2242 1758 soli
2295 1716 2477 1761 autem
2531 1707 2640 1763 Deo
2696 1711 2934 1765 omnium
2994 1713 3255 1768 bonorum
3290 1730 3388 1769 au-

1816 1793 1976 1858 ctori,
2017 1811 2309 1866 prosperos
2348 1812 2510 1853 casus
2532 1814 2652 1855 esse
2682 1803 3053 1860 ascribendos.

2299 1964 2307 1973 .
2370 1888 2602 1946 CAPUT
2643 1891 2834 1949 XXVI.

1817 2001 2088 2056 Correctio
2114 2002 2244 2070 legis
2265 2004 2514 2060 adversus
2536 2006 2784 2070 orbos,'et
2805 2007 2936 2079 legis
2958 2011 3022 2065 de
3044 2015 3388 2071 testamentis.

1891 2137 2084 2193 Verum
2111 2141 2390 2197 enimvero
2414 2158 2538 2197 cum
2571 2143 2879 2213 bujusmodi
2927 2163 3018 2202 res
3057 2165 3194 2221 pene
3229 2153 3390 2208 innu-

1814 2230 2105 2285 merabiles
2133 2231 2184 2284 iu
2222 2233 2450 2303 singulis
2489 2236 2788 2305 provinciis
2817 2239 2886 2294 ab
2915 2239 3248 2310 imperatore
3295 2259 3389 2314 ge-

1820 2329 1917 2375 stae
1974 2323 2100 2388 sint,
2161 2325 2470 2397 quicunque
2521 2343 2615 2385 eas
2663 2331 2935 2388 curiosius
3005 2335 3246 2392 scribere
3292 2337 3432 2408 ag-'

1814 2412 1986 2478 gressi
2010 2411 2230 2479 iuerint,
2254 2416 2645 2486 amplissimam
2672 2430 2822 2476 certe
2839 2423 3122 2479 materiam
3149 2425 3384 2482 habituri

1816 2513 1966 2557 sunt.
2009 2503 2328 2575 Cujusmodi
2371 2519 2456 2564 est
2477 2511 2621 2580 quod
2651 2511 2917 2582 plurimas
2950 2514 3091 2586 leges
3119 2517 3187 2572 ad
3217 2520 3386 2588 majo-

1815 2608 1928 2647 rem
1955 2595 2298 2652 sanctitatem
2328 2599 2641 2667 traducens,
2673 2616 2772 2671 pro
2817 2605 3058 2675 antiquis
3103 2624 3273 2665 novas
3304 2610 3385 2664 fe-

1811 2684 1908 2739 cit.
1943 2686 2120 2756 Atque
2159 2687 2317 2755 hujus
2345 2689 2423 2744 rei
2451 2688 2625 2745 forma
2658 2707 2765 2748 uno
2808 2703 2901 2748 aut
2933 2695 3106 2753 altero
3138 2700 3385 2770 exemplo

1811 2777 2082 2834 declarari
2113 2789 2311 2849 potest.
2339 2779 2515 2837 Orbos
2566 2783 2808 2853 antiqua:
2853 2786 3000 2858 leges
3047 2789 3385 2846 lunreditatis

1811 2881 2028 2942 patrum
2056 2874 2403 2944 ademptione
2434 2877 2762 2945 plectebant.
2797 2878 2962 2951 538
3006 2882 3248 2953 Eratque
3293 2885 3383 2940 lex

1811 2963 1925 3019 haec
1951 2979 2083 3020 sane
2108 2967 2486 3034 atrocissima,
2519 2970 2720 3040 quippe
2750 2987 2871 3040 quae
2912 2975 3161 3030 homines
3195 2976 3383 3032 liberis

1811 3054 2124 3122 destitutos,
2180 3066 2434 3128 tanquam
2483 3060 2710 3131 alicujus
2757 3062 3005 3119 criminis
3052 3081 3191 3130 reos,
3220 3079 3378 3136 poena

1813 3144 2077 3203 alliceret.
2127 3145 2426 3218 Imperator
2450 3164 2599 3216 vero,
2634 3150 2735 3206 hoc
2771 3153 3035 3224 abrogato
3077 3154 3221 3224 jure,
3253 3170 3380 3210 sar-

152 3233 487 3303 σωφρονίζειν
533 3237 782 3292 κολάσει·
829 3240 1064 3307 ἄπαιδας
1119 3245 1217 3315 μὲν
1249 3225 1368 3320 ςγάρ
1409 3225 1634 3315 πολλοὺς
1671 3255 1702 3324 ὴ

1808 3249 1951 3292 ctam
1975 3253 2040 3294 ac
2062 3239 2372 3309 religiosam
2404 3239 2576 3312 legem
2608 3242 2748 3298 tulit.
2777 3243 2882 3299 Eos
2899 3244 3040 3300 enim
3074 3246 3164 3314 qui
3187 3256 3379 3316 sponte

150 3323 296 3391 φύσις
330 3327 618 3395 ἀνέδειξεν,
654 3330 983 3404 εὐξαμένους
1020 3337 1117 3408 μὲν
1151 3341 1509 3408 πολυπαιδίας
1552 3323 1707 3399 εὐτυέ

141 3417 317 3508 χῆσαι,
352 3422 716 3494 στερηθέντας
764 3426 820 3479 δέ
877 3427 1091 3498 φύσεως
1147 3433 1434 3508 ἀσθενείᾳ·
1471 3437 1620 3492 ἄλλοι
1659 3439 1704 3492 δ’

141 3505 351 3574 ἄπαιδες
381 3513 690 3581 γεγόνασιν,
719 3517 780 3569 οὐ
820 3523 1145 3594 παραιτήσει
1190 3526 1394 3580 παίδων
1433 3528 1700 3600 διαδοχῆς,

142 3601 442 3689 γυναικείας
464 3603 510 3656 δ’
541 3605 855 3680 ἀποστροφῇ
891 3609 1108 3680 μίξεως,
1149 3613 1214 3685 ἣν
1247 3617 1589 3689 σφοδροτάτῳ
1625 3637 1706 3688 φι-

140 3687 379 3760 λοσοφίας
410 3693 574 3766 ἔρωτι
606 3697 939 3767 προείλοντο·
986 3702 1204 3771 ἁγνείαν
1234 3704 1291 3758 δὲ
1332 3708 1425 3760 καὶ
1464 3709 1700 3779 παντελῆ

143 3777 421 3847 παρθενίαν
470 3784 730 3850 γυναῖκες
778 3785 1042 3859 ἱερωσύνῃ
1110 3789 1244 3843 Θεοῦ
1301 3777 1702 3866 καθιερωμέναι

142 3870 413 3941 μετῆλθον,
444 3871 595 3943 ἁγνῴ
628 3873 722 3926 καὶ
753 3876 1000 3948 παναγίῳ
1027 3878 1147 3948 βίῳ,
1178 3879 1322 3952 ψυχῇ
1350 3885 1445 3937 καὶ
1470 3886 1700 3957 σώματι,

141 3964 267 4030 σφᾶς
292 3963 463 4027 αὑτὰς
491 3964 916 4037 καθιερώσασαι.
946 3969 1011 4022 Τί
1053 3967 1145 4025 οὖν
1164 4012 1179 4036 ,
1227 3976 1502 4048 τιμωρίας
1550 3979 1700 4044 ἀξιον

136 4057 300 4123 τοῦτο,
333 4061 365 4132 ἣ
399 4061 679 4132 θαύματος
703 4065 794 4119 καὶ
826 4067 1094 4140 ἀποδοχῆς
1121 4072 1285 4144 ἐχρῆν
1311 4076 1591 4145 ήγεῖσθαις
1638 4079 1702 4132 Ἠ

139 4152 226 4220 μὲν
258 4153 364 4226 γὰρ
391 4155 700 4227 προθυμία,
744 4159 938 4213 πολλοῦ
965 4161 1090 4228 ἀξία
1110 4203 1125 4226 ,
1163 4164 1223 4216 τὸ
1263 4165 1319 4218 δὲ
1347 4169 1698 4240 κατόρθωμα,

135 4245 369 4312 κρεῖττον
423 4249 659 4316 φύσεως.
708 4251 845 4315 Τοὺς
882 4252 980 4322 μὲν
1028 4251 1122 4307 οὖν
1155 4255 1407 4330 ἀσθενείᾳ
1464 4261 1697 4330 φύσεως,

133 4335 327 4389 παίδων
363 4338 661 4410 ἐπιθυμίας
691 4344 1110 4414 στερουμένους,
1152 4345 1454 4416 ἐλεεῖσθαι,
1501 4351 1614 4404 ἀλλ’
1636 4355 1696 4407 οὐ

132 4428 476 4499 τιμωρεῖσθαι
499 4433 786 4504 προσήκει,
809 4435 901 4488 τὸν
917 4435 973 4489 δὲ
991 4436 1084 4490 τοῦ
1107 4438 1411 4509 κρείττονος
1440 4444 1696 4516 ἐραστὴν,

128 4516 266 4582 ἄξιον
301 4517 440 4575 εἶναι
470 4513 932 4597 ύπερθαυμάζειν,
963 4529 1078 4583 ἀλλ’
1121 4531 1180 4584 ού
1227 4533 1489 4598 κολάζειν.
1541 4535 1695 4591 Οὕτω

125 4609 210 4663 τὸν
233 4613 394 4684 νόμον
415 4614 667 4686 βασιλεὺς
697 4620 792 4673 σὺν
821 4621 965 4692 ὀρθῷ
991 4622 1234 4697 λογισμῷ
1274 4627 1691 4700 μετερρύθμιζε.

125 4698 370 4759 Κάπειτα
402 4707 511 4761 τῶν
542 4708 633 4762 τὸν
672 4709 786 4780 βίον
819 4714 1284 4784 μεταλλαττόντων
1315 4698 1559 4790 ὁμοίως,
1594 4740 1697 4776 πα-

122 4792 253 4850 λαιοὶ
283 4799 384 4870 μὲν
427 4802 604 4874 νόμοι,
650 4805 736 4858 ἐπ’
769 4807 938 4878 αὐτῆς
987 4810 1219 4885 ἐσχάτης
1269 4814 1379 4886 (75)
1418 4816 1695 4888 ἀναπνοῆς

187 5004 297 5086 (72)
327 5006 598 5086 Ιζλειζσςτη
634 5007 847 5086 τέκοιθ
873 5009 950 5086 ἂν
977 5013 1282 5086 ῥᾳστώνη.
1330 5017 1540 5086 Melius,
1574 5038 1694 5079 meo

122 5075 591 5155 quidfntjudicip,
627 5075 1122 5155 dixissetsbrropia.

186 5145 298 5228 (75)
336 5145 485 5227 Τοὺς
515 5149 792 5215 ἄπαιδας.
845 5150 979 5228 Vide
1015 5145 1387 5213 :Sozomenum
1440 5161 1494 5214 iu
1524 5162 1616 5217 lib.
1650 5180 1688 5228 ι,

120 5230 232 5299 cap.
263 5218 444 5299 9,3tti
488 5229 548 5272 ut
593 5229 716 5287 pote
751 5224 1060 5299 causidicus
1102 5228 1390 5299 Byzantini
1439 5230 1560 5288 l'ori.
1594 5218 1692 5288 hos

120 5283 305 5371 [ζευφο
339 5283 711 5371 Romanarum
761 5291 930 5347 nodos
981 5283 1182 5371 clarius
1217 5283 1689 5371 explicati—quain

117 5353 709 5438 Ευξεὺίιιδεηνίιίειῑάιιε
738 5374 1063 5438 quoque_est
1084 5353 1371 5438 Lipsius'in
1399 5353 1690 5426 comitio:

117 5427 346 5512 tario-ad
378 5427 474 5512 lib.
513 5444 575 5483 ιιι
627 5427 912 5486 Annalium
941 5432 1113 5491 Taciti
1149 5427 1246 5493 'ubi
1277 5442 1344 5495 de
1375 5441 1492 5511 lege
1524 5441 1688 5512 Papia

115 5493 224 5550 fuse
247 5497 491 5553 disserit.

180 5567 292 5634 (74)
325 5568 586 5649 Λύσρςηδ
593 5568 625 5638 ἡ
639 5574 939 5649 συγχωρεῖ
946 5579 1341 5649 κληρονομεῖν
1358 5579 1499 5647 τοὺς
1510 5596 1690 5649 προσ-

113 5634 393 5721 ήκοντας.
440 5634 642 5695 Τοῦτό.
884 5634 1075 5722 λύσας’
1100 5648 1164 5721 δὴ
1204 5634 1378 5703 ’τοῦτο
1411 5634 1684 5722 βασιλεύς,

112 5711 395 5792 expunctis
425 5723 663 5778 quatuor
687 5711 798 5792 illis
823 5718 1066 5792 vocibus,
1097 5711 1215 5787 quae
1256 5736 1324 5792 ex
1361 5711 1601 5792 margine
1632 5711 1685 5779 in

115 5786 316 5862 textum
345 5781 700 5862 irrepserunt.
743 5783 916 5862 Porro
943 5787 1067 5862 hinc
1113 5781 1426 5846 constitutio
1456 5781 1686 5862 impera-

117 5848 244 5907 toris
275 5848 621 5909 Constantini
650 5863 828 5911 exstat
860 5857 913 5913 in
941 5856 1034 5913 lib.
1077 5874 1173 5917 vut
1203 5863 1404 5919 codicis
1437 5863 1478 5920 Τ
1485 5848 1686 5922 héodo-

1718 5919 1748 5928 ς.

1807 3345 1870 3385 ac
1903 3330 2082 3385 dedita
2126 3345 2290 3402 opera
2341 3345 2650 3402 peccarent,
2689 3350 2928 3406 congruo
2958 3338 3220 3407 supplicio
3264 3337 3379 3393 arﬁ-

1807 3422 2026 3477 ciendos
2052 3438 2171 3478 esse
2202 3425 2399 3480 aiebat.
2449 3427 2522 3480 At
2560 3442 2690 3482 vero
2716 3427 2900 3484 multis
2931 3439 3127 3484 natura
3176 3429 3378 3487 liberos

1806 3515 2126 3586 denegavit;
2155 3517 2246 3585 qui
2278 3533 2404 3572 cum
2455 3533 2802 3576 numerosam
2850 3521 3093 3578 sobolem
3141 3523 3242 3577 sibi
3275 3537 3376 3593 op-

1808 3614 2034 3672 tassent,
2068 3614 2249 3662 tamen
2279 3610 2348 3664 ob
2385 3611 2634 3679 corporis
2675 3612 3045 3668 inﬁrmitatem
3071 3614 3256 3669 liberis
3284 3630 3377 3668 ca-

1804 3708 2052 3752 ruerunt.
2093 3698 2201 3754 Alii
2231 3701 2350 3756 sine
2380 3700 2567 3758 liberis
2615 3703 2738 3758 ideo
2783 3706 3061 3771 vixerunt,
3097 3720 3202 3760 non
3233 3709 3376 3776 quod

1804 3804 2150 3846 successores
2183 3792 2387 3849 habere
2441 3793 2640 3851 liberos
2688 3796 2916 3864 nollent,
2948 3799 3041 3854 sed
3073 3800 3219 3868 quod
3257 3815 3376 3854 mu-

1804 3880 2028 3936 liebrem
2063 3883 2309 3953 c0pulam
2347 3898 2769 3957 aversarentur,
2821 3904 2935 3958 pra:
2994 3892 3375 3947 ardentissimo

1802 3989 1988 4030 amore
2031 3976 2383 4046 philosophia:
2415 3979 2466 4032 id
2506 3980 2856 4036 continentiae
2907 3991 3078 4051 genus
3115 3982 3374 4053 amplexi.

1804 4063 1982 4120 Multae
2015 4074 2279 4136 praeterea
2312 4067 2566 4124 mulieres
2597 4069 2779 4126 divino
2813 4071 2978 4126 cultui
3017 4085 3370 4136 consecrata),

1801 4162 2114 4219 castitatem
2161 4175 2326 4234 atque
2369 4165 2737 4219 omnimodam
2769 4165 3138 4236 virginitatem
3190 4164 3375 4220 colue-

1802 4263 1928 4307 runt
1995 4262 2050 4309 et
2087 4263 2195 4309 tam
2247 4253 2457 4310 animos
2505 4269 2632 4310 suos
2686 4269 2846 4324 quam
2899 4270 3158 4324 corpora,
3188 4255 3374 4324 puris-

1800 4348 1952 4402 sima:
2002 4361 2066 4401 ac
2119 4348 2482 4402 sanctissimae
2526 4347 2651 4402 vita:
2704 4347 3178 4417 mancipaverunt.
3231 4347 3373 4415 Quid

1801 4440 1969 4512 ergo?
1996 4439 2190 4495 Utrum
2239 4441 2341 4495 hoc
2374 4425 2658 4508 Sup'plicio,
2689 4453 2755 4493 an
2797 4440 2976 4510 potius
3009 4433 3369 4496 admiratione

1801 4544 1854 4587 et
1887 4532 2279 4602 approbatione
2321 4533 2539 4604 dignum
2593 4532 2779 4588 haberi
2831 4533 3110 4602 oportuit?
3159 4532 3369 4588 Etenmt

1801 4627 1961 4698 hujus
1995 4629 2070 4682 rei
2113 4627 2199 4682 vel
2223 4638 2450 4684 conatus
2478 4628 2594 4699 ipse
2623 4627 2916 4681 maximam
2943 4627 3153 4682 laudem
3188 4642 3372 4682 mere-

1798 4730 1885 4775 tur
1923 4735 1938 4772 :
1970 4720 2199 4776 ell'ectus
2225 4735 2355 4776 vero
2385 4731 2594 4776 natura:
2649 4720 2902 4776 humana:
2953 4721 3099 4775 vires
3130 4721 3366 4776 excedit.

1801 4813 1905 4868 Eos
1936 4812 2100 4883 igitur
2130 4813 2326 4884 quibus
2344 4812 2612 4869 naturalis
2635 4812 2948 4880 inﬁrmitas,
2979 4812 3106 4868 licet
3134 4815 3370 4869 maxime

1792 5011 1952 5088 siani,
1987 5012 2142 5088 titulo
2180 5013 2258 5088 De
2308 5016 2643 5088 inﬁrmandis
2692 5020 2856 5088 paeni:
2906 5019 3178 5075 ctelibatus
3203 5031 3254 5076 et
3282 5039 3368 5075 οι·-

1792 5083 2077 5163 bitatis._ln
2105 5086 2292 5163 codice
2319 5083 2455 5142 Fuk.
2485 5100 2538 5144 et
2571 5083 2701 5163 Sav.
2735 5106 2831 5158 pro
2856 5090 3029 5163 λύσας
3054 5091 3140 5163 δή,
3169 5093 3368 5162 legitur

1792 5152 2155 5232 τελευτῶντας
2197 5156 2276 5232 δέ,
2310 5152 2748 5232 etc.,qnomodo
2796 5162 2959 5216 etiam
2996 5152 3046 5215 in
3079 5152 3364 5232 Scaligeri,

1790 5223 2076 5294 Bongarsii
2129 5237 2181 5279 et
2211 5223 2687 5301 ChristOpnm-soni
2739 5231 2894 5286 libris
2939 5234 3197 5301 scriptum
3228 5223 3365 5288 "esse

1793 5300 2482 5368 tnonueruut‘typographi
2513 5297 2876 5358 Genevenses.
2929 5297 3138 5355 Mallem
3181 5313 3389 5357 tmueno

1790 5363 1971 5444 legere
2005 5381 2072 5444 ert
2121 5363 2418 5444 So’zouieno
2469 5369 2541 5444 μὴ
2573 5371 2868 5443 συγχωρῶν
2919 5371 3270 5444 κληρονομεῖν
3316 5377 3365 5428 ει

1793 5435 2330 5521 μὴ,;εεΡς,ὲγγυῖεται
2362 5435 2757 5521 σξροέτῆιονεέἇςο

1861 5506 1970 5582 ς75)
2006 5507 2154 5582 Vulg.
2189 5509 2258 5573 ἐξ
2303 5506 2614 5580 ἐπ”ιῑὺέῆς
2636 5512 2989 5582 ἐσχάτης....
3027 5515 3364 5582 Ἀκριϐονιο-
3455 5527 3470 5546 ‘

1786 5577 2035 5647 γεῖσθαι.
2058 5579 2429 5654 ᾔῚίίιιιιεροείλιιι
2459 5584 2545 5636 hic
2565 5577 3014 5646 Sttnt'vocalntla,
3042 5577 3162 5654 ιιιιῶ
3205 5589 3366 5639 mini-

1789 5664 1875 5727 mo
1898 5649 2108 5727 negotio
2137 5650 2218 5727 ita
2256 5651 2460 5727 restitui
2484 5664 2704 5727 possunt
2737 5656 2860 5708 εέπ⁸
2909 5649 3144 5727 ἐσχάτης
3191 5658 3368 5711 ἀναπ-

1786 5718 1914 5797 νοῆς
1937 5718 2499 5797 ἐξακριϐολογεξσθαιξ
2518 5725 2685 5778 Porro
2702 5741 2760 5779 ea
2787 5727 2866 5780 lex
2898 5718 3234 5783 Constantini
3259 5745 3363 5797 qua

1786 5790 1949 5857 prisci
1971 5790 2110 5858 juris
2139 5793 2530 5860 morositatem,
2573 5803 2628 5849 et
2653 5797 2940 5852 verborum
2987 5798 3246 5854 formulas
3276 5790 3361 5852 'in

1787 5861 2079 5917 condendis
2127 5865 2462 5923 testamentis
2484 5866 2735 5936 abolevit,
2768 5868 2947 5939 hodie,
2965 5871 3018 5926 ni
3051 5869 3222 5934 fallor,
3255 5884 3364 5925 non
