3864 6508
166 393 275 453 1181

1222 385 1313 441 DE
1353 382 1517 441 VITA
1553 383 2010 441 CONS‘I‘AN'I'INI
2045 384 2155 442 LIB
2212 384 2305 444 IV.
2366 416 2371 421 -

3220 388 3360 447 “82

166 512 245 585 μὴν
269 512 369 579 ὅπη
402 507 555 577 φίλον
584 506 797 577 ἑκάστῳ
821 546 835 571 ,
892 506 1125 578 κρινέτω
1147 522 1162 537 ·
1218 507 1342 578 ἐμοὶ
1388 506 1434 561 δ’
1474 506 1691 577 msice“

1810 507 2027 578 injuria,
2062 514 2264 562 statuat
2291 506 2523 576 quisque
2548 511 2708 576 prout
2732 503 3018 558 videbitur.
3067 502 3194 559 Mihi
3221 505 3362 562 inte-

162 600 340 671 τάληθῆ
371 598 627 670 γράφειν.

642 686 1036 740 ΚΕΦᾹΛΑΙΟΝ
1071 687 1191 740 AB’.

1808 600 1908 653 rim
1938 598 2022 654 Ias
2053 599 2123 655 sit
2144 612 2323 653 rerum
2346 596 2629 650 veritatem
2656 596 2873 663 scriptis
2896 594 3153 665 prodere.

2337 685 2569 742 CAPUT
2610 685 2821 741 XXXII.

161 784 279 854 Περὶ
310 780 765 854 συηφᾴμμᾳτος
809 779 1266 854 Κωνονταντιτου
1286 817 1321 854 ,Δ
1343 775 1375 830 ὃ
1419 776 1568 844 πρὸς
1594 775 1691 830 τὸν

1805 778 1886 834 De
1960 777 2292 833 Constantini
2348 779 2621 844 oratione,
2679 794 2843 854 gnam
2919 778 2989 831 ad
3056 786 3356 832 sanctorum

450 850 570 904 τῶν
601 849 784 919 ἁγίων
809 849 1118 917 σύλλογον
1141 849 1383 917 ἔγραψε.

222 942 454 1015 Ῥωμαία
483 940 581 1012 μὲν
611 936 705 994 οὖν
741 938 952 1011 γλώττῃ
982 940 1081 1014 τήν
1108 939 1219 992 τῶν
1256 938 1427 1007 λόγων
1466 952 1702 1005 συγγρα-

158 1038 245 1109 φὴν
282 1034 524 1105 βασιλεὺς
566 1033 824 1103 παρεῖχε’
858 1030 1179 1100 μετέϐαλλον
1224 1031 1265 1083 δ’
1310 1030 1478 1100 αὐτὴν
1511 1031 1703 1101 μεθερ-

160 1125 397 1198 μηνευταὶ
428 1122 542 1187 (82)
591 1123 741 1191 φωνῇ
783 1120 868 1191 (τῇ
886 1117 1176 1191 θήμετέρᾳ)
1227 1113 1309 1179 οἷς
1336 1116 1492 1171 τοῦτο
1528 1120 1700 1170 ποιεῖν

158 1219 292 1289 ἔργον
332 1210 420 1284 ἦν.
459 1211 581 1264 Τῶν
609 1209 653 1262 δ’
699 1206 1138 1280 ὲρμηνευθέντων
1182 1207 1375 1278 λόγων,
1410 1206 1700 1277 δείγματος

158 1306 316 1358 Ξνεκεν
337 1340 352 1363 ,
406 1299 546 1369 μετά
583 1298 685 1369 τὴν
717 1296 995 1369 παροῦσαν
1042 1296 1295 1351 ὑπόθεσιν
1333 1297 1459 1368 ἑξῆς
1495 1299 1701 1351 ἐκεῖνον

156 1392 373 1462 συνάψω,
407 1391 468 1445 ὃν
500 1392 530 1444 ὁ
558 1392 718 1454 αὐτὸς
758 1391 1033 1463 ἐπέγραψε
1075 1388 1159 1455 Τῷ
1192 1390 1313 1443 τῶν
1340 1390 1523 1459 ἁγίων
1547 1391 1700 1444 συλ-

154 1489 309 1556 λόγῳ,
338 1489 403 1557 τῇ
448 1485 741 1555 Ἐκκλησία
773 1483 867 1537 τοῦ
907 1482 1041 1536 Θεοῦ
1082 1482 1297 1544 ἀναθεὶς
1327 1481 1422 1552 τήν
1460 1482 1696 1554 γραφὴν,

156 1578 217 1640 ὡς
242 1578 309 1648 μή
337 1594 422 1640 τις
448 1577 662 1647 κόμπον
686 1572 821 1629 εἶναι
851 1576 1087 1645 νομίσειε
1128 1576 1226 1646 τὴν
1251 1575 1521 1647 ἡμετέραν
1556 1574 1701 1646 ἀμφὶ

154 1668 243 1720 τῶν
268 1665 562 1738 λεχθέντων
599 1666 920 1738 μαρτυρίαν.

635 1748 1026 1800 ΚΕΦΑΛΑΙΟΝ
1065 1748 1166 1801 AI"

168 1846 320 1908 Ὸπως
344 1846 465 1895 τῶν
493 1846 786 1895 Εῠσεσίου
821 1846 949 1907 περὶ
988 1846 1091 1892 τοῦ
1112 1846 1420 1908 μνήματος

382 1910 569 1980 τῆρος
589 1908 934 1973 ἐπιδείξεων
965 1907 1155 1974 ἑστὼς
1179 1908 1427 1978 ἤκουσε.

204 2026 428 2080 Κάκεῖνο
456 2024 513 2078 δὲ
548 2026 765 2096 μνήμης
789 2023 849 2077 οὖ
888 2041 976 2095 μοι
1003 2024 1149 2078 δοκεῖ
1188 2024 1488 2097 ἀπόϐλητον
1534 2023 1690 2089 εἶναι,

149 2108 246 2181 θεὴ
273 2110 361 2163 καὶ
390 2110 479 2178 ἐφ’
506 2108 661 2179 ὴμῶν
693 2107 869 2162 αὐτῶν
897 2109 927 2161 ὁ
952 2106 1253 2179 Θαυμάσιος
1292 2109 1689 2181 κατεπράξατο.

156 2199 351 2268 Ἐπειδὴ
376 2200 490 2271 γάρ
518 2215 645 2252 ποτε
672 2198 858 2269 θάρσει
882 2197 982 2268 τῆς
1015 2195 1179 2252 αύτοῦ
1206 2198 1330 2271 περὶ
1355 2198 1416 2252 τὸ
1443 2198 1581 2253 θεῖον
1605 2200 1693 2252 ab.

147 2289 364 2352 λαϐείας,
394 2288 542 2357 ἀμφὶ
572 2288 665 2341 τοῦ
703 2286 969 2358 σωτηρίου
1019 2288 1294 2357 μνήματος
1324 2288 1480 2357 λόγον
1510 2306 1690 2361 παρα-

148 2383 273 2451 σχεῖν
315 2381 391 2442 είς
439 2379 675 2449 ἐπήκοον
720 2377 884 2432 αὑτοῦ
939 2377 1265 2449 δεδεήμεθα,
1312 2379 1692 2451 προθυμότατα

150 2473 232 2541 μὲν
255 2471 347 2534 τὰς
376 2470 551 2533 ἀκοάς
591 2470 810 2539 ύπεῖχε·
868 2468 1103 2540 πλήθους
1142 2469 1187 2523 δ’
1216 2470 1496 2541 ἀκροατῶν
1534 2488 1690 2543 περι-

146 2562 376 2626 εστῶτος,
396 2561 545 2614 ἔνδον
572 2561 631 2613 ὲν
660 2561 841 2624 αὐτοῖς
872 2559 1158 2629 βασιλείοις
1175 2562 1285 2630 (83)
1308 2561 1485 2633 ὄρθιος
1502 2561 1688 2627 ἑστὼς,

145 2652 243 2723 ἃμα
269 2657 377 2716 τοῖς
410 2653 621 2715 λοιποῖς
652 2653 984 2723 ἐπηκροᾶτο·
1018 2652 1174 2723 ἡμῶν
1200 2653 1244 2706 δ’
1274 2653 1690 2709 ἀντιϐολούντων

145 2746 220 2797 ἐπὶ
247 2746 634 2817 παρακειμένῳ
657 2744 733 2815 τῷ
755 2740 1017 2814 βασιλινῷ
1043 2745 1215 2817 θρόνῳ
1242 2745 1687 2810 διαναπαύεσθαι,

2361 859 2546 902 catum
2586 849 2818 917 scripsit.

1872 940 1935 995 Et
1971 940 2269 1010 imperator
2312 939 2525 1010 quidem
2571 938 2763 994 Latino
2798 954 3046 995 sermone
3086 939 3358 995 orationes

1803 1032 2173 1099 componebat.
2209 1031 2316 1085 Eas
2343 1045 2472 1086 vero
2517 1030 2571 1085 in
2613 1028 2857 1085 Graecam
2894 1040 3081 1100 postea
3115 1030 3354 1101 linguam

1799 1124 2187 1178 convertebant
2242 1122 2592 1191 interpretes,
2641 1123 2838 1191 quibus
2884 1123 2938 1177 id
2994 1136 3190 1177 munus
3234 1130 3358 1175 erat

1799 1214 2117 1286 injuncwm.
2186 1213 2265 1268 Ex
2328 1213 2412 1268 his
2482 1213 2819 1269 orationibus
2866 1213 3054 1269 αττεοο
3107 1227 3357 1269 sermone

1798 1303 2101 1369 translatis,
2139 1304 2368 1375 exempli
2396 1306 2592 1375 gratia,
2621 1320 2780 1359 unam
2824 1304 2952 1359 huic
2993 1304 3140 1375 operi
3194 1302 3360 1373 subji-

1796 1394 1962 1456 ciam,
2004 1409 2164 1462 quam
2205 1393 2295 1449 ille
2359 1386 2445 1442 Ad
2474 1398 2777 1446 sanctorum
2808 1396 2997 1443 cretum
3055 1393 3354 1463 inscripsit,

1794 1482 2053 1538 Ecclesia:
2105 1483 2197 1538 Dei
2244 1482 2674 1538 lucubrationem
2711 1483 2855 1538 illam
2898 1498 3210 1552 nuncupans
3238 1500 3254 1537 :
3287 1495 3359 1536 ne

1794 1574 1885 1629 cui
1927 1573 2073 1629 forte
2124 1583 2370 1629 nostrum
2404 1588 2569 1641 super
2622 1575 2707 1629 his
2741 1575 2903 1628 rebus
2943 1575 3308 1631 testimonium
3334 1612 3354 1638 ,

1793 1680 1934 1721 vana
1967 1676 2129 1737 atque
2159 1665 2340 1721 inanis
2369 1664 2550 1720 fabula
2588 1680 2711 1721 esse
2738 1665 3005 1721 videatur.

2212 1755 2372 1827 542
2417 1754 2641 1810 CAPUT
2694 1753 2935 1809 XXXIII.

344 1839 465 1919 τῶς
493 1838 949 1919 Εὐᾳεόίοιίῌπερί
978 1838 1100 1919 τοῦ.
1112 1838 1420 1919 μνῄματος
1440 1840 1547 1895 τοῦ
1572 1842 1691 1895 Σω-

1802 1846 2072 1913 Quomodo
2098 1845 2309 1899 Eusebii
2334 1853 2399 1919 ac
2430 1843 2727 1899 Servatoris
2750 1847 2985 1919 sepul‘cro
3014 1845 3355 1917 panegyricaa

2207 1916 2471 1968 orationes
2521 1925 2666 1968 stans
2698 1906 2943 1969 audierit.

1864 2003 2000 2060 Illud
2023 2020 2153 2060 vero
2179 2005 2319 2074 quod
2351 2005 2505 2061 nobis
2529 2005 2888 2075 przesentibus
2913 2006 3083 2076 gessit
3106 2005 3357 2077 princeps

1790 2095 2079 2163 mirabilis,
2122 2110 2457 2165 nequaquam
2495 2095 2627 2149 mihi
2658 2096 2869 2150 videtur
2893 2096 3107 2150 silentio
3133 2105 3355 2164 praeter.

1791 2188 2053 2244 eundum.
2111 2187 2245 2242 Nam
2283 2203 2405 2243 cum
2447 2187 2704 2257 singulari
2741 2186 2935 2257 ejusin
2960 2186 3124 2242 Deum
3156 2190 3363 2258 pietate

1790 2280 2005 2346 conﬁsi,
2040 2295 2379 2349 rogassemus
2421 2278 2711 2348 aliquando
2749 2291 2808 2333 ut
2834 2294 2932 2333 nos
2953 2279 3020 2334 de
3050 2280 3358 2336 Servatoris

1790 2373 1965 2429 nostri
1993 2372 2242 2441 sepulcro
2270 2373 2515 2427 dicentes
2542 2373 2728 2426 audire
2757 2370 2950 2436 vellet,
3000 2370 3357 2426 libentissime

1788 2484 1949 2525 aures
1974 2469 2130 2523 nobis
2158 2456 2538 2523 commodavit.
2574 2468 2820 2536 Cumque
2858 2467 3094 2522 maxima
3129 2467 3355 2522 audien—

1791 2564 1922 2618 tium
1957 2562 2247 2616 multitudo
2290 2562 2436 2617 intus
2490 2563 2543 2617 in
2605 2563 2720 2630 ipsa
2757 2563 2902 2632 regia
2951 2563 3354 2624 circumstaret,

1789 2666 1943 2711 stans
1965 2655 2078 2723 ipse
2107 2670 2210 2708 una
2228 2670 2350 2709 cum
2380 2654 2594 2709 caeteris
2628 2656 2934 2709 orationem
2977 2654 3205 2708 audivit.
3241 2653 3354 2707 No-

1789 2748 1980 2818 bisque
2002 2748 2070 2802 ab
2102 2762 2170 2802 eo
2210 2746 2627 2816 postulantibus,
2667 2756 2725 2802 ut
2758 2748 2809 2802 in
2855 2748 3018 2817 regali
3052 2748 3188 2803 solio
3212 2748 3354 2818 quod

145 2834 364 2889 ἑπείθετο
395 2836 497 2906 μὲν
518 2834 786 2905 οὐδαμῶς,
818 2836 1192 2906 συντεταμένῳ
1222 2835 1279 2889 δὲ
1321 2835 1562 2907 λογισμῷ
1593 2836 1689 2907 τὴν

1810 2848 1936 2894 uxta
1990 2840 2224 2909 positum
2249 2849 2369 2894 erat
2405 2842 2594 2896 sedere
2620 2841 2809 2906 vellet,
2856 2858 3127 2912 nunquam
3163 2840 3354 2898 adduci

145 2928 386 3000 διάκρισιν
416 2930 651 2982 ἐποιεῖτο
677 2929 784 2981 τῶν
811 2927 1144 2999 λεγομένων,
1174 2931 1293 2992 ταῖς
1335 2946 1393 2982 τε
1431 2929 1688 2999 δογματι-

144 3022 246 3082 καῖς
270 3019 569 3088 θεολογίαις
596 3019 851 3090 ἀλήθειαν
879 3017 1267 3089 ἐπεμαρτύρει.
1319 3020 1469 3072 Ἐπεὶ
1505 3020 1562 3073 δὲ
1595 3036 1688 3073 πο-

143 3109 219 3174 λὺς
231 3107 293 3182 ήν
306 3112 332 3164 ὁ
346 3110 561 3182 χρόνος,
589 3110 616 3162 ὃ
636 3127 692 3163 τε
712 3109 864 3177 λόγος
890 3109 1207 3181 ὲμηκύνετο,
1222 3112 1379 3181 ἡμεῖς
1403 3111 1499 3181 μὲν
1521 3128 1687 3165 καταο

1787 2931 1963 3001 potuit
1987 2941 2045 2984 ut
2069 2931 2280 2985 sederet
2309 2946 2327 2986 :
2357 2932 2449 2986 sed
2478 2932 2687 2986 intento
2719 2935 2900 2986 animo
2933 2947 3050 3003 qua
3096 2933 3355 2987 diceban-

1789 3029 1874 3073 tur
1895 3018 2225 3087 expendens,
2265 3019 2683 3089 theologicorum
2722 3021 3027 3090 dogmatum
3070 3022 3352 3076 veritatem

1788 3122 1888 3164 suo
1952 3110 2261 3164 testimonio
2310 3110 2715 3177 comprobabat.
2769 3111 2902 3166 Cum
2950 3124 3081 3165 vero
3128 3111 3349 3165 multum

144 3202 310 3257 παύειν
334 3201 718 3275 προῃρήμεθα,
745 3203 774 3255 ὁ
793 3200 836 3253 δ’
860 3201 959 3255 οὐκ
981 3201 1131 3272 ἀνῄει
1151 3202 1283 3272 (83')
1305 3240 1321 3264 ,
1344 3202 1617 3273 περαίνειν
1645 3201 1690 3256 δ’

1802 3201 1898 3266 iam
1925 3200 2182 3269 temporis
2211 3203 2759 3270 consumpsissemus,
2807 3211 2860 3255 et
2906 3202 3165 3270 prolixior
3209 3209 3354 3257 esset

141 3296 208 3356 είς
225 3294 366 3357 τέλος
394 3290 737 3364 προύτρεπεν
759 3308 773 3322 ·
813 3290 1228 3345 ἀντιϐολούντων
1256 3291 1310 3344 δὲ
1340 3290 1682 3355 καθέζεσθαι,

1788 3289 1998 3355 oratio,
2025 3303 2123 3344 nos
2149 3288 2365 3358 quidem
2391 3290 2548 3343 linem
2576 3290 2786 3345 dicendi
2808 3290 2991 3346 facere
3015 3292 3346 3356 volebamus;

140 3381 505 3447 ἀντεδυσώπει,
534 3380 652 3433 τοτὲ
680 3381 778 3450 μὲν
812 3380 986 3449 φήσας
1010 3379 1084 3443 ὡς
1105 3380 1166 3432 ού
1202 3377 1419 3449 θεμιτὸν
1447 3378 1553 3450 εἴη,
1577 3378 1685 3433 τῶν

1802 3390 1863 3436 tt'
1885 3381 1999 3451 ipse
2038 3381 2354 3436 hortabatur
2395 3395 2515 3445 nos,
2555 3391 2615 3435 ut
2659 3397 3004 3451 pergeremus
3044 3383 3216 3437 donec
3279 3384 3347 3437 ad

141 3475 250 3545 περὶ
278 3473 414 3527 Θεοῦ
459 3471 791 3542 κινουμένων
832 3470 1116 3541 δογμάτων
1149 3470 1441 3541 ἀνειμένοις
1488 3471 1688 3541 ἀκροᾶ-

1802 3483 1989 3529 metam
2016 3471 2273 3542 perducta
2302 3483 2447 3529 esset
2468 3474 2659 3528 oratio.
2696 3473 2861 3529 Nobis
2884 3489 3070 3530 rursus
3104 3485 3161 3529 ut
3190 3476 3352 3531 sede-

139 3567 264 3631 σθαι,
294 3568 417 3621 τοτὲ
439 3566 518 3631 δὲ,
552 3564 849 3636 συμφέρειν
876 3563 1022 3634 αύτῷ
1048 3566 1141 3618 καὶ
1176 3564 1471 3617 λυσιτελεῖν
1492 3563 1648 3617 τοῦτο
1670 3579 1685 3592 ·

1802 3571 1879 3619 ret
1912 3562 2359 3633 supplicantibus,
2411 3564 2524 3633 ipse
2547 3565 2830 3620 obluctans
2876 3566 3106 3634 benigne
3131 3582 3353 3636 persua-

139 3656 358 3721 ἑστῶτας
395 3655 505 3727 γάρ
544 3655 836 3708 ὑπακούειν
866 3656 975 3709 τῶν
1009 3656 1195 3720 θείων,
1236 3656 1401 3708 ὅσιον.
1447 3653 1599 3707 Ἐπεὶ
1631 3652 1690 3706 δὲ

1802 3655 1953 3711 debat
1983 3672 1999 3709 :
2026 3671 2150 3710 cum
2188 3671 2333 3711 nunc
2378 3657 2593 3726 quidem
2634 3656 2841 3713 diceret
2888 3658 3041 3712 nefas
3080 3672 3229 3724 esse,
3262 3658 3355 3714 ubi

140 3750 219 3802 καὶ
244 3749 414 3804 ταῦτα
438 3747 622 3811 τέλους
648 3746 960 3816 ἐτύγχανεν,
982 3747 1136 3817 ἡμεῖς
1175 3744 1271 3816 μὲν
1300 3743 1478 3797 οἴκαδε
1525 3746 1689 3797 ἐπανο

1802 3744 1860 3801 tle
1895 3746 2005 3800 Deo
2050 3747 2300 3801 instituta
2342 3747 2415 3802 sit
2453 3747 2750 3817 disputatio
2780 3750 3004 3804 remisse
3026 3765 3089 3804 ac
3123 3750 3357 3805 molliter

138 3841 327 3912 ῄειμεν,
363 3841 461 3895 καὶ
494 3839 590 3902 τάς
617 3838 862 3909 συνήθεις
898 3837 1353 3905 ἀπελαμϐανομεν
1385 3834 1682 3907 διατριϐάς.

1802 3836 2123 3900 auscultare,
2183 3852 2329 3891 nunc
2351 3852 2481 3892 vero
2527 3840 2579 3892 id
2611 3838 2718 3893 sibi
2761 3839 2892 3893 utile
2922 3849 2976 3893 et
3014 3840 3355 3895 commodum

137 3949 241 3989 esse
269 3934 583 3988 afﬁrmaret.
629 3931 779 3985 Pium
820 3931 961 3985 enim
991 3945 1052 3983 ac
1080 3929 1385 3997 religiosum
1428 3934 1532 3993 est,
1572 3925 1762 3994 inquit,
1800 3934 1858 3978 ut
1883 3924 1952 3980 de
1990 3926 2149 3980 rebus
2204 3928 2403 3984 divinis
2440 3936 2644 3984 stantes
2682 3931 2923 3987 audiant.
2971 3930 3065 3987 His
3096 3933 3352 4002 peractis,

140 4047 220 4087 nos
262 4032 480 4100 quidem
540 4029 752 4082 dommn
811 4025 1035 4082 reversi.
1080 4023 1356 4080 consuetis
1402 4038 1500 4077 nos
1535 4021 1724 4076 studiis
1759 4030 1815 4076 et
1836 4021 2315 4077 exercitationibus
2343 4023 2687 4076 reddidimus.

628 4117 1022 4173 ΚΕΦΛΛΑΙΟΝ
1061 4117 1181 4169 ΔΔ’.

2323 4113 2550 4168 CAPUT
2594 4112 2827 4168 XXXIV.

141 4213 253 4266 ὀτι
280 4211 415 4282 περὶ
439 4211 545 4265 τοῦ
580 4210 794 4282 Πάοζχα
826 4208 921 4282 καὶ
949 4207 1121 4282 θείων
1142 4205 1376 4270 ,ϐίϐλων
1398 4202 1548 4272 πρὸς
1571 4204 1690 4258 Εὑ-

1802 4203 1951 4271 Quod
1980 4206 2043 4259 dc
2066 4203 2274 4258 Pascha
2308 4207 2443 4259 etde
2465 4206 2931 4282 sacris_codicibus
2972 4205 3041 4258 ad
3071 4203 3352 4260 Eusebium

647 4276 850 4332 σέϐιον
881 4278 1162 4347 ἔγραψεν.

2467 4276 2694 4343 scripsit.

204 4369 256 4424 ὐ
277 4371 331 4424 δὲ
349 4368 461 4422 τῶν
476 4365 806 4438 Ἐκκλησιῶν
830 4364 922 4419 τοῦ
941 4363 1075 4417 Θεοῦ
1094 4379 1351 4435 προνενοη
1361 4360 1518 4432 μένος
1540 4358 1672 4429 (8i),

1861 4367 1930 4421 At
1961 4367 2049 4423 ille
2087 4366 2344 4423 Ecclesiis
2380 4366 2474 4422 Dei
2505 4366 2723 4435 provida
2766 4380 2979 4432 semper
3014 4377 3191 4420 mente
3223 4380 3353 4420 con-

137 4463 250 4534 περὶ
288 4460 633 4530 κατασκευῆς
672 4457 1039 4511 θεοπνεύστων
1074 4454 1268 4522 λογίων
1303 4454 1386 4516 είς
1428 4452 1690 4524 ἡμέτερον

1802 4460 1993 4524 sulcus,
2025 4460 2092 4515 de
2109 4458 2465 4515 conﬁciendis
2488 4456 2661 4513 sacris
2702 4457 2994 4521 codicibus,
3033 4466 3087 4511 et
3119 4458 3183 4511 de
3219 4458 3353 4512 festo

136 4521 410 4625 προσωπον
429 4521 665 4606 ἐπετίθει
693 4549 755 4602 τὸ
772 4549 1003 4619 γράμμα
1020 4589 1035 4613 ,
1065 4521 1200 4599 ἀλλά
1224 4547 1288 4618 δὴ
1316 4544 1410 4598 καὶ
1435 4521 1562 4614 περὶ
1588 4542 1687 4611 τῆς

1802 4551 2029 4618 paschali
2072 4551 2139 4605 ad
2176 4565 2273 4605 nos
2319 4547 2605 4617 epistolam
2641 4548 2879 4616 scripsit.
2917 4545 3051 4601 Nam
3099 4561 3220 4601 cum
3252 4562 3353 4603 nos

135 4647 431 4716 ἁγιωτάτης
461 4642 555 4697 τοῦ
580 4643 771 4711 Πάσχα
806 4640 1013 4711 ἑορτῆς.
1042 4638 1554 4711 Προσφωνησάντων
1582 4636 1689 4707 γάρ

1802 4645 1989 4697 librum
2018 4643 2305 4712 quemdam
2341 4656 2449 4710 quo
2474 4654 2671 4696 arcana
2712 4639 2856 4695 illius
2893 4638 3014 4694 festi
3065 4639 3199 4691 ratio
3234 4647 3355 4692 erat

131 4738 277 4808 ἡμῶν
324 4737 438 4808 (85)
502 4732 648 4803 αὐτῷ
711 4731 975 4803 μυστικὴν
1039 4730 1375 4801 ἀνακάλυψιν
1440 4727 1534 4782 τοῦ
1590 4727 1690 4798 τῆς

1802 4734 2057 4804 exposita,
2087 4733 2136 4788 ei
2170 4745 2665 4801 nuncnpassemus,
2690 4730 2958 4800 quomodo
2997 4743 3096 4784 nos
3125 4742 3351 4797 respon-

1793 4864 1996 4933 impera
2007 4874 2199 4927 torem,
2232 4862 2482 4932 loquente
2504 4860 3064 4933 episcopotsingulare
3086 4863 3350 4931 quoddam

1790 4932 2098 4999 exetnplum
2123 4945 2204 4987 est
2238 4935 2530 5002 religionis.
2566 4933 2692 4987 Vide
2717 4932 2873 4992 infra,
2900 4948 3019 5000 cap.
3043 4934 3134 4998 46,
3160 4949 3222 4987 ex
3246 4948 3356 5000 quo

1793 5004 2079 5074 manifeste
2122 5001 2391 5074 colligitur
2438 5002 2839 5074 tricpalatium
2886 5001 3136 5071 intelligi.
3188 5002 3358 5056 Porro

1792 5072 2085 5127 Christiani
2138 5071 2345 5127 stantes
2386 5073 2513 5127 olim
2547 5073 2598 5125 in
2650 5071 2874 5125 ecclesia
2913 5086 3215 5126 sermonem
3261 5086 3354 5125 sa-

1794 5143 2029 5196 cerdotis
2070 5144 2381 5197 auscultare
2422 5149 2832 5211 consueverant.
2867 5139 3006 5194 Nulli
3053 5143 3251 5211 quippe
3300 5142 3351 5194 in

1795 5212 2025 5267 ecclesia
2063 5214 2323 5267 sedebant
2362 5211 2465 5265 nisi
2500 5210 2824 5279 presbyteri.
2854 5220 2911 5263 ut
2950 5210 3106 5265 docet
3131 5214 3358 5277 Optatus

1795 5280 1848 5335 in
1884 5281 1978 5336 lib.
2005 5297 2057 5334 Iv
2085 5300 2099 5334 :
2137 5299 2156 5331 ι
2188 5282 2319 5334 Dum
2353 5294 2685 5348 peccatorem
2709 5279 3241 5347 arguitetsedcntem
3270 5279 3353 5331 iu-

1796 5362 1982 5420 crepat
2022 5351 2179 5412 Deus,
2213 5348 2525 5420 specialiter
2553 5349 2621 5401 ad
2657 5362 2750 5420 vos
2775 5350 2971 5420 dictum
2998 5363 3115 5420 esse
3144 5357 3359 5420 constat

195 4872 301 4943 (8‘2)
340 4868 836 4943 Μεθερμηνῄευταί.
885 4866 996 4919 Sub
1046 4865 1394 4943 dispositione
1447 4862 1689 4943 magistri

132 4935 419 4997 ciliciorum
454 4935 606 4995 erant
647 4941 966 5002 interpretes
1021 4937 1291 4989 variarum
1337 4935 1575 5003 gentium
1627 4947 1691 4987 ac

134 5010 449 5083 linguarum,
493 5020 550 5063 ut
583 5010 742 5083 docet
788 5001 984 5083 Notitia
1017 5006 1146 5083 imp.
1196 5001 1445 5083 Romani.
1485 5001 1685 5083 Horum

136 5072 293 5149 igiiur
336 5072 503 5150 opera
553 5072 1238 5150 utebaturuoitstantinus,
1273 5075 1326 5127 in
1360 5072 1605 5141 epistolis
1636 5081 1691 5124 et

134 5145 466 5206 orationibus
495 5164 562 5204 ex
590 5146 782 5201 Latino
811 5147 861 5201 iu
895 5145 1138 5200 Graecum
1170 5156 1475 5199 sermonem
1511 5150 1688 5195 trans-

132 5219 381 5275 ferendis.

200 5289 307 5361 (83)
354 5287 590 5361 'Erdor_
616 5282 936 5361 ér__autoi'q
995 5283 1354 5361 βασιλείοις.
1411 5278 1693 5361 _I_nterpres

136 5347 310 5423 vertit;
335 5362 387 5412 in
424 5361 540 5427 ipsa
576 5353 834 5427 basilica:
870 5347 1010 5427 quod
1044 5369 1148 5405 non
1179 5355 1380 5427 probo.
1410 5347 1521 5427 [Ioc
1546 5347 1689 5402 enim

135 5417 379 5498 tanquam
415 5417 685 5498 mirabile
720 5417 930 5492 pictatis
960 5417 1285 5498 _egt_empl:um
1323 5420 1376 5473 in
1419 5417 1692 5498 Constan-

136 5490 251 5552 tino.
291 5506 441 5552 notat
492 5490 778 5556 Eusebius,
830 5494 972 5561 quod
1017 5491 1229 5561 Eusebii
1281 5502 1583 5561 sermonem
1629 5490 1690 5561 in

136 5568 246 5633 ipso
292 5568 495 5637 palatio
539 5575 690 5637 stans
723 5558 1010 5637 imperator
1057 5560 1244 5613 audire
1297 5559 1542 5627 dignatus
1596 5558 1689 5612 sit.

133 5630 365 5692 Certe-si
396 5638 448 5691 in
492 5633 719 5690 ecclesia
751 5642 901 5685 stans
936 5630 1228 5696 imperator
1265 5641 1564 5683 sermonem
1594 5641 1687 5679 au-

134 5706 333 5769 diisset,
377 5709 557 5759 minus
603 5703 653 5755 id
684 5710 827 5756 esset
859 5699 1185 5761 mirandum,
1215 5712 1336 5769 cum
1367 5696 1533 5769 locus
1564 5696 1687 5769 ipse

135 5765 487 5831 reverentiam
522 5771 775 5843 postulet,
790 5769 1182 5843 Aet_itnpet_'ator
1215 5767 1329 5843 ipse
1365 5767 1417 5820 in
1464 5765 1690 5819 ecclesia

137 5859 271 5903 unus
310 5847 437 5902 site
482 5836 705 5899 numero
735 5838 996 5896 lidclium.
1042 5836 1099 5891 In
1142 5837 1343 5907 palatio
1372 5850 1500 5892 vero
1535 5844 1686 5912 stare

1798 5491 2096 5544 licentiam.
2123 5508 2143 5541 ι

1871 5580 2005 5653 (85⁸)
2048 5579 2253 5648 Ἀνῄεί.
2275 5574 2438 5630 1⁴οτιο
2462 5576 2585 5648 ἀνίη
2615 5576 2696 5631 vel
2728 5577 2886 5631 ἀνίει.
2918 5576 3077 5633 Ebl'r.

1798 5739 2249 5812 προνενοημένος,
2282 5741 2499 5800 rectius.
2538 5740 2590 5792 ui
2622 5740 2796 5797 fallor.

1870 5833 1984 5905 ‘85)
2022 5827 2594 5902 Προσφωνησάντων
2639 5829 2748 5901 γὰρ
2782 5829 2965 5901 ἡμῶν.
3011 5831 3232 5891 Videtur
3272 5829 3358 5887 itt-

1866 5622 2747 5743 (‘8‘)QtllgfﬂSﬂpOiﬁOﬂﬂéléogjn
2770 5669 2900 5727 Fuk.
2925 5669 3078 5726 codd.
3106 5666 3359 5724 scribitur
3408 5683 3428 5743 ’ξ

1798 5417 1905 5498 non
1932 5424 1996 5498 ad
2030 5417 2301 5491 populum,
2328 5419 2417 5487 qui
2447 5419 2500 5470 in
2529 5419 2757 5471 ecclesia
2799 5433 2906 5472 nou
2941 5417 3103 5472 habet
3132 5417 3356 5473 sedendi
3427 5492 3432 5498 .

3416 5732 3432 5771 1
