3864 6486
213 0 421 17 Ι-υ--νῇ-

97 351 208 403 "89

1165 349 1254 405 DE
1294 350 1457 407 VlTA
1494 350 1961 410 CONSTANTINI
2002 352 2132 409 LIB.
2173 352 2263 411 IV.

3154 357 3329 439 _ttao

91 465 215 528 λείας
242 463 494 535 τιμήσας,
524 463 603 538 τῷ
640 465 973 538 παμϐασιλεῖ
1016 467 1122 523 τῶν
1148 470 1282 525 ὅλων
1314 456 1621 545 εὐχαριστῆ-

1743 473 1995 543 deinceps
2012 473 2392 529 trieeunaliutn
2412 488 2632 529 suorum
2660 473 3181 544 opportunissimum
3204 493 3327 535 esse

98 575 187 629 ριον
214 557 398 627 καιρὸν
434 555 545 627 (97)
575 556 826 633 εῠκαιρον
854 557 993 616 εἶναι
1021 563 1111 616 τὸν
1147 564 1246 635 τῆς
1285 566 1447 620 αὐτοῦ
1484 585 1638 640 τρια-

95 649 475 722 κονταετηρίδος
514 653 697 722 ἠγεῖτο
720 669 736 683 ο
775 654 867 707 καὶ
910 654 975 727 δὴ
1013 654 1108 709 τοῦ
1152 656 1210 709 ὲν
1247 656 1636 731 Ἰεροσολύμοις

95 744 214 816 αὐτῷ
258 746 352 798 σὺν
389 745 540 818 πάσῃ
585 744 856 817 φιλοκάλῳ
903 747 1106 819 σπουδῇ
1163 752 1633 822 κατειργασμένου

96 839 359 911 μαρτυρίου
391 840 692 911 προσήκειν
732 840 831 912 τὴν
864 840 1162 912 ἀφιέρωσιν
1190 842 1539 914 ποιήσασθαι,
1572 840 1631 898 εὖ

92 916 218 1004 ἔχειν⁹
229 930 540 1008 ἐδοκίμαζε.

563 1024 954 1091 ΚΕΦΔΛΑΙΟΝ
990 1026 1126 1080 ΜΑ’.

88 1115 189 1171 ὀτι
217 1115 428 1203 διὰοτὰ
475 1118 605 1170 κατ’
649 1117 953 1198 ᾼτγυπτον
993 1118 1289 1245 (mitrata
1312 1162 1328 1188 ,
1368 1120 1635 1175 σύνοδον

158 1190 235 1245 εί(-
273 1190 463 1245 Τυρον
502 1187 573 1241 ἐν
614 1204 695 1245 τω
742 1187 964 1245 μεταξὺ
1010 1206 1114 1245 rer
1147 1194 1286 1245 σθαι
1334 1191 1632 1245 προσέτα-

158 1190 235 1322 ἓίς
273 1187 463 1256 Τύρον
502 1187 573 1241 ἐν
614 1187 695 1255 τῷ
734 1187 964 1259 μεταξὺ
1010 1187 1286 1260 γενέσθαι
1334 1191 1632 1253 προσέτα-

191 1274 273 1311 εν.

155 1348 452 1414 Μισόκαλος
478 1348 536 1403 δὲ
563 1349 668 1403 κάν
697 1349 873 1423 τούτῳ
898 1350 1111 1421 φθόνος,
1154 1353 1319 1407 οἱονεὶ
1345 1352 1455 1427 (98)
1505 1354 1632 1409 σκό-

84 1456 169 1493 τιον
185 1439 337 1509 νέφος
368 1439 1003 1513 τηλαυγεστάταιςοὴλίου
1032 1446 1441 1515 μαρμαρυγαῖς,
1466 1443 1635 1497 ὑπαν-

85 1533 247 1603 τήσας.
270 1531 331 1586 τὸ
358 1532 585 1605 φαιδρὸν
617 1533 717 1603 τῆς
744 1532 1105 1606 πανηγύρεως
1135 1533 1383 1606 θορυϐεῖν
1408 1535 1623 1607 ἐπείρα,

84 1623 160 1688 τὰς
177 1624 287 1678 κατ’
318 1624 598 1694 Αἴγυπτον
638 1624 960 1698 Ἑκκλησίας
991 1621 1144 1691 αὖθις
1176 1630 1298 1692 ταῖς
1341 1627 1506 1681 αὑτοῦ
1534 1645 1633 1681 τα-

85 1717 260 1787 ράττων
285 1716 641 1789 ἐρεσχελίαις.
680 1718 819 1772 Ἀλλ’
850 1719 879 1772 ὅ
902 1735 966 1788 γε
983 1717 1063 1791 τῷ
1082 1718 1199 1791 Θεῷ
1225 1720 1436 1792 μεμελη
1446 1720 1626 1792 μένος,

85 1809 264 1864 σύνοδον
286 1806 445 1875 αὖθις
471 1810 739 1866 πλείστων
754 1811 1066 1865 ἐπισκόπων
1087 1812 1276 1885 ὥσπερ
1301 1813 1435 1868 Θεοῦ
1457 1831 1625 1887 στρα-
1658 1842 1704 1901 Β

80 1905 267 1959 τόπεδον
310 1905 650 1970 καθοπλίσας
671 1946 687 1970 ,
721 1907 1211 1979 ἀντιπαρετάττετο
1261 1906 1339 1979 τῷ
1373 1907 1627 1981 βασκάνῳ

80 1996 280 2068 δαίμονι,
318 1998 377 2065 ἐξ
404 1999 625 2071 ἁπάσης
650 1997 926 2068 Αἰγύπτου
955 1999 1050 2053 καὶ
1074 1997 1298 2071 Λιϐύης,
1339 1999 1522 2064 Ἀσίας
1566 2018 1627 2055 τε

80 2088 159 2140 καὶ
183 2088 443 2161 Εὐρώπης
472 2088 743 2154 σπεύδειν,
781 2088 974 2162 πρῶτα
1013 2090 1112 2161 μὲν
1145 2089 1237 2142 ἐπὶ
1259 2088 1355 2161 τὴν
1381 2091 1481 2162 τῆς
1508 2091 1629 2146 δια-

81 2178 231 2249 μάχης
258 2180 432 2243 λύσιν,
468 2178 717 2233 ἐντεῦθεν
741 2179 799 2233 δὲ
820 2179 917 2252 τὴν
945 2180 1243 2251 ἀφιέρωσιν
1277 2180 1371 2235 τοῦ
1424 2181 1630 2253 προλε.

82 2271 271 2340 χθέντος
295 2270 404 2324 νεὼ
435 2269 708 2325 ποιεῖσθαι
734 2271 1235 2343 διακελευσάμενος·
1273 2272 1395 2327 ὁδοῦ
1423 2273 1486 2344 δὴ
1515 2274 1625 2327 τεά-

80 2379 263 2435 ρεργον,
288 2364 381 2418 ἐπὶ
416 2364 518 2436 τῆς
560 2365 822 2418 Φοινίκων
865 2364 1251 2437 μητροπόλεως
1296 2365 1628 2436 προσέταττε

81 2454 398 2510 διαλύσασθαι
424 2454 527 2519 τὰς
553 2454 863 2527 ὲρεσχελίας
879 2472 895 2487 ο
925 2454 999 2528 μὴ
1021 2455 1127 2528 γὰρ
1149 2456 1347 2521 ἐξεῖναι
1371 2456 1470 2523 τὰς
1489 2455 1630 2527 γνὼ-

83 2561 173 2613 μας
187 2544 563 2617 διῃρημένους,
580 2545 673 2599 ἐπὶ
684 2546 783 2619 τὴν
800 2545 893 2599 τοῦ
915 2545 1048 2600 θεοῦ
1072 2551 1329 2619 παρεῖναι
1347 2549 1625 2622 λατρείαν,

79 2634 201 2688 θείου
236 2636 396 2708 νόμου
444 2636 887 2709 διαγορεύοντος,
938 2637 1012 2711 μὴ
1064 2639 1329 2712 πρότερον
1372 2640 1444 2695 τά
1466 2639 1629 2713 ςῶρα

75 2728 374 2802 προσφέρειν
415 2730 547 2794 τοὺς
576 2731 633 2784 ὲν
666 2730 899 2804 διαφορᾷ
942 2732 1342 2803 τυγχάνοντας,
1372 2733 1405 2806 ἢ
1447 2731 1630 2805 φιλίαν

77 2821 466 2893 ἀσπασαμένους
498 2821 629 2893 (99),
660 2824 755 2877 καὶ
785 2824 852 2878 τά
882 2823 1019 2896 πρὸς
1047 2823 1308 2897 ἀλλήλους
1337 2827 1630 2900 εἰρηνικῶς

75 2904 340 2974 διαθέντας.
358 2909 546 2965 Ταῦτα
571 2909 822 2981 βασιλεὺς
841 2912 911 2967 τὰ
936 2916 1177 2987 σωτήρια
1196 2916 1629 2989 παραγγέλματα

76 3002 131 3070 τῇ
157 3002 307 3055 αὑτοῦ
337 3003 503 3068 αὐτὸς
535 3004 743 3078 διανοίᾳ
783 3005 1053 3079 ζωπυρῶν
1073 3047 1088 3073 ,
1123 3007 1222 3061 σὺν
1264 3008 1489 3081 ὁμονοίᾳ
1533 3008 1628 3063 καὶ

80 3097 333 3169 συμφωνίᾳ
374 3098 441 3169 τῇ
487 3097 634 3170 πάσῃ
668 3097 886 3169 ἔχεσθαι
924 3100 1033 3153 τῶν
1077 3099 1455 3174 προκειμένων
1478 3141 1494 3167 ,
1537 3099 1628 3156 διά

75 3190 261 3263 γραφῆς
285 3189 460 3255 οὕτως
494 3188 726 3262 ἐχούσης
748 3191 958 3263 ἐδήλου.
1160 3202 1164 3211 ’

552 3475 949 3532 ΚΕΦᾹΛΑῘΟΝ
978 3479 1114 3533 MB'.

161 3568 610 3625 Κωνσταντινου
631 3569 780 3638 πρὸς
799 3568 915 3639 τὴν
940 3570 1011 3624 ἐν
1047 3572 1205 3640 Τύρῳ
1228 3570 1513 3627 σύνοδον.

134 3674 153 3709 ι
178 3659 416 3732 Νικητὴς
450 3660 874 3727 Κωνσταντῖνος,
903 3659 1173 3731 Μέγιστος
1218 3662 1508 3731 Σεϐαστὸς,
1553 3665 1621 3737 τῇ

74 3747 182 3823 ἁγία
212 3751 413 3824 συνόδῳ
439 3753 507 3823 τῇ
543 3751 683 3806 κατά
704 3751 899 3821 Τύρον.

132 3858 147 3889 t
173 3835 271 3893 Ἦν
300 3841 400 3912 μὲν
449 3840 581 3905 ἴσως
610 3841 899 3906 ἀκόλουθον
941 3843 1034 3898 καὶ
1057 3845 1122 3916 τῇ
1152 3843 1260 3899 τῶν
1291 3846 1500 3919 καιρῶν
1531 3846 1625 3901 εύ-

73 3932 235 4003 καιρίᾳ
263 3932 502 4003 μάλιστα
531 3931 758 4004 πρέπον,
788 3934 1145 3990 ἀστασίαστον
1175 3932 1431 4010 εἶναιτὴν
1482 3941 1624 3994 καθ-

71 4022 228 4096 ολικὴν
261 4026 609 4096 Ἐκκλησίαν,
632 4027 726 4079 καὶ
751 4028 931 4100 πάσης
961 4027 1226 4102 λοιδορίας
1256 4030 1333 4100 (l)
1359 4033 1487 4095 τοὺς
1524 4031 1616 4086 τοῦ

71 4112 274 4185 Χριστοῦ
331 4117 431 4171 νῦν
468 4118 814 4189 ἀπηλλάχθαι
865 4119 1220 4192 θεράποντας.
1262 4124 1415 4177 Ἐπεὶ
1448 4124 1492 4178 δ’
1524 4126 1624 4197 οὐχ

72 4206 227 4275 ὑγιοῦς
245 4209 588 4282 φιλονεικίας
612 4209 813 4283 οἴστρῳ
836 4211 981 4277 τινὲς
1012 4212 1357 4287 ἐλαυνόμενοι
1398 4214 1481 4289 (οὐ
1508 4216 1619 4291 γὰρ

1740 565 2096 632 existimavit,
2122 583 2229 638 quo
2277 582 2491 621 summo
2521 566 2767 620 omnium
2814 566 2927 637 regi
2970 568 3176 637 gratias
3207 585 3326 640 age-

1741 666 1844 709 ret.
1889 655 1954 711 Et
2001 658 2117 729 ipse
2143 657 2359 728 quidem
2388 659 2651 728 optimum
2703 655 2851 712 factu
2886 673 3005 713 esse
3024 660 3323 730 judicabat,

1740 749 1784 803 si
1820 750 1935 818 ejus
1983 753 2231 823 martyrii
2258 754 2399 822 quod
2451 752 2716 824 singulari
2760 752 2937 807 studio
2972 768 3034 808 ac
3081 756 3322 823 tnaguili-

1740 845 1916 897 ceutia
1946 828 2341 917 Hierosolymis
2368 855 2773 909 construxerat,
2812 845 3205 903 dedicationem
3226 864 3321 902 cc-

1740 935 1998 993 lebrarel.

2218 1030 2382 1103 51.6
2421 1029 2647 1087 CAPUT
2684 1030 2821 1087 xu.

1741 1143 1894 1210 Quod
1928 1144 2064 1199 inter
2092 1142 2202 1200 lucc
2234 1145 2491 1215 synodum
2537 1142 2663 1214 Tyri
2714 1145 2895 1199 haberi
2944 1147 3211 1201 constituit
3251 1146 3316 1202 ob

2007 1214 2273 1285 quasdam
2305 1215 2360 1269 in
2396 1214 2628 1286 Egypto
2662 1217 3065 1274 controversias.

1809 1341 2008 1398 Verum
2037 1342 2252 1398 invidus
2275 1343 2485 1398 daemon
2507 1342 2771 1399 bonorum
2800 1345 3039 1399 omnium
3066 1346 3316 1403 inimicus

1738 1434 1911 1489 instar
1952 1434 2288 1490 densissima:
2328 1434 2606 1503 cujusdam
2669 1438 2828 1491 nubis
2866 1437 3316 1506 splendidissimis

1736 1529 1866 1582 solis
1914 1527 2083 1583 radiis
2120 1542 2243 1583 sese
2274 1530 2618 1597 opponentis,
2660 1529 2822 1596 huius
2871 1531 3201 1589 celebritatis
3229 1533 3315 1586 ni-

1739 1626 1909 1674 torem
1956 1619 2178 1675 turbare
2230 1629 2462 1674 conatus
2506 1628 2631 1687 est,
2694 1620 3053 1675 Ecclesiarum
3093 1620 3312 1693 Algypti

1734 1719 1936 1765 statum
1967 1713 2405 1767 contentionibus
2438 1711 2554 1766 suis
2596 1712 2795 1767 iterum
2844 1713 3178 1767 concutiens.
3205 1712 3312 1768 Sed

1734 1803 1878 1858 enim
1908 1804 2018 1859 Deo
2048 1804 2248 1859 charos
2285 1804 2583 1875 imperator
2612 1805 2892 1859 collectam
2934 1821 3120 1859 rursus
3148 1806 3314 1874 pluri-

1730 1909 1939 1949 morum
1964 1896 2265 1950 antistitum
2287 1899 2575 1966 synodum,
2597 1896 2741 1950 velut
2765 1896 3002 1949 divinum
3028 1899 3312 1965 quemdam

1727 1985 2024 2041 exercitum
2065 1985 2117 2039 in
2169 1985 2413 2054 praelium
2463 1987 2731 2047 edocens,
2771 1986 3038 2041 malevolo
3083 1988 3312 2042 ἀτοπιηηί

1726 2074 1926 2146 objecit
1958 2092 1973 2130 :
2000 2076 2272 2147 episcopis
2315 2093 2382 2132 ex
2442 2080 2694 2134 universa
2723 2078 2995 2150 .Egypto,
3027 2087 3084 2133 et
3122 2076 3310 2149 Libya,

1733 2168 1859 2222 Asia
1912 2169 2040 2224 item
2088 2178 2143 2224 et
2190 2168 2405 2240 Europa
2463 2172 2755 2225 convenire
2804 2171 3024 2241 jussis:
3078 2173 3311 2241 primum

1727 2259 1943 2328 quidem
1967 2258 2033 2314 ad
2058 2260 2415 2327 dirimendum
2449 2262 2882 2316 controversiam
2904 2302 2920 2325 ,
2949 2262 3146 2315 exinde
3177 2276 3308 2315 vero

1727 2348 1795 2403 ad
1829 2350 2122 2419 supradicti
2147 2351 2390 2421 martyrii
2418 2352 2836 2407 dedicationem.
2865 2351 3099 2405 Proinde
3151 2367 3311 2405 man-

1728 2441 1871 2495 davit
1904 2441 1973 2496 iis
2002 2452 2060 2496 ut
2099 2442 2275 2498 obiter
2303 2443 2359 2497 in
2400 2443 2624 2499 civitate
2658 2460 2780 2513 quae
2814 2446 2979 2498 totius
3016 2443 3309 2499 Pbmniees

1728 2548 1890 2608 caput
1916 2546 2020 2604 est,
2067 2539 2475 2595 controversias
2514 2538 2878 2596 dissolverent
2907 2555 2921 2591 :
2955 2556 3131 2609 neque
3165 2539 3309 2593 enim

1728 2629 1812 2686 fas
1837 2643 1979 2694 esse,
2005 2639 2066 2686 ut
2115 2647 2242 2687 cum
2294 2641 2481 2686 mutua
2522 2633 2826 2686 animorum
2873 2630 3209 2685 dissensione
3242 2630 3310 2685 ad

1727 2722 1970 2779 divinum
2005 2723 2209 2780 cultum
2244 2724 2574 2779 accederent
2606 2740 2621 2777 :
2662 2739 2784 2777 cum
2827 2723 3006 2777 tliviun
3034 2724 3119 2779 lex
3147 2734 3310 2787 vetet,

1729 2828 1796 2869 ne
1828 2814 2232 2882 dissentientes,
2258 2825 2550 2885 antequam
2583 2814 2898 2884 compositis
2927 2816 3071 2870 inter
3095 2829 3154 2869 se
3176 2832 3310 2870 cou-

1729 2908 2010 2962 troversiis
2055 2922 2241 2977 pacem
2281 2918 2444 2978 atque
2470 2905 2770 2962 amicitiam
2803 2909 3129 2976 pepigerint,
3161 2911 3303 2962 dona

1727 3013 1823 3053 sua
1857 2998 2087 3054 olierant
2119 3000 2248 3055 Deo.
2302 2999 2427 3055 Haec
2475 3000 2733 3055 salutaria
2772 2998 3081 3075 Servatoris
3137 2999 3307 3055 nostri

1727 3088 2046 3143 documenta
2071 3090 2367 3155 imperator
2417 3088 2634 3143 assidua
2667 3090 3000 3161 cogitatione
3043 3087 3306 3152 volvens.

1653 3189 1699 3252 ο
1731 3193 1854 3235 cum
1882 3180 2030 3235 omni
2064 3182 2370 3236 animorum
2399 3183 2759 3237 consensione
2788 3181 3153 3247 etcoucordia
3178 3197 3306 3251 pro-

1726 3270 1958 3338 positum
1990 3286 2128 3341 opus
2160 3271 2380 3342 aggredi
2413 3271 2644 3338 monuit,
2686 3287 2786 3354 per
2822 3272 3037 3329 litteras
3067 3287 3192 3342 qua:
3227 3272 3306 3329 sic

1724 3374 1786 3417 se
1815 3361 2037 3417 habent.

2302 3471 2532 3529 CAPUT
2575 3472 2737 3527 XLII.

1724 3562 1966 3636 Epistola
2001 3563 2336 3620 Constantini
2364 3566 2434 3620 ad
2462 3568 2720 3638 synodum
2755 3565 2881 3638 Tyri
2915 3577 3304 3637 congregatum.

1798 3675 1820 3710 ι
1857 3658 2042 3714 Victor
2064 3657 2472 3726 Constantinus,
2507 3659 2648 3716 Max.
2673 3660 2966 3732 Augustus,
2995 3671 3195 3715 sanctae
3219 3675 3308 3731 sy-

1726 3751 1866 3804 nodo
1894 3759 2234 3821 congregatze
2263 3752 2314 3805 in
2340 3753 2474 3805 urbe
2500 3751 2664 3823 Tyro.

1803 3859 1822 3895 ι
1849 3842 2157 3915 Congruum
2196 3844 2354 3912 plane
2381 3856 2436 3900 et
2466 3846 2814 3916 prosperitati
2862 3855 3164 3917 temporum
3213 3862 3307 3900 no-

1724 3944 1962 3991 strorum
2019 3948 2446 3993 consentaneum
2496 3948 2640 4005 erat,
2669 3939 2991 3995 utEeclesia
3036 3940 3306 3997 catholica

1723 4042 1919 4099 expers
1951 4028 2237 4084 seditionis
2269 4037 2454 4096 esset,
2487 4038 2542 4085 et
2575 4024 2781 4087 Christi
2834 4031 3019 4085 famuli
3056 4033 3124 4085 ab
3156 4032 3305 4086 omni

1724 4134 1869 4176 nunc
1927 4121 2130 4190 probro
2159 4122 2316 4176 vacui
2346 4130 2529 4179 essent
2561 4137 2626 4177 ac
2668 4122 2845 4176 liberi.
2900 4122 3005 4177 Sed
3042 4121 3301 4190 quoniam

1725 4213 1968 4269 nonnulli
2014 4213 2273 4283 improba:
2310 4214 2681 4270 contentionis
2706 4212 2945 4268 stimulis
2989 4211 3210 4283 agitati,
3237 4224 3306 4267 ne

17 4458 23 4465 ’
68 4473 178 4550 Diale
210 4477 690 4550 interpresvertit
732 4477 931 4532 decimo
964 4494 1170 4550 quoque
1215 4488 1375 4534 anno.
1429 4478 1616 4548 Neque
1722 4475 1943 4550 scripsit
1982 4489 2125 4533 anno
2173 4474 2374 4532 Christi
2406 4475 2534 4544 515,
2577 4473 2671 4546 qui
2718 4481 2805 4530 est
2852 4471 3304 4545 proehronismus

68 4546 430 4618 Constantinus
472 4548 682 4603 decimo
725 4563 942 4618 quoque
971 4546 1115 4604 anno
1161 4549 1373 4617 imperii
1423 4546 1614 4606 sui'li-
1648 4550 1690 4606 D
1722 4546 1948 4603 biennii.

67 4614 202 4693 beros
233 4634 364 4693 suos
405 4618 649 4693 Caesares
686 4614 909 4693 ereavit.
940 4617 1149 4693 Quippe
1194 4614 1444 4693 Crispum
1491 4624 1613 4693 qui-

66 4686 163 4753 dem
199 4700 253 4744 et
290 4688 713 4744 Constantinum
762 4688 1004 4744 Caesares
1042 4686 1198 4753 fecit,
1237 4686 1525 4747 Gallicano
1557 4704 1613 4747 et

64 4752 208 4833 Basso
234 4775 405 4823 coss.,
434 4756 692 4833 Kalendis
729 4757 958 4833 Martiis,
986 4758 1078 4827 qui
1099 4752 1245 4833 Aer’at
1275 4777 1460 4833 annus
1493 4764 1611 4833 ejus

62 4829 374 4898 principatus
438 4827 776 4884 undecimus.
823 4828 1183 4898 Constantius
1244 4847 1373 4887 vero
1429 4827 1612 4890 Caesar

63 4897 254 4969 creatus
285 4909 370 4954 est
402 4900 683 4955 consulatu
718 4915 779 4954 ut
807 4897 987 4969 Crispi
1035 4910 1090 4955 et
1127 4901 1492 4967 Constantini,
1525 4905 1611 4960 die

60 4978 101 5041 vt
140 4968 257 5026 ldus
286 4969 628 5041 Novembris,
655 4969 893 5041 boc_est.
922 4968 1067 5041 anno
1096 4971 1307 5041 imperii
1338 4973 1610 5028 Constan-

62 5037 142 5093 tini
189 5054 330 5095 nono
360 5055 435 5111 ac,
467 5039 704 5094 decimo.
750 5039 991 5111 Denique
1036 5037 1309 5096 Constans
1354 5044 1539 5097 Caesar
1574 5061 1603 5099 ιι

60 5118 194 5180 patre
225 5110 566 5180 renuntiatus
598 5121 700 5180 est,
739 5110 1008 5166 Daltnatio
1038 5123 1091 5165 et
1117 5111 1411 5180 Zennpltilo
1437 5129 1606 5178 eoss.,

61 5176 132 5247 die
166 5188 274 5234 vut'
302 5178 578 5235 Kalendas
626 5179 915 5235 ianuarias
936 5219 952 5247 ,
1001 5176 1354 5237 Constantino
1407 5176 1606 5239 annum
1634 5234 1639 5242 .

60 5242 248 5318 imperii
298 5251 381 5322 s_ui
441 5260 694 5322 octavum
745 5267 810 5306 ac
862 5242 1177 5322 vicesimum
1231 5253 1493 5322 ingresso.
1551 5266 1609 5309 ut

87 5328 271 5375 atetex
304 5318 487 5375 Fastis
534 5318 711 5374 ldatii.
739 5323 917 5389 Quare
946 5321 1160 5377 Eusebii
1204 5318 1367 5377 verba
1417 5324 1609 5381 melius

78 5396 118 5440 ta
149 5400 444 5462 vertentur
475 5408 491 5445 :
521 5393 746 5461 singulis
808 5392 1093 5447 decenniis.
1126 5393 1231 5447 Sed
1278 5408 1455 5462 neque
1508 5395 1611 5451 lioc

59 5460 195 5531 tpotlo
232 5477 416 5515 verum
447 5463 554 5516 erit
582 5464 724 5531 quod
754 5462 893 5517 dixit
924 5462 1204 5516 Eusebius.
1234 5460 1419 5530 Neque
1459 5468 1605 5519 enim

59 5525 257 5606 Crispus
286 5542 343 5586 et
370 5603 380 5606 _
408 5525 799 5606 Constantinus
837 5532 1024 5606 junior
1052 5533 1295 5606 Cazsares
1328 5525 1453 5587 lacti
1483 5546 1609 5587 sunt

59 5602 99 5651 in
142 5602 310 5668 prima
350 5603 698 5657 decaeteride
747 5602 1116 5666 Constantini,
1154 5604 1247 5656 sed
1299 5606 1444 5658 circa
1495 5606 1606 5671 pri-

58 5680 176 5746 num
240 5672 692 5746 decaeteridetn._
732 5672 945 5746 Itaque
986 5671 1215 5746 benigna
1278 5673 1606 5743 interpreta-

59 5743 181 5816 tione
215 5753 376 5816 egent
422 5745 538 5816 hate
582 5744 766 5816 verba.
794 5743 951 5816 Quod
976 5756 1099 5797 cum
1146 5743 1367 5816 minime
1416 5749 1610 5799 adver-

57 5812 189 5867 tisset
246 5812 546 5880 Baronius,
611 5812 857 5883 Crispum
912 5812 1177 5869 Ctesareut
1234 5813 1433 5870 factum
1482 5831 1608 5872 esse

1787 4618 1900 4690 (97)
1937 4614 2421 4690 Εὐχαριονεήριον
2466 4616 2698 4690 καιρόν.
2778 4613 3129 4690 N_on_dubit_o
3173 4614 3302 4690 quin

1714 4685 2063 4764 scribendum
2086 4685 2157 4743 sit
2182 4685 2661 4764 st’ixapt_stqpi_wv,_
2685 4685 2826 4764 quod
2855 4686 3025 4764 miror
3057 4685 3304 4764 abnaliis

1712 4759 2149 4814 animadversum
2174 4754 2282 4812 noti
2306 4754 2503 4825 fuisse.
2538 4757 2593 4811 ln
2622 4754 2762 4813 Fuit.
2816 4757 3006 4811 codice
3040 4754 3305 4808 scribitur

1710 4830 2129 4956 aprtﬂﬁptOV
2161 4829 2355 4901 καιρὸν
2387 4829 2483 4883 καὶ
2516 4827 2795 4900 εὔκαιρον,
2833 4826 2974 4894 quod
3014 4840 3122 4880 non
3171 4840 3304 4895 pro-

1781 4969 1895 5043 (98)
1954 4963 2447 5043 νυιεηοῖονχεὶς.
2537 4966 2893 5043 _Scribeutlum
2958 4981 3067 5020 uno
3133 4965 3304 5043 _verbo

1709 5037 1899 5103 οἱονεί,
1932 5053 1989 5094 ιιι
2015 5037 2234 5095 ἱηῚίΙιτο
2268 5040 2450 5095 Μονεεί
2484 5039 2552 5103 ad
2611 5038 2908 5107 marginem
2947 5037 3301 5092 emendatum

1715 5113 1922 5186 inveni,
1950 5122 2011 5186 ει
2034 5110 2203 5186 paulo
2231 5121 2353 5186 post
2378 5108 2666 5180 legendum
2701 5106 3045 5186 δπαντῆσαν.
3077 5174 3089 5186 ο
3258 5176 3267 5185 _

1788 5182 1903 5252 (99)
1950 5176 2102 5248 Vulg.
2146 5179 2185 5249 ἢ
2211 5176 2914 5252 ςὸιλιάνὶζπασαμένους.
2935 5176 3129 5252 Nescio
3180 5176 3303 5243 quis

1711 5251 1780 5324 ad
1796 5247 2141 5324 'margiueur
2161 5247 2417 5324 editionis
2448 5250 2785 5324 Geueveusis
2820 5247 3105 5301 adnotavit
3126 5318 3135 5324 _
3157 5261 3299 5299 surt-

1709 5317 1959 5376 benduuf
1972 5337 2095 5378 esse
2119 5320 2563 5393 ἀσπασαμένους.
2628 5317 2822 5393 Mali_tn_
2871 5326 3048 5393 tamen
3107 5318 3301 5393 “legere

1709 5393 2129 5466 σπεισαμένους.
2161 5394 2215 5446 lu
2245 5385 2433 5466 codice
2489 5401 2668 5444 tamen
2726 5386 2939 5442 Fuketii
2994 5401 3059 5441 ac
3105 5385 3299 5440 Savilii

1708 5462 1966 5518 scribitur
1994 5462 2438 5525 ἀσπασαμένους.

1779 5533 1852 5602 (ι)
1884 5533 2096 5602 Πὰσης
2122 5525 2445 5600 λοιδορίας.
2470 5529 2582 5585 Hoc
2607 5529 2731 5585 loco
2750 5527 2989 5600 λοιδορία
3023 5525 3299 5602 passivam

1708 5598 1871 5657 habet
1912 5598 2391 5674 significationem,
2427 5603 2676 5674 idemque
2705 5602 2851 5674 valet
2895 5598 3056 5674 quod.
3082 5598 3305 5674 itt__iitso

1708 5673 1869 5750 hujus
1892 5667 2148 5750 epintolae
2163 5667 2535 5750 βλασφημίας.
2575 5667 2756 5750 Atque
2792 5673 2871 5750 ita
2919 5667 3301 5750 iet-tiburti-

1707 5738 2101 5812 stopltors'onus
2135 5738 2188 5798 in
2217 5738 2561 5814 libr'o‘primo
2590 5738 2852 5799 Historia:
2906 5738 3303 5795 Ecclesiastictl

1708 5815 2046 5884 Theodoriti,
2075 5830 2193 5884 cap.
2217 5813 2310 5870 29.
