3884 6498
442 378 585 437 1199

970 492 1196 551 CAPUT
1233 490 1463 548 XLVIII.

437 588 713 659 Quomodo
741 586 1050 642 immodicas
1079 585 1357 654 cujusdam
1405 585 1589 640 laudes
1624 601 1764 655 (egre
1804 584 2006 640 tulerit.

511 744 610 801 His
642 742 890 799 omnibus
937 740 1227 805 confectis,
1278 755 1403 797 cum
1446 739 1795 811 imperatoris
1839 740 2014 797 virtus

436 846 759 891 cunctorum
816 832 1163 888 sermonibus
1201 833 1620 901 praedicaretur,
1670 831 1891 902 quidam
1942 846 2011 887 ex

438 941 667 981 numero
700 924 1072 989 sacerdotum,
1107 922 1258 977 illum
1292 937 1483 977 coram
1515 922 1736 976 beatum
1776 937 2013 993 pronun-

438 1013 581 1069 tiare
612 1027 719 1067 non
754 1020 838 1065 est
864 1011 1105 1069 veritus:
1152 1010 1351 1080 quippe
1391 1011 1482 1080 qui
1516 1020 1629 1065 tum
1668 1011 1722 1065 in
1765 1012 1868 1066 bac
1901 1013 2012 1067 vita

434 1117 704 1156 summum
751 1102 916 1155 tutius
952 1101 1102 1155 orbis
1150 1100 1379 1156 Romani
1422 1101 1707 1172 imperium
1755 1105 2012 1174 consequi

437 1196 763 1257 meruisset;
802 1204 914 1248 tum
952 1195 1006 1249 in
1040 1194 1220 1249 futuro
1257 1209 1374 1249 aevo
1417 1209 1524 1247 una
1572 1209 1697 1249 cum
1746 1195 1886 1251 Filio
1920 1198 2013 1253 Dei

434 1294 581 1342 esset
608 1295 963 1356 regnaturus.
992 1287 1062 1340 At
1097 1284 1188 1339 ille
1218 1284 1526 1354 huiusmodi
1557 1303 1720 1345 voces
1750 1304 1891 1361 tegre
1917 1288 2014 1343 ad-

420 1382 652 1434 modum
692 1395 905 1448 passus,
957 1379 1233 1434 hominem
1266 1380 1577 1445 admonuit,
1609 1395 1679 1435 ne
1717 1380 1804 1436 bis
1829 1380 2014 1436 verbis

435 1473 510 1524 uti
545 1478 930 1539 praesumeret;
968 1470 1065 1526 sed
1100 1470 1283 1541 potius
1317 1470 1544 1541 supplex
1587 1472 1701 1528 Deo
1748 1480 1878 1526 vota
1931 1470 2015 1524 l'a-

434 1573 606 1626 ceret,
655 1572 713 1617 ut
752 1573 861 1617 tam
906 1563 959 1617 in
1005 1562 1108 1620 hac
1149 1579 1315 1634 quam
1368 1565 1423 1621 in
1470 1564 1652 1622 futura
1702 1564 1839 1632 vita,
1884 1579 2015 1621 cen-

443 1658 552 1713 seri
588 1658 730 1712 inler
771 1655 1006 1712 famulos
1047 1656 1143 1713 Dei
1181 1667 1507 1715 mereretur.

891 1839 1050 1912 551
1098 1840 1329 1898 CAPUT
1372 1841 1560 1898 XLIX.

657 1932 868 2005 Nuptia:
901 1933 1199 1988 Constantii
1235 1933 1489 2003 Caesaris,
1522 1934 1639 2006 ejus
1667 1933 1794 2003 filii.

502 2026 765 2083 Absoluta
796 2027 904 2096 iam
958 2028 1238 2084 tricesimo
1297 2027 1515 2099 imperii
1560 2042 1736 2095 anno,
1787 2025 2014 2081 secundi

436 2117 535 2174 lilii
569 2117 791 2185 nuptias
832 2116 1163 2182 celebravit,
1201 2132 1329 2172 cum
1355 2116 1580 2187 majoris
1615 2122 1746 2171 natu
1794 2116 2017 2186 nuptias

437 2210 640 2264 dudum
688 2218 850 2263 antea
882 2207 1292 2263 celebravisset.
1332 2206 1502 2278 Epnla
1540 2207 1705 2275 igitur
1744 2215 1799 2262 et
1826 2207 2017 2262 convi-

437 2302 521 2356 via
556 2301 974 2373 praebebantur,
1011 2301 1340 2367 imperatore
1385 2300 1504 2369 ipso
1548 2300 1716 2354 lilium
1754 2314 2013 2370 sponsum

435 2392 776 2456 deducente,
822 2400 881 2446 et
925 2392 1215 2463 magniﬁco
1258 2404 1520 2463 apparatu
1569 2407 1814 2449 seorsum
1862 2392 2009 2448 virov

436 2500 587 2549 rum,
638 2499 889 2540 seorsum
925 2483 1219 2539 mulierum
1270 2495 1473 2541 ccetum
1526 2484 1855 2555 excipiente.
1908 2484 2017 2540 Sed

352 2584 357 2593 ί
434 2586 491 2631 et
546 2590 770 2631 munera
825 2575 1270 2647 splendidissima
1317 2577 1636 2633 civitatibus
1682 2591 1748 2633 ac
1802 2579 2016 2649 populis

438 2665 634 2722 divisa.

1052 2846 1283 2903 CAPUT
1332 2846 1398 2905 L.

688 2937 901 3010 Lrgatio
933 2948 983 2995 et
1029 2955 1247 2993 munera
1285 2941 1350 2994 ab
1384 2939 1539 2995 Indis
1578 2941 1765 2996 missa.

515 3032 721 3089 Eodem
758 3044 1001 3104 tempore
1024 3033 1281 3089 ludorum
1309 3034 1402 3104 qui
1431 3034 1497 3088 ad
1539 3035 1808 3090 orientem
1843 3034 2015 3090 solem

438 3126 700 3188 incolunt,
736 3127 903 3197 ll-gati
940 3129 1238 3191 advenere,
1284 3127 1426 3181 dona
1481 3126 1806 3184 aﬂ‘erentes:
1840 3128 2019 3184 varias

1148 377 1418 435 EUSEBII
1456 357 1938 435 CESARIENSIS
1974 374 2127 433 OPP.
2166 371 2348 428 PARS
2386 372 2427 426 I.
2467 401 2539 412 -
2577 365 2971 424 IIISTORICA.

3563 363 3685 419 19.00

2636 480 3036 538 ΚΕΦΑΔΔΙΟΝ
3064 480 3206 535 MH'.

2118 586 2326 651 Ὅπως,
2367 585 2527 646 τινὸς
2564 580 2729 703 ἄπηαέ
2761 575 3156 657 ἐπαινοῦἴτος
3177 615 3195 642 ,
3241 574 3357 627 οὐκ
3410 573 3690 644 ἠνέσχετο

2729 662 3157 703 ωνο-ταντινορ.

2729 662 3157 712 ωνσταντινος.

2182 747 2293 802 Καὶ
2324 746 2388 818 δὴ
2424 742 2629 799 τούτων
2660 743 2917 797 ἁπάντων
2942 740 3054 809 (24)
3103 737 3562 809 συντελουμένων,
3600 738 3692 794 ἀνά

2117 840 2291 911 στόμα
2310 855 2373 891 τε
2398 836 2550 909 παρὰ
2573 837 2705 889 πᾶσι
2734 834 2844 888 τῶν
2872 833 2975 904 τῆς
2996 831 3161 886 αὐτοῦ
3188 831 3332 887 κατά
3351 830 3483 885 Θεὸν
3510 830 3693 902 ἀρέτης

2119 931 2427 1003 βοωμένων,
2456 928 2566 983 τῶν
2607 926 2700 981 τοῦ
2730 923 2869 979 Θεοῦ
2897 924 3230 997 λειτουργῶν
3277 940 3366 989 τις
3401 921 3695 997 ἀποτολμή-

2118 1041 2238 1087 σας,
2295 1025 2376 1087 είς
2439 1021 2604 1077 αὐτοῦ
2669 1018 2961 1093 πρόσωπον
3025 1020 3293 1092 μακάριον
3348 1017 3515 1073 αὐτὸν
3574 1016 3695 1072 ἀπέ-

2117 1130 2320 1186 φηνεν,
2376 1114 2460 1167 ὃτι
2512 1112 2575 1183 δὴ
2635 1113 2737 1165 κάν
2791 1109 2874 1182 τῷ
2942 1109 3168 1183 παρόντι
3242 1106 3343 1180 βίῳ
3411 1108 3512 1179 τῆς
3571 1107 3696 1163 κατά

2116 1208 2333 1262 πάντων
2382 1204 2858 1278 αὐτοκρατορικῆς
2915 1200 3191 1274 βασιλείας
3245 1199 3551 1271 ἠξιωμένος
3598 1200 3695 1270 εἴη,

2115 1300 2220 1353 κάν
2281 1297 2360 1370 τῷ
2430 1297 2676 1369 μέλλοντι
2733 1292 3153 1367 συμϐασιλεύειν
3222 1292 3410 1364 μέλλοι
3457 1291 3536 1363 τῷ
3591 1290 3694 1362 Υῐῷ

2114 1391 2207 1445 τοῦ
2278 1386 2446 1445 Θεοῦ.
2522 1389 2580 1443 Ὀ
2631 1386 2689 1442 δὲ
2750 1386 3011 1458 ἀπεχθῶς
3065 1386 3165 1457 τῆς
3230 1384 3419 1456 φωνῆς
3479 1382 3698 1439 ἐπακού-

2118 1500 2236 1547 σας,
2295 1480 2371 1554 μὴ
2402 1480 2629 1535 τοιαῦτα
2658 1479 2863 1550 τολμᾷν
2912 1477 3146 1550 παρῄνει
3191 1476 3551 1548 φθέγγεσθαι,
3577 1475 3697 1548 μᾶλα

2113 1572 2203 1627 λον
2253 1572 2310 1626 δὲ
2359 1571 2425 1626 δι’
2472 1571 2639 1643 εὐχῆς
2678 1570 2946 1625 αἰτεῖσθαι
2987 1569 3157 1641 αὐτῷ,
3211 1569 3317 1623 κάν
3341 1567 3425 1639 τῷ
3459 1568 3690 1640 παρόντι,

2113 1663 2218 1716 κάν
2263 1659 2342 1732 τῷ
2378 1659 2646 1733 μέλλοντι,
2681 1660 2781 1732 τῆς
2818 1658 2912 1713 τοῦ
2953 1659 3089 1713 Θεοῦ
3131 1658 3382 1724 δουλείας
3429 1658 3577 1724 ἀξιον
3606 1676 3692 1731 φα-

2114 1771 2269 1807 νηναι
2280 1798 2290 1807 .

2185 1772 2213 1804 ν
2280 1798 2290 1807 .

2148 1757 2181 1827 ἦ
2215 1771 2269 1807 αι
2637 1843 3034 1899 ΚΕΦΑΛΑΙΟΝ
3062 1842 3203 1896 MG'.

2221 1934 2412 2007 Γάμοι
2433 1935 2856 1991 Κωνσταντίσυ
2883 1935 3017 1990 υἱοῦ
3046 1934 3257 1998 αὑτοῦ,
3282 1935 3606 2003 Καίσαρος.

2204 2026 2419 2099 Ἐπειδὴ
2443 2026 2500 2080 δὲ
2532 2027 2627 2081 καὶ
2653 2027 2681 2080 ό
2704 2026 3127 2097 τριακονταέτης
3148 2025 3302 2097 αύτῷ
3322 2027 3425 2098 τῆς
3445 2026 3696 2097 βασιλείας

2116 2117 2483 2192 διεπεραίνετο
2528 2120 2740 2192 χρόνος,
2776 2118 2854 2190 τῷ
2891 2119 3129 2192 δευτέρῳ
3167 2120 3279 2174 τῶν
3314 2120 3521 2175 παίδων
3563 2137 3693 2173 συνε-

2115 2210 2261 2264 τέλει
2293 2212 2526 2282 γάμους,
2554 2210 2918 2273 παλαιτάτους
2947 2226 3007 2262 τε
3040 2210 3183 2264 κάπὶ
3212 2210 3310 2265 τοῦ
3340 2211 3690 2283 πρεσϐυτέρου

2118 2301 2231 2374 (ἓὸ)
2262 2301 2360 2374 τὴν
2393 2301 2613 2373 ἡλικίαν
2640 2301 3093 2374 διαπραξάμενος.
3126 2301 3324 2356 Θαλίαι
3352 2301 3420 2374 δὴ
3452 2303 3544 2356 καὶ
3569 2303 3692 2355 ἐστι-

2119 2395 2269 2459 ἀσεις
2300 2396 2516 2467 ἤγοντο,
2565 2390 3059 2465 νυμφοστολοῦντος
3107 2393 3276 2448 αὐτοῦ
3325 2393 3583 2465 βασιλέως
3612 2393 3691 2447 τὸν

2119 2488 2305 2556 παῖδα,
2357 2486 2644 2553 ἑστιῶντός
2678 2503 2739 2540 τε
2782 2485 3052 2559 λαμπρῶς
3091 2487 3188 2540 καὶ
3229 2486 3690 2557 ωμποσιάξοντος,

2116 2573 2220 2633 ὧδε
2268 2579 2368 2650 μὲν
2404 2578 2619 2651 ἀνδρῶν
2653 2577 2881 2642 θιάσοις,
2924 2576 3202 2646 γυναικῶν
3233 2577 3281 2631 δ’
3315 2578 3694 2650 ἀφωρισμένως
3736 2610 3740 2614 Α

2118 2670 2375 2742 ἀλλαχόοι
2403 2674 2584 2743 χοροῖς
2603 2689 2617 2703 ’
2652 2670 2920 2736 διαδόσεις
2948 2687 3009 2724 τε
3048 2668 3308 2723 πλούσιαι
3341 2670 3692 2741 χαρισμάτων,

2117 2763 2312 2836 δήμοις
2332 2766 2449 2837 ἅμα
2478 2766 2571 2820 καὶ
2599 2764 2816 2818 πόλεσιν
2851 2763 3174 2835 ἐδωροῦντο.

2672 2856 3070 2909 ΚΕΦΑΛΑ-ιΟΝ
3101 2856 3185 2908 Ν.

2508 2945 2706 3000 Ἰνδῶν
2743 2948 3027 3015 πρεσϐεία
3058 2947 3157 3001 καὶ
3184 2947 3365 3017 δῶρα.

2204 3036 2292 3089 Ἐν
2313 3034 2488 3106 τούτῳ
2520 3036 2575 3089 δὲ
2604 3036 2698 3091 καὶ
2726 3037 2904 3091 Ἰνδῶν
2926 3037 3036 3092 τῶν
3071 3039 3208 3111 πρὸς
3229 3041 3515 3112 ἀνίσχοντα
3537 3040 3686 3111 ἥλιον.

2122 3126 2381 3200 πρέσϐεις
2414 3127 2669 3199 ἀπήντων
2701 3126 2849 3199 δῶρα
2882 3128 3218 3199 κομίζοντεςο
3246 3130 3380 3202 γένη
3407 3131 3453 3184 δ’
3480 3127 3545 3202 ἦν
3576 3148 3691 3183 παν-

436 3216 696 3272 νίιιειίοοι
733 3232 982 3287 gemmas
1008 3216 1265 3287 exquisiti
1300 3216 1527 3286 fulgoris
1562 3231 1626 3272 ac
1654 3216 1840 3288 pretii;
1875 3217 2019 3274 feras

2133 3223 2238 3273 τοῖα
2273 3217 2751 3291 ὲξαστραπτόντων
2790 3217 3097 3272 πολυτελῶν
3135 3218 3322 3283 λίθων,
3369 3220 3481 3285 ζῶά
3507 3238 3560 3274 τε
3598 3220 3688 3273 τῶν

436 3324 655 3381 quoque
700 3309 873 3366 forma
912 3320 1075 3378 atque
1119 3308 1300 3365 indole
1342 3306 1560 3378 penitus
1604 3321 1636 3361 a
1669 3308 1875 3364 nostris
1910 3309 2021 3364 dis-

438 3411 750 3472 crepantes.
794 3401 927 3469 Quae
968 3400 1153 3456 omnia
1194 3401 1519 3469 imperatori
1563 3398 1896 3467 oiierentes,
1948 3412 2024 3458 te-

440 3493 730 3549 stabantur
756 3493 824 3546 ad
864 3491 1044 3562 ipsum
1073 3506 1245 3561 usque
1278 3490 1553 3547 Oceanum
1588 3492 1876 3563 imperium
1903 3493 2022 3565 ejus

440 3586 699 3651 extendi,
744 3586 1028 3655 gentisque
1081 3583 1333 3639 Indorum
1374 3584 1652 3654 principes
1686 3601 1752 3640 ac
1780 3587 2019 3657 regulos,

444 3679 608 3749 pictis
661 3677 861 3733 tabulis
902 3686 958 3732 et
1019 3677 1217 3732 statuis
1258 3675 1311 3730 in
1340 3676 1606 3733 bonorem
1638 3676 1755 3745 ejus
1794 3679 2020 3746 erectis,

449 3772 834 3840 imperatorem
887 3783 953 3822 ae
995 3782 1178 3836 regem
1226 3780 1287 3821 se
1331 3765 1482 3827 illum
1519 3782 1820 3838 agnoscere
1858 3769 2020 3839 proﬁ-

448 3862 570 3917 teri.
609 3862 688 3917 Ac
729 3863 782 3916 in
824 3861 943 3931 ipso
968 3861 1190 3930 quidem
1235 3859 1578 3929 principatus
1614 3860 1731 3931 ejus
1775 3862 2022 3928 exordio,

445 3955 608 4024 primi
648 3953 893 4010 omnium
926 3952 1175 4008 Britanni
1222 3952 1291 4005 ad
1326 3951 1717 4007 occidentalem
1759 3968 2021 4009 oceanum

446 4047 635 4117 positi,
683 4062 804 4103 sese
846 4047 997 4100 illius
1046 4045 1236 4099 ditioni
1294 4043 1673 4114 subiecerunt:
1719 4060 1863 4100 nunc
1896 4060 2023 4102 vero

449 4139 565 4195 lndi
597 4142 667 4197 ad
714 4140 983 4196 orientem
1033 4138 1203 4194 solem
1244 4136 1588 4203 incolentes,
1634 4137 1779 4193 idem
1816 4137 2021 4197 fecere.

1056 4226 1286 4285 CAPUT
1320 4226 1405 4281 LI.

444 4321 723 4390 Quomodo
758 4321 1165 4385 Constantinus,
1200 4318 1368 4372 diviso
1395 4318 1451 4373 in
1480 4329 1583 4374 tres
1610 4319 1750 4388 ﬁlios
1779 4320 2021 4390 imperio,

522 4411 605 4449 eos
637 4403 684 4448 et
713 4394 972 4464 regnandi
1007 4399 1122 4445 arte
1156 4399 1203 4443 et
1235 4390 1448 4459 pietatis
1480 4391 1661 4461 oﬂiciis
1698 4392 1949 4447 instituit.

523 4486 658 4543 Cum
711 4486 878 4555 igitur
924 4492 1225 4553 utrumque
1289 4483 1586 4538 terminum
1652 4483 1804 4540 orbis
1856 4492 2027 4540 terra-

2128 3310 2254 3380 παρ’
2281 3310 2411 3380 ἡμῖν
2441 3309 2799 3379 ἐγνωσμένων
2826 3308 3220 3362 ὲναλλάττοντα
3242 3312 3341 3381 τὴν
3366 3309 3552 3380 φύσιν·
3582 3310 3614 3364 ἀ
3633 3310 3686 3381 δὴ

2127 3400 2401 3472 προσῆγον
2428 3399 2506 3471 τῷ
2530 3400 2757 3472 βασιλεῖ,
2775 3401 2876 3474 τὴν
2897 3403 2976 3465 είς
3006 3402 3169 3456 αὑτὸν
3205 3404 3459 3458 Ὠκεανὸν
3482 3403 3582 3474 (9.6)
3610 3403 3688 3473 δη-

2126 3494 2345 3559 λοῦντες
2367 3492 2530 3547 αὐτοῦ
2557 3494 2845 3566 κράτησιν,
2878 3495 2974 3548 καὶ
3002 3495 3079 3559 ὡς
3108 3496 3156 3549 οἱ
3188 3495 3292 3567 τῆς
3338 3496 3507 3550 Ἰνδῶν
3528 3495 3685 3567 χώρας

2128 3586 2522 3658 καθηγεμόνες,
2557 3586 2779 3640 εἰκόνων
2816 3590 3083 3660 γραφαῖς,
3122 3589 3454 3660 ἀνδριάντων
3479 3590 3525 3644 τ’
3548 3589 3685 3643 αὐτὸν

2130 3679 2439 3751 ἀναθήμασι
2466 3678 2754 3750 τιμῶντες,
2790 3679 3168 3752 αὐτοκράτορα
3202 3683 3299 3735 καὶ
3331 3683 3544 3754 βασιλέα
3566 3700 3683 3751 γνω-

2132 3770 2301 3843 ρίζειν
2332 3770 2661 3840 ὡμολόγουν.
2705 3771 3019 3843 Ἀρχομένῳ
3045 3773 3142 3844 μὲν
3169 3774 3272 3845 τῆς
3307 3775 3569 3846 βασιλείας
3591 3774 3683 3845 (27)
3795 3824 3802 3831 .

2129 3862 2299 3931 αύτῷ,
2321 3864 2370 3915 οἱ
2401 3862 2537 3933 πρὸς
2560 3863 2711 3933 ἥλιον
2736 3862 2963 3917 δύνοντα
2993 3864 3221 3937 ὠκεανῷ
3245 3867 3546 3939 Βρεττανοὶ,
3560 3865 3685 3939 πρῶ-

2127 3976 2208 4012 τοι
2237 3954 2723 4019 καθυπετάττοντο,
2772 3956 2869 4010 νῦν
2900 3958 2946 4012 δ’
3002 3958 3181 4014 Ἰνδῶν
3227 3961 3279 4013 οἱ
3333 3962 3432 4034 τὴν
3464 3960 3684 4034 πρὺςάν-

2134 4051 2149 4102 ί
2156 4066 2346 4121 σχοντα
2374 4048 2526 4120 ἥλιον
2558 4049 2837 4120 λαχόντες.

2646 4224 3045 4279 ΚΕΦΑΔΑΙΟΝ
3079 4226 3209 4281 NA'.

2133 4315 2465 4387 Ὄπωςᾼτοῖς
2486 4315 2683 4387 τρισὶν
2715 4316 2869 4383 υίοῖς
2892 4320 3347 4387 moratas-rimo
3370 4319 3572 4375 διελὼν
3588 4317 3682 4387 τὴν

2199 4385 2417 4455 ἀρχὴν,
2455 4385 2527 4439 τὰ
2544 4387 2843 4450 ,βασιλικὰ
2863 4389 2993 4457 μετ’
3019 4385 3335 4457 εὐσεϐείας(
3361 4390 3617 4460 διηγεῖτο.

2213 4479 2299 4544 Ὠς
2330 4474 2421 4533 οὖν
2449 4480 2723 4550 ἑκατέρων
2752 4481 2863 4535 τῶν
2886 4480 3072 4555 ἄκρων
3097 4484 3197 4555 τῆς
3240 4484 3369 4557 ὅλης
3395 4483 3681 4556 οἰκουμένης

446 4594 569 4633 rum
608 4582 708 4634 sub
755 4587 1077 4647 potestatem
1129 4592 1284 4632 suam
1339 4576 1673 4648 redegisset,
1719 4576 1886 4632 totius
1925 4579 2020 4631 im-

2133 4572 2371 4643 ὲκράτει,
2425 4569 2522 4643 τὴν
2570 4572 2864 4644 σύμπασαν
2910 4574 3011 4645 τῆς
3052 4574 3332 4645 βασιλείας
3376 4577 3540 4649 tlng
3558 4575 3682 4645 τρισὶ

447 4670 584 4741 perii
639 4686 905 4727 summam
982 4670 1131 4726 velut
1180 4678 1465 4740 paternam
1514 4669 1805 4737 quamdam
1856 4667 2028 4724 luere-

523 4913 635 4987 (24)
663 4911 775 4967 Καὶ
806 4912 882 4982 δὴ
909 4913 1134 4987 τουτων
1153 4911 1455 4987 ἁπάντων.
1480 4909 1615 4987 Tota
1641 4908 1757 4987 tunc
1774 4908 2029 4987 periodus

454 4977 629 5054 usque
654 4988 722 5038 ad
744 4977 928 5037 vocem
960 4983 1246 5054 ἀπέφηνεν
1277 5022 1293 5045 ,
1324 4982 1510 5054 deerat
1544 4981 1600 5033 in
1639 4977 1827 5054 codice
1858 4978 2028 5054 Regio

451 5065 511 5110 et
540 5048 615 5109 'in
665 5054 901 5109 editione
952 5048 1103 5107 Bob;
1143 5048 1457 5122 Stephani:
1508 5062 1672 5122 quam
1726 5049 1828 5102 viri
1882 5048 2028 5104 tlocti

454 5125 642 5181 nescio
687 5134 871 5179 utrum
920 5139 985 5177 ex
1038 5120 1424 5190 manuscriptis
1479 5120 1783 5180 codicibus,
1834 5134 1934 5190 an_
1964 5134 2032 5190 ex

454 5195 767 5269 conjectura
797 5194 1201 5269 suppleverunt.
1238 5187 1480 5247 Tandem
1510 5204 1639 5269 vero
1675 5189 1872 5269 codex"
1893 5187 2029 5269 Euk.

457 5259 776 5326 uos-docuit.
806 5259 923 5318 haec
953 5265 1093 5318 bona
1117 5264 1223 5318 title
1253 5279 1321 5317 ex
1344 5259 1729 5329 manuscriptis
1757 5259 2034 5314 codicibus

457 5338 624 5391 fuisse
654 5333 928 5403 suppleta.

527 5407 638 5479 (25)
677 5397 1098 5479 Homericae;
1124 5418 1198 5479 re
1248 5400 1393 5479 atan
1442 5398 1570 5479 τοῦ⁸
1601 5397 2029 5479 πρεσϐυτέρου.

458 5469 963 5563 Ξρὶὶῃξιιιιξυιιιθεὶιιθ
1012 5474 1174 5563 dubio
1203 5472 1370 5526 πάλαι
1419 5469 1584 5524 ταύτὸ
1609 5470 1748 5523 κάπὶ
1793 5469 1887 5521 τοῦ
1929 5484 2026 5540 πρ.

455 5547 564 5629 τὴν.
580 5546 795 5632 ἡλικίαν
816 5542 1272 5667 διαπραξαμενος.
1497 5610 1509 5622 ⁸
1854 5606 1866 5619 ι

498 5687 501 5688 ν
531 5617 644 5688 ('20)
678 5618 799 5688 Eio
831 5632 944 5669 αυτ
968 5632 1019 5688 ,ν
1050 5612 1336 5688 (piscator.
1394 5610 1751 5688 Scribendum
1818 5609 2032 5688 Videtur

457 5677 740 5750 εἰςάὑτῶν
759 5677 1031 5739 ἰῦκεανόν.
1060 5682 1119 5738 Id
1150 5692 1254 5744 est.
1292 5697 1453 5749 usque
1480 5682 1548 5732 ad
1579 5680 1844 5735 Oceanum
1868 5677 2030 5750 Indi-

458 5747 600 5815 cum.
656 5756 821 5809 Porro
870 5756 1029 5821 hujus
1084 5747 1376 5822 legationis
1421 5751 1613 5805 Indicas
1655 5758 1820 5822 caput
1853 5747 2031 5822 fuisse

461 5827 674 5881 ridetur
705 5818 1041 5882 Metrodorus
1095 5818 1476 5893 pl'tilosopbus;
1516 5821 1610 5891 qui
1654 5819 1723 5876 ab
1774 5818 2029 5876 ludorum

2128 4668 2241 4728 τοῖς
2281 4662 2448 4717 αὐτοῦ
2480 4662 2657 4736 διῄρει
2699 4665 2912 4732 παισὶν,
2940 4660 3030 4721 οἷά
3067 4685 3187 4721 τινα
3229 4667 3486 4741 πατρῴαν
3519 4665 3681 4720 ούσίαν

2135 4925 2259 4980 rege
2279 4910 2539 4979 plurimas
2571 4925 2818 4980 gemmas
2846 4921 2901 4966 et
2931 4913 3163 4969 uniones
3194 4914 3263 4969 ad
3289 4913 3671 4970 Constantinum

2135 4981 2350 5044 detulit,
2407 4981 2683 5050 multoque
2731 4981 2884 5048 plura
2914 4983 3207 5038 allaturum
3233 5000 3294 5040 se
3330 4986 3490 5040 fuisse
3523 4983 3670 5044 tinxit,

2135 5052 2233 5105 nisi
2264 5051 2554 5106 Persarum
2572 5065 2679 5122 rex
2699 5051 2807 5122 sibi
2844 5067 2941 5121 per
2967 5068 3156 5122 agrum
3206 5053 3492 5110 Persarum
3522 5062 3673 5106 trans-

2129 5123 2280 5176 eunti
2313 5136 2378 5175 ea
2407 5119 2746 5178 abstulisset.
2777 5119 2896 5188 Qun
2943 5119 3230 5179 mendacio
3263 5126 3507 5179 inductus
3549 5124 3671 5177 Con-

2132 5191 2436 5264 stantinus,
2476 5192 2605 5245 dum
2637 5201 2787 5264 rapta
2840 5192 3054 5264 avidius
3090 5196 3451 5264 persequitur,
3503 5192 3669 5264 bellum

2132 5260 2413 5315 Persicum
2436 5262 2749 5323 commovit,
2765 5272 2822 5315 ut
2838 5262 3080 5317 scribunt
3094 5260 3373 5319 Cedreuus
3391 5274 3446 5318 et
3463 5262 3671 5319 Ammia-

2133 5346 2234 5404 nus
2266 5330 2635 5404 Marcellinus.
2661 5329 2793 5404 __$ed
2823 5331 3105 5404 Gedrenus
3133 5349 3360 5404 prorsus
3389 5335 3552 5389 alieno
3574 5331 3671 5404 loco

2132 5400 2185 5477 id
2211 5402 2401 5464 refert,
2425 5415 2569 5477 anno
2594 5401 2814 5477 scilicet
2846 5400 3191 5477 Constantini
3245 5405 3420 5477 primo
3449 5418 3507 5457 ac
3549 5403 3668 5477 vice:

2132 5471 2461 5534 simo;eum
2518 5470 2571 5523 id
2617 5470 2870 5526 conferre
2920 5472 3197 5529 debuisset
3245 5470 3314 5529 'in
3363 5470 3664 5530 Constantini

2133 5556 2336 5595 annum
2374 5543 2609 5608 primum
2676 5556 2741 5594 ac
2794 5543 3148 5597 tricesimum.
3202 5542 3319 5599 Hoc
3367 5545 3502 5599 enim
3552 5550 3669 5594 anno

2135 5620 2294 5678 rupta
2320 5621 2405 5663 est
2430 5625 2530 5677 pax
2559 5611 2701 5663 inter
2731 5609 3008 5667 Romanos
3036 5623 3091 5665 et
3119 5613 3335 5668 Persas.

2205 5674 2313 5749 (27)
2332 5749 2335 5750 ν
2355 5674 2674 5750 Ἀῥχομέγήῳ
2690 5680 2809 5749 μὲν
2835 5679 2946 5749 τῆς
2985 5682 3331 5749 βασιλείας.
3355 5682 3523 5738 Codex
3550 5674 3662 5733 Fuit.

2133 5748 2420 5835 ἀρχομένῳ
2441 5748 2541 5835 μιν
2572 5748 2808 5835 γάρτῆς
2847 5748 2970 5835 pater.
3008 5752 3238 5835 S_clted:e
3264 5748 3458 5835 autem
3490 5757 3664 5805 vetere!

2614 5816 2638 5837 τ

2132 5819 2420 5892 ἀρχομένῳ
2446 5819 2555 5891 ’μὲν
2581 5819 2697 5891 οὖν,
2722 5819 2870 5892 quod
2904 5823 3074 5893 magis
3096 5822 3295 5894 placet.
