3884 6478
222 0 379 7 ww..-

196 383 319 439 1201

1289 382 1381 438 ne
1419 382 1584 439 vrra
1621 364 2081 439 CONSTANTINI
2120 379 2247 439 LIB.
2290 379 2382 439 tv.

3293 369 3447 431 120‘!

193 502 298 565 τοῖς
324 500 489 555 αὑτοῦ
532 501 867 574 κληροδοτῶν
897 502 1170 573 φιλτάτοις
1190 519 1204 533 ’
1238 500 1337 572 τὴν
1365 502 1462 573 μὲν
1499 495 1593 554 οὖν
1627 517 1764 554 παπ-

1877 500 2103 558 ditatem
2157 497 2655 557 necessitudinibus
2701 496 2816 554 suis
2846 493 3192 567 dispertiens,
3230 491 3285 548 in
3333 503 3445 547 tres

196 592 340 666 πῴαν
378 592 531 666 λῆξιν
570 593 649 666 τῷ
690 595 915 666 μείζονι,
947 595 1047 667 τὴν
1084 596 1140 649 δέ
1175 594 1278 665 τῆς
1318 594 1460 665 ἑῴας
1491 593 1662 665 ἀρχὴν
1688 593 1766 665 τῷ

193 685 440 758 δευτέρῳ,
495 686 594 758 τὴν
635 687 692 740 δέ
733 688 938 742 τούτων
980 688 1151 759 μέσην
1177 685 1277 757 ’τῷ
1324 688 1493 758 τρίτῳ
1531 686 1764 758 διένεμε.

193 777 402 848 κλῆρον
426 778 473 831 δ’
503 778 705 847 ἀγαθὸν
735 780 829 834 καὶ
856 779 1036 851 ψυχῆς
1060 779 1325 849 σωτήριον
1348 781 1460 843 τοῖς
1485 779 1648 833 αὑτοῦ
1674 798 1769 834 πο-

196 868 487 940 ριζόμενος,
518 869 586 923 τὰ
613 870 921 936 θεοσεϐείας
948 872 1129 936 αὐτοῖς
1163 872 1291 925 ἐνίει
1318 872 1628 944 σπέρματα,
1654 871 1768 925 θεί-

193 977 267 1024 οις
293 962 389 1031 μὲν
423 963 681 1033 προάγων
720 963 1003 1035 μαθήμασι
1035 963 1171 1036 (28),
1206 963 1557 1027 διδασκάλους
1598 964 1644 1018 δ’
1672 966 1769 1033 ἐφη

195 1052 355 1118 ιστὰς,
382 1054 632 1125 εὐσεϐείᾳ
657 1056 1141 1129 δεδοκιμασμένους
1160 1056 1379 1130 ἄνδρας,
1401 1056 1621 1111 καὶτῶν
1647 1056 1773 1121 ἔξω·

193 1142 277 1198 θεν
295 1143 351 1197 δὲ
375 1144 550 1214 λόγων
592 1146 912 1219 καθηγητὰς
944 1149 1180 1222 ἐτέρους,
1221 1133 1461 1221 ἥκοντας
1492 1152 1571 1214 εἰς
1603 1150 1771 1222 ἄκρον

193 1234 554 1300 παιδεύσεωςο
588 1237 736 1292 ἄλλοι
767 1238 1079 1310 πολεμικῶν
1110 1241 1293 1305 αὐτοῖς
1329 1239 1556 1312 ἐξῆρχον
1594 1240 1770 1311 μαθη-

195 1324 390 1395 μάτων,
440 1326 619 1399 ἓτεροι
672 1327 780 1382 τῶν
821 1328 1113 1383 πολιτικῶν
1146 1329 1527 1402 ἐπιγνώμονας
1574 1329 1771 1394 αὑτοὺς

191 1417 478 1483 καθίστων,
517 1421 569 1473 οἱ
599 1420 657 1473 δέ
675 1422 854 1493 νόμιον
880 1422 1179 1495 ἐμπείρους
1224 1422 1561 1494 εἰργάζοντο.
1601 1423 1768 1474 Βασι-

190 1507 307 1581 λικὴ
334 1511 381 1564 δ’
422 1512 640 1585 ἑκάστῳ
667 1513 775 1567 τῶν
822 1515 1028 1569 παίδων
1071 1516 1385 1587 κεκλήρωτο
1418 1515 1765 1587 παρασκευὴ,

191 1600 418 1669 ὁπλῖται,
457 1604 765 1677 δορυφόροι,
824 1606 1305 1677 σωματοφύλακες,
1348 1608 1771 1680 στρατευμάτων

191 1708 246 1744 τε
265 1694 522 1766 τάγματα
560 1700 787 1752 παντοῖα
806 1716 819 1729 ·
866 1700 1071 1754 τούτων
1098 1700 1154 1755 δὲ
1182 1699 1577 1772 καθηγεμόνες,
1614 1701 1773 1771 λοχα-

1876 594 2017 651 ﬁlios
2062 593 2271 651 divisit.
2326 590 2393 646 Et
2439 591 2639 645 avitam
2685 588 2903 659 quidem
2952 595 3154 642 sortem
3203 583 3446 639 maximo

1871 694 2032 750 natu;
2079 684 2239 739 alteri
2268 697 2399 739 vero
2429 680 2668 739 Orientis
2699 680 3007 750 imperium;
3040 676 3271 733 mediam
3301 676 3448 731 inter

1870 776 1970 831 has
2005 776 2312 846 portionem
2353 774 2506 843 regni
2542 772 2703 826 tertio
2753 770 2864 825 ﬁlio
2901 769 3104 824 tribuit.
3158 765 3277 822 Jam
3316 780 3446 820 vero

1870 883 1994 923 cum
2024 868 2284 936 Optimam
2315 865 2503 920 liberis
2538 862 2668 935 suis,
2690 863 3091 923 haereditatem,
3130 869 3185 912 et
3219 857 3285 912 ad
3329 856 3448 911 aui-

1871 975 1971 1015 ma:
1997 960 2228 1016 salutem
2266 957 2536 1029 imprimis
2579 956 2762 1011 utilem
2796 968 2988 1024 parare
3015 953 3195 1016 vellet,
3227 952 3447 1022 pietatis

1870 1051 2077 1107 semina
2127 1066 2315 1105 eorum
2360 1048 2634 1102 mentibus
2684 1045 2977 1116 inspersit,
3009 1043 3207 1115 partim
3248 1042 3445 1097 divinis

1872 1143 2219 1199 documentis
2267 1141 2385 1211 ipse
2422 1154 2516 1194 eos
2566 1138 2850 1201 imbuens,
2903 1135 3103 1204 partim
3159 1132 3448 1203 magistros

1870 1238 1954 1292 eis
2000 1249 2281 1306 apponens
2325 1240 2620 1302 compertae
2667 1227 2949 1299 religionis
3003 1227 3166 1281 viros.
3207 1223 3447 1279 Saecula-

1872 1323 2012 1379 rium
2075 1336 2289 1392 quoque
2362 1318 2772 1388 disciplinarum
2863 1316 3228 1386 peritissimos
3281 1313 3445 1385 552

1873 1417 2126 1473 doctores
2158 1415 2349 1469 iisdem
2398 1412 2662 1485 prmfecit.
2712 1410 2817 1464 Alii
2851 1409 3062 1465 bellicae
3094 1408 3233 1462 artis
3269 1411 3448 1463 scien-

1872 1508 1985 1573 tia,
2031 1507 2123 1561 alii
2178 1506 2417 1562 civilium
2471 1522 2654 1561 rerum
2717 1503 3003 1574 prteceptis
3055 1515 3151 1556 eos
3185 1499 3447 1555 informa-

1870 1602 2037 1660 bant;
2075 1600 2166 1655 alii
2215 1599 2455 1669 denique
2484 1599 2626 1669 juris
2666 1598 2976 1667 prudentia.
3010 1593 3183 1649 Porro
3222 1592 3448 1661 singulis

1875 1692 2112 1747 tributus
2145 1699 2263 1745 erat
2295 1691 2487 1761 regalis
2520 1698 2819 1759 apparatus
2860 1707 2874 1740 :
2906 1685 3129 1742 scutarii
3152 1724 3168 1747 ,
3220 1682 3444 1749 hastati,

190 1788 291 1855 γοὶ,
338 1791 657 1860 στρατηγοὶ,
702 1791 1005 1864 ταξίαρχοι,
1036 1786 1110 1847 ὧν
1151 1793 1247 1864 τῆς
1272 1794 1331 1846 ἐν
1366 1792 1622 1863 πολέμοις
1651 1794 1764 1847 ἐπι-

1874 1792 2255 1854 protectores,
2298 1795 2352 1838 et
2385 1781 2626 1853 legiones
2668 1798 2733 1836 ac
2767 1780 2975 1835 numeri
3018 1779 3304 1843 militares,
3346 1793 3448 1831 eo-

192 1856 419 1945 στήμης,
457 1856 571 1947 τῆς
600 1895 659 1933 τε
691 1856 826 1952 πρὸς
860 1856 1056 1946 αὑτοὺς
1083 1856 1291 1947 εὐνοίας
1322 1884 1351 1936 ό
1379 1856 1557 1956 πατὴρ
1585 1901 1764 1957 προει-

1870 1890 2099 1945 rumque
2135 1886 2379 1930 rectores
2420 1891 2432 1927 :
2468 1873 2819 1930 centuriones
2843 1913 2859 1938 ,
2898 1871 3099 1927 tribuni
3149 1886 3214 1925 ac
3256 1871 3446 1936 duces,

188 1963 339 2037 λήφει
370 1969 472 2041 τὴν
507 1974 718 2044 πεῖραν.

696 2245 1094 2301 ΚΕΦΑΛΑΙΟΝ
1118 2248 1244 2302 NB‘.

190 2331 369 2400 ὀπως
396 2333 811 2404 ἀνδρωθέντας
834 2338 1058 2406 αὐτοὺς
1070 2342 1159 2407 εις
1177 2341 1491 2398 εὐσέϐειαν
1521 2344 1762 2416 ἤγαγεν.

260 2493 514 2560 Ἀπαλοῖς
561 2496 659 2568 μὲν
688 2495 782 2553 οὖν
810 2498 891 2552 ἔτι
918 2500 1017 2571 τὴν
1054 2500 1269 2571 ἡλικίαν
1298 2506 1410 2567 τοῖς
1442 2505 1763 2578 Καίσαρσιν,

184 2586 489 2656 ἀναγκαίως
522 2591 572 2642 οἱ
600 2591 1046 2665 συμπράττοντες
1080 2594 1316 2665 συνῆσάν
1345 2613 1404 2648 τε
1439 2598 1534 2650 καὶ
1557 2597 1625 2651 τὰ
1654 2617 1768 2652 κοιο

186 2679 247 2736 νά
272 2679 524 2749 διῴκουν,
561 2684 641 2746 είς
679 2681 879 2755 ἄνδρας
906 2684 963 2738 δὲ
1002 2683 1190 2739 λοιπὸν
1223 2686 1333 2756 (29)
1361 2689 1639 2760 προϊοῦσιν
1672 2690 1767 2744 αὑ-

182 2773 307 2836 τοῖς,
354 2775 516 2842 μόνος
560 2774 589 2825 ὁ
638 2774 821 2846 πατὴρ
854 2777 934 2840 εἰς
977 2777 1324 2834 διδασκαλίαν
1360 2783 1613 2853 ἐπήρκει,
1646 2783 1766 2837 τοτέ

187 2864 280 2932 μὲν
322 2866 621 2939 παρόντας,
654 2866 980 2934 ἰδιαζούσαις
1025 2871 1327 2944 ὑποθήκαις
1379 2874 1623 2945 ζηλωτὰς
1671 2876 1768 2930 αὑο

186 2957 301 3019 τοὺς
344 2957 669 3029 παρορμῶν,
708 2961 802 3013 καὶ
854 2962 1098 3035 μιμητὰς
1136 2963 1238 3034 τῆς
1271 2964 1432 3018 αὑτοῦ
1461 2964 1769 3031 θεοσεϐείας

183 3047 553 3102 ἀποτελεῖσθαι
587 3049 854 3111 διδάσκων
875 3069 889 3082 ⁸
922 3053 1044 3107 τοτὲ
1086 3054 1131 3110 δ’
1164 3056 1364 3110 ἀποῦσι
1406 3056 1473 3111 τὰ
1514 3057 1767 3129 βασιλικὰ

184 3140 513 3211 προσφωνῶν
538 3142 675 3214 διῄει
720 3146 1157 3219 παραγγέλματα
1184 3149 1438 3222 γράφων·
1478 3142 1553 3203 ὧν
1575 3150 1637 3205 τὸ
1671 3149 1763 3223 μέι

181 3245 356 3300 γιστον
385 3228 457 3304 ἦν
497 3234 592 3287 καὶ
624 3234 954 3306 πρώτιστον,
985 3239 1086 3310 τὴν
1125 3240 1205 3303 είς
1232 3241 1324 3295 τὸν
1354 3241 1568 3296 πάντων
1609 3242 1765 3313 βασι-

178 3319 267 3378 λέα
287 3324 421 3379 Θεὸν
451 3325 654 3393 γνῶσίν
688 3328 857 3380 τεκαὶ
889 3328 1196 3396 εὐσέϐειαν,
1241 3332 1348 3404 πρὸ
1379 3333 1579 3397 παντὸς
1612 3334 1776 3389 πλού-

176 3431 264 3470 του
295 3418 390 3471 καὶ
428 3418 537 3487 πρὸ
577 3418 745 3490 αὐτῆς
779 3419 1058 3490 βασιλείας
1102 3424 1385 3494 τιμᾶσθαι.
1427 3424 1565 3497 Ἤδη
1608 3425 1652 3479 δ’
1677 3427 1773 3480 αὑ-

176 3511 282 3573 τοῖς
306 3511 401 3563 καὶ
426 3509 523 3563 τοῦ
547 3510 616 3564 δι’
636 3511 818 3566 αὑτῶν
853 3514 1114 3585 πράττειν
1148 3515 1214 3568 τὰ
1237 3515 1485 3588 λυσιτελῆ
1519 3520 1631 3581 τοῖς
1651 3535 1765 3572 κοι-

178 3604 282 3666 νοῖς
325 3602 582 3669 ἐξουσίαν
622 3602 821 3658 ἐδίδου·
855 3604 951 3659 καὶ
978 3607 1080 3679 τὴν
1098 3606 1491 3679 Ἐκκλησίανδέ
1512 3609 1604 3662 τοῦ
1629 3609 1764 3663 Θεοῦ

176 3695 261 3749 διὰ
300 3696 585 3768 φροντίδος
615 3698 791 3767 άγειν,
826 3701 885 3754 ἐν
912 3700 1150 3772 πρώτοις
1188 3703 1442 3774 παρῄνει,
1489 3703 1674 3769 αὑτοῖς
1705 3721 1766 3757 τε

174 3787 469 3862 διαρρήδην
499 3791 849 3861 Χριστιανοῖς
872 3786 1011 3845 εἶναι
1041 3792 1456 3867 παρεκελεύετο.
1486 3794 1594 3847 Καὶ
1612 3797 1639 3849 ὁ
1667 3795 1765 3865 μὲν

177 3879 311 3935 οὕτω
338 3883 470 3946 τοὺς
496 3884 632 3946 υἱεῖς
660 3882 904 3953 προῆγεν
928 3901 941 3914 ’
969 3887 1020 3938 ot
1047 3886 1104 3940 δὲ
1132 3888 1230 3958 οὑχ
1262 3887 1339 3951 ῶς
1370 3889 1435 3943 ἐκ
1461 3887 1770 3960 παραγγέλ-

178 3990 355 4044 ματος,
388 3975 760 4047 αὑτογνώμονι
774 3976 837 4032 δὲ,
847 3976 1147 4051 προθυμίᾳ,
1164 3980 1261 4044 τὰς
1279 3980 1374 4034 τοῦ
1398 3981 1603 4053 πατρὸς
1628 3998 1766 4051 παρ-

174 4066 402 4131 αινέσεις
459 4066 860 4139 ὑπερέϐαλλον,
916 4072 985 4140 τῇ
1033 4070 1170 4144 πρὸς
1202 4070 1292 4125 τὸν
1332 4072 1464 4126 Θεὸν
1501 4073 1624 4144 όσίᾳ
1664 4073 1767 4143 τήν

178 4174 319 4229 σφων
350 4159 594 4214 διάνοιαν
637 4162 1026 4230 συντείνοντες,
1057 4163 1184 4229 τούς
1214 4180 1275 4218 τε
1305 4165 1406 4237 τῆς
1438 4164 1767 4236 Ἑκκλησίας

175 4250 405 4323 θεσμοὺς
443 4253 502 4305 ἐν
530 4253 714 4317 αὐτοῖς
754 4252 1067 4325 βασιλείοις,
1105 4257 1203 4310 σὺν
1227 4260 1339 4321 τοῖς
1367 4255 1589 4320 οἰκείοις
1622 4256 1767 4310 ἄπα-

177 4359 255 4396 σιν
285 4343 505 4416 άπεπλή
516 4361 659 4416 ρουν.
707 4347 818 4400 Καὶ
844 4345 1003 4400 τοῦτο
1040 4347 1085 4401 δ’
1106 4347 1267 4419 ἔργον
1300 4347 1399 4420 τῆς
1428 4347 1525 4401 τοῦ
1558 4347 1766 4420 πατρὸς

175 4434 384 4508 ὑπῆρχε
421 4436 786 4508 προμηθείας,
828 4437 891 4491 τὸ
914 4438 1043 4502 τοὺς
1072 4439 1351 4505 συνοίκους
1375 4438 1619 4504 ἅπαντας
1646 4440 1765 4494 θεο-

1869 1967 1903 2021 ii
1952 1982 2088 2037 quos
2128 1978 2288 2036 pater
2342 1967 2394 2020 in
2449 1967 2611 2022 rebus
2665 1965 2876 2020 bellicis
2928 1963 3446 2026 cxercitatissimos,

1866 2066 1922 2111 et
1964 2056 2235 2127 prmcipua
2267 2071 2395 2126 erga
2430 2055 2570 2111 ﬁlios
2606 2055 2710 2109 ﬁde
2738 2069 2805 2109 ac
2833 2053 3217 2109 benevolentia
3255 2053 3451 2123 prtedi-

1873 2160 1958 2204 tos
1992 2162 2113 2204 esse
2145 2159 2500 2218 cognoverat.

2461 2237 2692 2295 CAPUT
2739 2237 2852 2294 LII.

1913 2334 2188 2400 Quomodo
2229 2349 2315 2388 eos
2356 2331 2567 2454 virile»;
2592 2341 2804 2412 aetatem
2840 2332 3123 2401 ingressos,
3160 2338 3405 2401 pietatem

2572 2417 2789 2454 acuerit.

2572 2417 2789 2455 acuerit.

1941 2496 2111 2553 Porro
2140 2499 2266 2553 dum
2303 2497 2521 2552 inﬁrma
2554 2495 2736 2551 adhuc
2764 2505 2926 2551 a-Iate
2961 2495 3205 2551 Caesares
3241 2506 3451 2561 essent,

1870 2590 2113 2645 ministri
2169 2601 2224 2645 et
2275 2589 2574 2645 consiliarii
2632 2587 2699 2641 iis
2757 2588 3002 2657 adjuncti
3060 2588 3452 2658 rempublicam

1870 2684 2266 2752 gubernabant.
2317 2683 2519 2739 Verum
2563 2682 2652 2737 ubi
2691 2681 2758 2737 ad
2810 2681 3020 2736 virilem
3061 2692 3280 2740 aetatem
3330 2696 3454 2750 per-

1871 2776 2173 2841 venissent,
2223 2774 2392 2830 solius
2438 2776 2614 2845 patris
2656 2774 3035 2844 magisterium
3089 2774 3169 2828 eis
3216 2771 3449 2828 suti‘ecit.

1870 2868 1974 2934 Qui
2025 2882 2172 2923 nunc
2231 2875 2531 2938 praesentes
2587 2865 2817 2935 privatis
2881 2864 3344 2919 admonitionibus
3385 2865 3450 2916 ad

1870 2959 2280 3014 aemulationem
2322 2959 2404 3015 sui
2463 2958 2827 3029 provocabat,
2877 2956 3189 3027 exemplum
3230 2956 3453 3026 pietatis

1871 3068 1982 3108 suae
2026 3053 2093 3109 ad
2139 3052 2464 3107 imitandum
2506 3051 2640 3121 ipsis
2675 3064 3017 3119 proponens:
3069 3063 3213 3103 nunc
3252 3047 3453 3103 absen-

1872 3145 2018 3200 tibus
2066 3144 2423 3214 itnperatoria
2470 3150 2742 3213 praecepta
2796 3156 2892 3209 per
2933 3140 3143 3194 litteras
3190 3154 3448 3209 suggere—

1869 3237 1983 3291 bat.
2031 3236 2271 3304 Quorum
2321 3235 2559 3305 primum
2591 3233 2725 3288 illud
2769 3242 2824 3288 et
2860 3232 3159 3286 maximum
3210 3242 3356 3294 erat,
3393 3240 3455 3284 ut

1870 3329 1961 3384 Dei
2016 3329 2212 3384 summi
2278 3326 2522 3383 omnium
2581 3327 2724 3394 regis
2789 3326 3038 3379 notitiam
3094 3322 3448 3392 cultumque.

1869 3420 2076 3475 divitiis
2116 3420 2374 3474 omnibus
2426 3418 2640 3488 ipsique
2701 3416 2866 3471 etiam
2922 3414 3148 3484 imperio
3205 3411 3451 3469 antefer-

1868 3521 2010 3567 rent.
2054 3511 2299 3566 Tandem
2343 3525 2499 3577 vero,
2532 3519 2590 3563 ut
2630 3523 2729 3580 per
2774 3508 2987 3580 seipsos
3029 3522 3149 3577 quae
3177 3505 3331 3560 utilia
3364 3521 3452 3559 es-

1868 3613 1990 3660 sent
2038 3602 2359 3673 reipublicae
2425 3610 2692 3673 agerent,
2740 3600 2821 3655 eis
2878 3600 3165 3669 permisit:
3223 3606 3281 3654 et
3325 3610 3458 3654 ante.

1867 3697 2051 3752 omnia
2084 3696 2137 3750 id
2169 3695 2375 3752 diserte
2403 3695 2687 3765 praecepit,
2732 3702 2790 3748 ut
2832 3692 3090 3749 Ecclesiae
3136 3692 3234 3748 Dei
3263 3708 3456 3748 curam

1867 3797 2146 3860 gererent,
2181 3801 2351 3859 seque
2395 3786 2576 3858 palam
2640 3785 2989 3843 Christianos
3040 3786 3449 3856 proﬁterentur.

1867 3884 2046 3955 Atque
2074 3884 2178 3939 hoc
2209 3881 2430 3953 quidem
2464 3882 2624 3936 modo
2655 3880 2795 3936 ﬁlios
2823 3880 3160 3936 instituebat.
3186 3879 3266 3933 illi
3293 3892 3454 3944 vero,
3522 3892 3526 3896 ·

1868 3993 1978 4033 non
2033 3986 2142 4033 tam
2196 3976 2443 4048 paternis
2480 3975 2726 4042 monitis,
2776 3991 2938 4046 quam
2984 3990 3083 4031 sua
3124 3981 3318 4046 sponte
3365 3973 3451 4027 in-

1868 4070 2046 4135 citati,
2096 4077 2369 4140 pracepta
2419 4069 2668 4140 parentis
2706 4070 2790 4124 sui
2831 4070 3119 4123 alacritate
3161 4067 3330 4121 animi
3361 4082 3455 4119 su-

1869 4173 2163 4232 perarunt;
2211 4165 2409 4232 quippe
2455 4164 2548 4232 qui
2594 4163 2794 4233 divinae
2837 4160 3119 4231 religionis
3155 4160 3452 4214 observan-

1871 4257 2003 4310 tiam
2041 4269 2261 4325 semper
2294 4269 2406 4325 prae
2444 4254 2620 4310 oculis
2669 4255 2961 4317 haberent,
2996 4260 3052 4306 et
3100 4259 3319 4305 sanctos
3348 4247 3453 4303 Ec-

1866 4347 2049 4404 clesiae
2094 4350 2237 4402 ritus
2287 4347 2342 4401 in
2400 4347 2519 4417 ipso
2563 4344 2771 4416 palatio
2799 4359 2922 4401 cum
2956 4342 3233 4417 universis
3264 4341 3453 4395 dome-

1866 4437 2023 4494 sticis
2066 4437 2435 4496 custodirent.
2495 4435 2632 4491 Nam
2698 4446 2753 4492 et
2813 4435 2919 4490 boc
2972 4442 3211 4504 paternae
3267 4434 3452 4503 provi-

177 4528 347 4594 σεϐεῖς
389 4530 726 4602 παραδοῦναι
761 4533 876 4596 τοῖς
919 4534 1108 4587 παισί·
1152 4532 1247 4586 καὶ
1293 4532 1403 4587 τῶν
1445 4531 1677 4605 πρώτων
1706 4532 1763 4586 δὲ

1871 4533 2068 4589 dentiae
2121 4547 2259 4602 opus
2303 4531 2498 4595 fuerat,
2558 4539 2618 4584 ut
2678 4543 2787 4583 non
2838 4527 2977 4582 alios
3024 4525 3356 4581 domesticos
3396 4531 3452 4577 et

172 4622 466 4694 ταγμάτων
500 4622 613 4693 (50)
655 4622 704 4675 οἳ
729 4624 830 4696 τὴν
861 4623 969 4678 τῶν
1009 4623 1208 4680 κοινῶν
1245 4624 1539 4696 ἐτύγχανον
1568 4624 1758 4680 ἀναδε-

170 4713 418 4787 δεγμένοι
448 4715 723 4786 φροντίδα,
753 4715 985 4769 τοιοῦτοί
1007 4734 1151 4782 τινες
1176 4718 1424 4790 ὑπῆρχον
1442 4735 1456 4748 ·
1485 4720 1595 4781 τοῖς
1628 4716 1758 4786 γοῦν

172 4806 310 4860 κατὰ
332 4805 468 4860 Θεὸν
495 4809 705 4870 πιστοῖς
729 4806 1006 4879 ἀνδράσιν,
1034 4807 1224 4880 ὥσπερ
1256 4810 1396 4864 τισὶν
1419 4808 1636 4881 ὀχυροῖς
1663 4824 1759 4861 πε-

172 4897 401 4969 ριϐόλοις
428 4898 776 4970 ἠσφαλίζετο.
814 4900 967 4954 Ἐπεὶ
997 4900 1054 4958 δὲ
1084 4901 1179 4958 καὶ
1204 4901 1378 4957 ταῦτα
1405 4902 1625 4972 (καλῶς)
1655 4898 1761 4955 διέ-

238 5059 348 5132 (28)
384 5059 671 5130 Προάγων
711 5060 1045 5132 μαθήμασι.
1079 5060 1347 5116 Eusebius
1373 5061 1426 5114 in
1452 5060 1632 5132 capite
1662 5058 1752 5132 52,

174 5130 365 5202 iterum
398 5132 666 5202 προάγων
720 5130 946 5201 usurpat
993 5134 1185 5187 eodem
1232 5146 1416 5202 sensu,
1460 5130 1556 5184 καὶ
1591 5132 1620 5184 ό
1657 5131 1756 5201 μὲν

170 5198 308 5273 οὕτω
334 5198 631 5273 τοὺςέυἱεῖς
654 5198 919 5273 προῆγεν,
949 5212 1003 5258 et
1032 5201 1085 5255 in
1128 5216 1261 5273 cap.
1282 5201 1382 5273 55.
1417 5236 1425 5245 .

237 5271 352 5343 (29)
383 5269 569 5339 Vulg.,
604 5269 711 5337 Είῤ
749 5269 974 5341 ἄνδρας
997 5290 1062 5327 τε
1082 5272 1320 5327 λοιπόν.
1341 5270 1509 5343 Nemo
1537 5277 1644 5343 est,
1663 5270 1752 5338 qui

174 5340 274 5412 non
326 5340 441 5412 per
478 5356 541 5395 se
598 5342 780 5396 videat
829 5340 1177 5399 scribendum
1234 5356 1357 5396 esse
1420 5341 1503 5402 εἰς
1556 5340 1754 5412 ἄνδρας
1806 5360 1809 5365 ’

168 5409 243 5473 δέ.
280 5409 389 5467 etc.
422 5411 578 5477 Quod
611 5413 862 5477 equidem
905 5430 1009 5468 non
1040 5427 1341 5474 monerem,
1375 5411 1479 5463 nisi
1538 5409 1755 5464 vererer

171 5496 235 5535 ne
269 5483 396 5551 quis
424 5484 480 5551 id
516 5496 618 5536 nos
650 5480 854 5551 fugisse
900 5485 1262 5539 existimaret.
1288 5481 1455 5535 Paulo
1477 5491 1621 5550 post,
1648 5496 1752 5536 vox

169 5552 475 5694 παρορμῶν
509 5552 724 5635 videtur
755 5569 875 5608 esse
904 5554 1189 5623 superﬂua.

172 5692 181 5694 _
208 5691 217 5694 Α
258 5622 351 5694 50)
393 5622 508 5676 Καὶ
540 5639 660 5676 των
696 5624 942 5692 πρώτων
979 5623 1047 5677 δὲ
1069 5640 1189 5692 tan

393 5622 508 5676 Kal
540 5621 664 5705 τςῶις
696 5620 1047 5706 πρῴτωνξδὲ
1069 5620 1399 5692 ταγμάτων.
1441 5620 1544 5702 Sic.
1579 5622 1752 5706 Eds-es

170 5691 288 5747 bitis
314 5691 369 5748 in
396 5693 665 5761 superiori
694 5691 873 5765 capite
908 5691 1183 5765 τάγματα
1202 5707 1298 5765 pro
1339 5692 1578 5765 numeris
1607 5693 1751 5746 mili-

172 5765 381 5818 taribus
417 5773 664 5834 usurpat,
687 5774 742 5819 et
764 5763 898 5819 alibi
943 5763 1166 5834 paésitn.
1199 5764 1272 5817 ita
1304 5763 1753 5834 etiampSnzome-

172 5849 270 5893 ltus
299 5836 354 5891 in
386 5834 481 5890 lib.
513 5849 556 5902 I,
600 5848 650 5891 c.
692 5837 749 5906 8,
782 5833 841 5902 ἐξ
886 5837 1096 5891 ἐκείνου
1136 5834 1191 5890 δέ
1227 5834 1319 5889 καὶ
1357 5834 1424 5888 τὰ
1469 5833 1750 5905 Ῥωμαίων

1865 4623 2288 4682 contubernales
2332 4621 2461 4679 ﬁliis
2514 4622 2667 4689 suis,
2714 4635 2880 4690 quam
2936 4617 3283 4673 Christianos
3338 4625 3452 4670 tra-

1866 4719 2040 4773 deret.
2097 4714 2414 4772 Primorum
2472 4728 2692 4785 quoque
2741 4724 3107 4775 numerorum
3167 4717 3447 4772 rectores,

1863 4811 2062 4881 quibus
2113 4808 2425 4879 reipublicae
2458 4822 2589 4864 cura
2626 4806 2918 4862 commissa
2959 4801 3159 4867 fuerat,
3198 4800 3294 4856 Dei
3339 4803 3451 4856 cul-

1866 4914 2016 4958 tores
2060 4913 2241 4957 erant.
2291 4901 2502 4973 Quippe
2566 4898 2878 4955 hominibus
2936 4896 3097 4952 ﬁdem
3158 4896 3217 4950 in
3277 4893 3447 4949 Deum

1860 5064 2141 5133 τάγματα,
2182 5059 2219 5115 ά
2266 5059 2362 5113 νῦν
2395 5059 2681 5133 ἀριθμοὺς-
2713 5055 2988 5133 καλοῦσιν,
3029 5056 3270 5133 ’ἕκαστον
3313 5051 3450 5133 ἰδίαν

1865 5125 2075 5204 σκηνὴν
2131 5125 2593 5204 κατεσκευάσατο.
2650 5130 2823 5204 Porro
2859 5131 2970 5204 _ltic
3025 5129 3176 5204 locus
3224 5125 3448 5204 mutilus

1866 5194 2001 5258 milii
2030 5194 2274 5261 'videtur.
2310 5201 2750 5270 supplendusqtte
2779 5200 2830 5254 in
2859 5200 3003 5254 hunc
3035 5200 3260 5270 modum
3285 5209 3297 5243 :
3334 5194 3448 5270 Κςιὶ

1860 5273 1974 5327 τῶν
1996 5273 2241 5346 *πρώτων
2258 5272 2322 5346 δέ
2347 5264 2644 5346 ταγμάτων
2662 5264 2959 5346 ἢγεμόνες,
2986 5269 3081 5346 καὶ
3116 5267 3168 5320 οἶ
3210 5264 3310 5337 τὴν
3336 5264 3447 5320 τῶν

1863 5341 2082 5410 κοινῶν,
2106 5355 2216 5399 etc.
2243 5344 2329 5397 Ait
2350 5341 2493 5396 enim
2524 5343 2815 5406 Eusebius,
2846 5350 2902 5395 et
2928 5341 3226 5410 primorum
3253 5351 3445 5389 nurne-

1861 5409 2354 5476 rorumrectores,
2399 5422 2455 5466 et
2510 5426 2605 5483 eos
2642 5413 2844 5483 quibus
2895 5409 3442 5483 reipttblicae__cura_a

1861 5487 2218 5542 Constantino
2252 5483 2544 5538 commissa
2573 5477 2770 5542 fuerat.
2802 5477 3127 5538 Christianae
3162 5477 3441 5545 religionis

1861 5558 2101 5611 cultores
2134 5554 2323 5609 fuisse.
2356 5554 2459 5608 Per
2483 5555 2695 5622 priores
2728 5554 2870 5618 illos,
2914 5550 3167 5619 intelligit
3193 5549 3448 5601 tribunos

1860 5638 1915 5680 et
1937 5627 2165 5683 comites
2209 5624 2559 5690 scholarum;
2611 5627 2943 5695 posteriores
2985 5636 3119 5695 vero
3149 5629 3277 5673 sunt
3308 5632 3449 5695 prie:

1863 5699 1984 5751 fevti
2037 5697 2327 5766 prmtorio,
2373 5686 2676 5763 quaestores
2732 5695 2873 5766 sacri
2930 5691 3143 5766 palatii,
3204 5686 3452 5755 magistri

1860 5761 2178 5832 oilicioi'um,
2231 5774 2290 5820 et
2343 5761 2527 5823 caeteri
2583 5766 2676 5838 qui
2720 5764 2902 5822 civilia
2936 5761 3185 5834 negotia
3238 5765 3450 5814 tracta-

1860 5841 2012 5894 bant.
