3884 6496
461 370 603 427 1203

1179 373 1447 432 EUSEBII
1483 372 1957 436 CESARIENSIS
1992 377 2144 437 OPP.
2184 379 2363 436 PARS
2398 382 2441 436 Ῑ.
2480 413 2553 423 -
2586 379 2976 440 HISTORICA.

3572 390 3694 448 ιεοι

462 489 749 558 professis,
796 499 1052 562 tanquam
1110 490 1438 548 ﬁrmissimis
1483 496 1811 563 quihusdam
1863 500 2032 554 muris

2144 519 2285 556 κειτο
2323 503 2435 574 (51)
2468 502 2547 573 τῷ
2579 505 2986 577 τρισμακαρίῳ,
3024 504 3154 570 Θεὸς
3186 507 3216 559 ὁ
3267 506 3470 570 παντὸς
3512 507 3693 577 ἀγαθοῦ

462 581 790 639 conﬁdebat.
831 585 963 639 Cum
1002 582 1351 643 beatissimus
1388 588 1642 657 princeps
1677 588 1791 645 haec
1820 608 2032 662 quoque

463 672 539 728 ita
571 674 980 741 constituisset,
1034 676 1176 732 Deus
1219 678 1484 735 honorum
1537 685 1781 736 omnium
1813 682 2033 750 dispen-

465 775 636 831 sator,
683 777 874 836 utpote
930 769 1149 824 cunctis
1190 770 1507 841 reipublicae
1566 774 1798 843 negotiis
1834 775 2037 844 optime

462 857 531 912 ab
565 857 897 941 imperatore
936 851 1237 929 dispositis,
1277 875 1640 933 opportunum
1675 875 1886 935 tempus
1916 875 2036 921 tau-

463 950 583 1004 dem
610 950 806 1005 adesse
835 960 1082 1009 statuens
1100 969 1208 1024 quo
1239 957 1307 1011 ad
1329 958 1604 1012 meliorem
1633 969 1839 1013 sortem
1866 969 2038 1014 trans-

459 1037 720 1106 ferretur,
755 1038 972 1097 fatalem
1015 1044 1132 1111 ejus
1184 1046 1310 1101 vita:
1361 1048 1523 1103 linem
1570 1048 1851 1122 imposuit.

927 1132 1087 1207 553
1141 1135 1371 1194 CAPUT
1423 1140 1553 1198 ιλιι.

462 1218 617 1306 Quod
647 1240 764 1277 cum
799 1226 1006 1281 duobus
1054 1245 1117 1306 ac
1155 1230 1375 1306 triginta
1421 1237 1574 1306 annis
1610 1239 1945 1306 regnaverit.
1985 1247 2033 1291 et

525 1292 802 1417 ρίιὶσριιᾶιῃι
853 1313 919 1352 1.x
962 1300 1119 1352 annis
1172 1292 1356 1355 uiierit
1381 1342 1397 1368 ,
1436 1304 1640 1374 integra
1669 1292 1896 1377 "semper
1932 1307 2032 1378 [ait

527 1381 591 1417 va
616 1383 641 1417 ε
671 1381 701 1417 n
746 1383 849 1417 me.

527 1381 849 1421 valetudine.

525 1453 605 1510 Ac
633 1455 844 1527 imperii
873 1459 1093 1529 quidem
1121 1462 1453 1517 curriculum
1481 1464 1697 1521 duobus
1723 1478 1777 1521 et
1809 1468 2030 1537 triginta

456 1547 617 1603 annis
639 1550 898 1620 exlilevit,
924 1555 1167 1622 exceptis
1195 1558 1471 1611 Iliensibus
1496 1573 1560 1611 ac
1587 1559 1777 1613 diebus
1809 1561 2029 1628 paucis:

2138 591 2423 663 πρύτανις,
2459 592 2657 646 ὡσανεὶ
2689 594 2798 646 τῶν
2818 595 3047 649 καθόλου
3077 597 3422 669 πραγμάτων
3453 594 3512 652 εὖ
3536 598 3694 654 διατει-

2139 682 2341 736 θέντων
2387 683 2556 754 αὐτῷ,
2592 684 2783 755 καιρὸν
2817 686 3069 756 εὕκαιρον
3108 683 3243 741 εἶναι
3281 688 3467 743 λοιπὸν
3492 690 3588 760 τῆς
3605 691 3695 744 τῶν

2143 776 2465 848 κρειττόνων
2502 777 2855 850 μεταλήψεως
2901 778 3208 851 ἐδοκίμαζε,
3239 781 3334 834 καὶ
3374 780 3438 835 τὸ
3461 784 3526 854 τῇ
3559 782 3696 851 φύσει

2133 869 2308 942 χρεὼν
2334 870 2529 940 ἐπῆγε.

2646 1147 3043 1200 ΚΕΦΑΛΑΙΟΝ
3074 1148 3195 1201 ΝΡ.

2139 1256 2274 1308 Ὀτι
2310 1255 2455 1325 ἀμφὶ
2496 1256 2566 1309 τὰ
2602 1260 2681 1311 16'
2696 1260 2798 1326 ἐτη
2826 1261 3231 1327 βασιλεύσας,
3271 1261 3371 1314 καὶ
3399 1262 3548 1331 ὑπὲρ
3571 1263 3632 1317 τὰ
3651 1263 3694 1327 ξ’

2495 1346 2697 1415 ζήσας,
2726 1350 2889 1405 σῶον
2908 1348 3031 1421 εἶχε
3056 1352 3121 1405 τὸ
3143 1353 3333 1424 σῶμα.

2206 1457 2310 1510 Δύο
2345 1458 2443 1529 μὲν
2458 1454 2549 1513 οὖν
2576 1462 2713 1533 πρὸς
2731 1466 2843 1528 τοῖς
2873 1466 3163 1537 τριάκοντα
3193 1467 3305 1538 (52)
3329 1467 3432 1538 τῆς
3449 1467 3695 1539 βασιλείας

2136 1549 2421 1615 ἐνιαυτοῖς,
2469 1553 2601 1623 μησί
2664 1572 2724 1608 τε
2762 1557 2855 1610 καὶ
2888 1559 3119 1630 ἡμέραις
3163 1559 3451 1631 βραχείαις
3488 1561 3691 1626 δέουσιν,

456 1639 585 1693 vita:
636 1655 764 1695 vero
800 1643 1037 1713 spatium
1068 1644 1234 1716 duplo
1262 1646 1375 1703 fere
1405 1647 1621 1719 longius
1652 1649 1772 1706 fuit.
1827 1650 1942 1718 Qua
1977 1651 2029 1706 in

2144 1636 2391 1710 ἐπλήρου,
2420 1640 2518 1711 τῆς
2538 1641 2593 1694 δὲ
2620 1640 2763 1715 ζωῆς
2792 1645 2934 1717 ἀμφὶ
2964 1646 3054 1700 τὸν
3092 1647 3375 1702 διπλάσιον
3408 1650 3591 1721 χρόνον
3611 1668 3623 1679 ’
3645 1652 3694 1703 ἐν

455 1739 641 1797 aetate,
674 1748 872 1804 corpus
901 1736 950 1790 ei
986 1737 1052 1789 ab
1083 1738 1232 1791 omni
1266 1738 1455 1794 morbo
1484 1750 1541 1795 et
1590 1740 1710 1796 labe
1756 1758 1984 1797 vacuum
2014 1783 2030 1807 ,

456 1838 652 1893 expers
684 1826 978 1896 cujuslibet
1010 1830 1149 1893 vitii,
1209 1842 1264 1885 et
1301 1833 1499 1901 quovis
1520 1832 1748 1901 juvenili
1805 1850 2034 1904 corpore

458 1916 666 1973 ﬁrmius
688 1922 954 1987 constitit,
990 1935 1046 1977 et
1069 1933 1179 1977 tum
1215 1925 1474 1979 decorum
1507 1937 1752 1994 aspectu,
1808 1935 1920 1978 tum
1966 1926 2032 1979 ad

455 2010 967 2081 quidvis_agendum
992 2015 1197 2068 viribus
1220 2015 1426 2084 pollens
1448 2055 1464 2079 ,
1502 2016 1635 2069 adeo
1686 2025 1743 2069 ut
1786 2016 2034 2070 militari-

455 2101 562 2153 bus
586 2103 1067 2158 exercitationibus
1096 2106 1431 2174 proluderet,
1465 2108 1754 2176 cquitaret,
1784 2106 2032 2161 ambula-

457 2202 565 2257 ret,
595 2193 882 2249 dimicaret
906 2237 920 2259 ,
952 2197 1191 2265 trapltwa
1217 2198 1283 2252 de
1310 2198 1557 2254 hostibus
1585 2199 1745 2254 victis
1775 2200 2032 2267 erigeret,

455 2292 510 2336 et
539 2283 851 2344 incruentas
884 2288 1009 2345 illas
1040 2304 1193 2344 more
1222 2307 1323 2346 suo
1349 2293 1606 2346 victorias
1637 2302 1959 2362 reportaret.

1027 2474 1258 2531 CAPUT
1294 2474 1427 2529 LIV.

455 2559 539 2618 De
567 2562 637 2619 iis
686 2564 777 2636 qui
809 2567 1006 2620 eximia
1048 2568 1162 2637 ejus
1203 2568 1533 2621 humanitate
1569 2569 1641 2621 ad
1674 2571 1953 2625 avaritiam
1981 2582 2032 2627 et

760 2636 973 2705 pietatis
999 2636 1391 2692 simulationem
1416 2638 1566 2693 abuti
1589 2650 1733 2694 sunt.

535 2726 766 2782 Animus
792 2727 1045 2782 similiter
1065 2727 1133 2783 ad
1161 2744 1432 2783 summum
1469 2730 1720 2783 humanae
1745 2728 2032 2798 perfectio~

454 2819 545 2876 nis
569 2822 787 2877 culmen
826 2830 1195 2890 pervenerat:
1232 2823 1431 2892 quippe
1484 2822 1574 2890 qui
1602 2824 1859 2878 omnibus
1888 2839 2027 2893 prae-

453 2910 619 2967 claris
647 2910 868 2966 dotibus
895 2920 1123 2966 ornatus
1173 2923 1337 2978 esset,
1372 2913 1644 2982 praecipue
1676 2928 1808 2969 vero
1834 2914 2025 2969 huma-

2135 1723 2179 1798 ᾧ
2201 1730 2301 1801 τῆς
2322 1731 2557 1803 ἡλικίας,
2606 1736 2815 1801 ἀπαθὲς
2855 1738 2952 1809 μὲν
2984 1739 3079 1792 καὶ
3114 1740 3308 1794 ἄλυτον
3334 1742 3484 1814 αὐτῷ
3504 1743 3693 1813 διήρκει

2133 1820 2195 1873 τὸ
2232 1821 2412 1893 σῶμα,
2467 1824 2683 1895 κηλῖδος
2730 1826 2968 1899 καθαρὸν
3003 1829 3239 1900 ἁπάσης,
3275 1831 3479 1895 παντός
3513 1848 3568 1884 τε
3589 1833 3692 1884 νέου

2136 1913 2543 1987 νεανικώτερον,
2589 1916 2788 1988 ὡραῖον
2834 1920 2930 1989 μὲν
2977 1921 3124 1984 ἰδεῖν,
3174 1922 3458 1994 ῥωμαλέον
3500 1924 3543 1976 δ’
3579 1924 3605 1976 ὃ
3647 1940 3691 1976 τι

2139 2006 2247 2058 δέοι
2284 2006 2511 2079 δυνάμει
2548 2012 3023 2083 καταπράξασθαι,
3063 2015 3140 2077 ὡς
3179 2016 3274 2069 καὶ
3319 2016 3688 2088 γυμνάζεσθαι,

2139 2098 2491 2163 ἱππάζεσθαι,
2530 2103 2622 2155 καὶ
2670 2103 2990 2176 ὁδοιπορεῖν,
3026 2106 3288 2177 πολέμοις
3333 2125 3394 2160 τε
3440 2108 3692 2179 παραϐάλ-

2133 2188 2267 2254 λειν,
2298 2192 2534 2263 τρόποιιά
2556 2210 2615 2246 τε
2638 2196 2754 2247 κατ’
2788 2196 2997 2268 ἐχθρῶν
3021 2198 3277 2269 ἐγείρειν,
3316 2200 3412 2252 καὶ
3438 2199 3533 2262 τὰς
3561 2200 3693 2269 συνή-

2135 2279 2248 2344 θεις
2296 2283 2588 2354 ἀναιμακτὶ
2626 2285 2767 2340 κατὰ
2798 2286 2908 2341 τῶν
2956 2287 3022 2340 δι’
3052 2290 3303 2354 ἐναντίας
3341 2289 3584 2364 αἴρεσθαι
3615 2289 3681 2345 νί-

2135 2390 2255 2434 κας.

2645 2469 3041 2524 ΚΕΦΑΛΑΙΟΝ
3072 2470 3196 2525 NA‘.

2133 2556 2273 2624 Περὶ
2306 2556 2422 2635 τῷν
2456 2558 2530 2627 τῇ
2553 2558 2707 2635 (irai-
2730 2561 2920 2635 αὐτοῦ
2950 2565 3363 2635 φιλανθρωπίᾳ
3386 2582 3691 2635 συγκεχρη-

2304 2628 2504 2697 μένων
2534 2632 2621 2695 είς
2653 2628 2993 2699 ἀπληστίάς
3037 2634 3133 2687 καὶ
3160 2628 3531 2703 ὖποκρίσειξπ.

2203 2722 2310 2776 Καὶ
2331 2722 2398 2776 τὰ
2428 2723 2526 2793 τῆς
2557 2723 2736 2795 ψυχῆς
2767 2723 2810 2776 δ’
2836 2723 3098 2790 ὡσαύτως
3129 2729 3210 2791 είς
3235 2728 3522 2805 ἄκρονςτῆς
3551 2730 3601 2782 ἐν
3617 2730 3690 2781 ἀνι

2134 2812 2373 2885 θρώποις
2401 2813 2733 2877 τελειώσεως
2778 2816 2928 2886 αὐτῷ
2960 2818 3173 2889 προῄει,
3208 2820 3343 2871 πᾶσι
3384 2819 3477 2888 μὲν
3508 2818 3688 2890 ἐμπρέο

2136 2921 2288 2959 ποντι
2304 2908 2415 2969 τοῖς
2436 2906 2635 2969 καλοῖς,
2669 2907 2771 2979 ὐθπε
2781 2905 3116 2977 ρϐαλλὸντως
3133 2909 3191 2961 δὲ
3209 2913 3277 2980 τῇ
3302 2910 3687 2982 φιλανθρωπίᾳο

454 3003 647 3058 nitate.
675 3002 848 3070 Quam
884 3012 1065 3058 tamen
1099 3004 1251 3058 multi
1285 2977 1802 3074 reprehendebant,
1835 3006 1904 3061 ob
1932 3022 2029 3061 ex-

2144 2997 2252 3070 5δὴ
2293 3000 2385 3053 καὶ
2435 2977 2702 3069 μεμπτὸν
2728 2999 3006 3070 ἐνομίζετο
3043 3005 3155 3065 τοῖς
3201 2977 3437 3067 πολλοῖς,
3470 2977 3564 3074 τῆς
3596 2977 3688 3057 των

456 3096 781 3149 uberantem
831 3093 1094 3148 malitiam
1142 3094 1539 3165 improborum,
1583 3096 1675 3165 qui
1729 3096 2032 3166 nequitiam

455 3201 609 3242 suam
635 3186 982 3255 imperatoris
1014 3187 1392 3242 adscribeban:
1419 3188 1713 3256 patientim.
1736 3188 1898 3243 Certe
1920 3188 2037 3242 haze

457 3278 565 3334 duo
589 3278 723 3334 vitia
754 3277 862 3333 illis
905 3278 1242 3348 temporibus
1288 3280 1525 3337 maxime
1576 3280 1898 3348 invaluisse,
1936 3296 2037 3337 nos

531 3563 643 3637 (51)
689 3562 848 3617 Ἐπεὶ
883 3562 953 3617 δὲ
1000 3563 1101 3617 καὶ
1141 3564 1329 3618 ταῦτα
1377 3563 1647 3637 διέκειτο.
1698 3565 1816 3621 Non
1866 3568 2037 3637 probo

460 3635 1141 3706 conjecturamdoctorum
1165 3636 1428 3695 virorum.
1446 3636 1536 3706 qui
1568 3647 1684 3705 post
1707 3635 1889 3692 vocem
1913 3639 2038 3693 ταῢο

459 3702 764 3768 regem;
790 3704 1155 3769 addiderunt;
1189 3706 1330 3774 quod
1366 3702 1530 3759 etiam
1568 3702 1627 3760 in
1671 3707 1810 3762 libro
1850 3709 2036 3765 Μοτωί

461 3776 759 3842 ascriptum
793 3774 998 3844 inveni.
1032 3775 1233 3829 Verum
1274 3775 1318 3829 si
1365 3776 1494 3844 quid
1529 3776 1834 3840 addendum
1867 3788 2033 3842 esset,

459 3844 713 3914 equidem
745 3843 958 3898 mallem
984 3845 1197 3901 addere
1236 3844 1429 3910 οὕτως.
1463 3844 1597 3900 Nam
1628 3846 1810 3911 καλῶς
1861 3848 2036 3903 locum

461 3914 551 3969 hic
582 3914 808 3986 habere_
830 3929 934 3986 non
984 3924 1184 3986 potest,
1232 3929 1356 3986 cum
1407 3917 1459 3969 in
1500 3918 1746 3986 sequenti
1793 3919 2038 3973 membro

459 3994 718 4057 occurrat
750 3980 810 4057 εὖ
839 3980 1211 4057 διατεθέντων,
1238 3985 1455 4057 Alioqui
1485 3980 1657 4041 otiosa
1693 3997 1839 4042 esset
1886 4004 2040 4057 repe-

461 4056 733 4127 titiu,_nec
761 4056 879 4124 plus
912 4057 967 4110 in
1011 4056 1252 4111 secundo
1292 4054 1543 4127 ntertibro
1578 4056 1851 4111 diceretur
1875 4054 2038 4127 quam

462 4126 516 4180 in
546 4125 745 4194 primo.
775 4126 830 4182 In
858 4127 1048 4182 codice
1078 4136 1255 4182 tamen
1288 4124 1427 4181 Fuk.
1461 4127 1659 4199 legitur
1704 4124 1906 4194 καλῶς
1931 4129 2042 4183 διέ-

459 4212 628 4250 κειτο.

533 4265 657 4339 (ᾗῇ.)-
681 4267 796 4321 Δύο
824 4267 940 4337 μὲν
969 4263 1081 4322 οὖν
1103 4268 1251 4336 πρὸς
1282 4268 1406 4334 τοῖς
1434 4268 1770 4337 τριάκοντα.
1814 4268 1910 4323 llic
1936 4270 2040 4322 Eu-

459 4336 796 4409 sebiiA'lo‘rus
826 4336 1040 4392 multos
1076 4340 1134 4409 in
1164 4355 1404 4394 errorem
1443 4336 1678 4403 induxit,
1735 4342 1878 4393 inter
1905 4355 2041 4409 quos

462 4406 565 4461 fuit
597 4407 660 4461 Ι).
688 4407 961 4471 Petavius,
995 4408 1086 4473 qui
1123 4419 1235 4463 tum
1286 4410 1338 4464 in
1379 4409 1815 4465 adnotationibus
1866 4406 1937 4465 ad
1981 4412 2046 4464 li-

466 4479 620 4530 brum
659 4478 953 4547 Epiphanii
994 4478 1070 4531 De
1098 4480 1442 4546 ponderibus,
1479 4491 1589 4533 tum
1623 4481 1674 4533 in
1708 4478 1848 4535 libro
1882 4495 1917 4533 ll
1972 4482 2047 4534 De

463 4548 705 4602 doctrina
741 4559 1053 4617 temporum,
1085 4549 1300 4604 Eusebii
1331 4552 1657 4605 auctoritate
1690 4549 1880 4616 frctus,
1909 4549 2050 4606 Con-

465 4617 766 4672 stantinum
790 4620 1074 4688 trict-simo
1102 4621 1345 4673 secundo
1382 4620 1591 4688 imperii
1626 4635 1772 4672 anno
1824 4633 2049 4674 mortem

464 4688 676 4743 obiisse
723 4688 961 4743 censuit.
1018 4686 1164 4743 Idem
1199 4692 1364 4744 etiam
1414 4686 1752 4758 scripserunt
1806 4690 2051 4759 plerique

466 4766 711 4828 veterum
752 4776 765 4812 :
814 4758 1214 4828 Plnlostorgius
1254 4761 1307 4813 in
1340 4760 1437 4813 lib.
1501 4776 1560 4822 ll,
1613 4758 1928 4814 Theodorus
1952 4758 2051 4813 Le-

466 4835 587 4899 ctor
615 4826 667 4879 in
695 4830 1069 4892 collectaneis,
1099 4826 1464 4899 Epiphanius,
1490 4840 1544 4884 et
1581 4839 1773 4883 anetor
1800 4829 2049 4899 chronici

468 4894 824 4952 Alexandrini
872 4915 892 4954 :
945 4914 1013 4953 ex
1047 4894 1258 4954 Latinis
1311 4910 1489 4953 autem
1533 4900 1786 4955 Aurelius
1838 4898 2045 4957 Victor.

475 4962 668 5040 Xerum
704 4968 817 5040 haec
847 4972 1118 5040 sententia
1152 4986 1375 5040 prorsus
1401 4972 1637 5025 absurda
1665 4970 1792 5024 mihi
1814 4971 2043 5025 videtur.

468 5030 605 5086 Nam
634 5038 726 5102 qui
759 5039 832 5093 ita
853 5039 1115 5103 sentiunt,
1141 5030 1368 5096 necesse
1397 5050 1480 5094 est
1504 5043 1667 5095 etiam
1699 5051 1756 5092 ut
1780 5040 2049 5096 allirment

466 5106 1168 5184 eumdem-Constantinum
1208 5126 1353 5184 anno
1376 5109 1580 5184 Christi
1605 5109 1713 5164 305
1759 5112 2045 5184 imperium

469 5175 686 5244 iniisse,
721 5178 1080 5234 Constantino
1118 5198 1147 5235 ν
1178 5194 1233 5235 et
1265 5180 1593 5236 Maximiano
1628 5196 1797 5242 coss.,
1828 5175 2047 5235 eodem-

467 5259 576 5320 q_ue
602 5260 747 5302 anno
787 5248 1161 5306 Constantium
1188 5253 1490 5317 Augustum
1527 5261 1734 5320 patrem
1776 5253 2068 5307 Cmistan—'

471 5316 568 5370 tiui
597 5330 628 5370 e
660 5320 799 5374 vivis
836 5320 1062 5376 abiisse.
1101 5322 1268 5390 Atqui
1296 5316 1676 5376 Constantius
1723 5327 1863 5391 Aug.
1900 5336 2044 5375 anno

472 5399 756 5459 sequente,
791 5393 884 5459 qui
914 5403 999 5445 est
1042 5392 1244 5447 Christi
1282 5393 1407 5457 506,
1450 5394 1639 5447 consul
1683 5403 1900 5448 sextum
1940 5392 2044 5445 fuit

470 5470 590 5536 CILI}!
622 5458 955 5536 Maximiano
989 5463 1216 5536 collega,
1243 5473 1302 5516 ut.
1335 5476 1526 5536 omnes
1572 5463 1695 5536 fasti
1731 5471 2045 5536 constanter

470 5522 777 5585 aﬂirmant.
799 5530 980 5596 Quare
1006 5522 1353 5588 Constantini
1399 5535 1683 5599 imperimu
1716 5533 1931 5586 nonnisi
1975 5532 2042 5586 ah

468 5615 615 5653 anno
665 5600 882 5671 Christi
920 5602 1025 5656 506
1077 5602 1270 5657 deduci
1326 5611 1521 5671 potest.
1581 5602 1700 5655 ΙΙιιιιι
1756 5617 1886 5656 vero
1917 5617 2040 5654 cum

471 5680 716 5723 mortuus
745 5671 816 5725 sit
846 5669 1118 5727 Feliciano
1144 5684 1199 5728 et
1222 5669 1438 5727 Titiano
1468 5687 1636 5734 coss..
1660 5673 1760 5726 hoc
1784 5684 1870 5725 est
1899 5686 2042 5725 anno

471 5736 671 5792 Christi
713 5739 839 5805 357,
876 5742 966 5796 die
990 5743 1250 5798 vicesimo
1281 5742 1520 5797 secundo
1561 5744 1766 5797 mensis
1802 5742 1949 5805 Maii,
1983 5749 2042 5794 ut

472 5807 616 5862 inter
646 5823 835 5866 omnes
858 5820 1096 5878 constat,
1129 5814 1445 5871 necessario
1473 5809 1699 5868 eﬁicitur
1724 5812 2040 5871 Constanti-

2138 3090 2425 3162 μοχθηρῶν
2468 3091 2675 3163 ἀνδρῶν
2724 3093 3050 3166 φαυλότητος
3096 3096 3301 3163 εἵνεκα,
3353 3096 3403 3149 οἳ
3434 3084 3687 3166 τῆίσφων

2136 3180 2333 3245 κακίας
2371 3181 2470 3254 τὴν
2511 3182 2772 3252 βασιλέως
2806 3184 3181 3255 ἐπεγράφοντο
3218 3185 3559 3251 ἀνεξικακίαν
3596 3184 3688 3258 [αἱ-

2136 3273 2278 3346 τίαν]
2311 3275 2443 3345 ('55).
2488 3276 2596 3328 Καὶ
2638 3275 2746 3347 γὰρ
2791 3272 2885 3330 οὖν
2915 3276 3131 3348 ἀληθῶς
3169 3278 3264 3332 δύο
3302 3279 3508 3350 χαλεπὰ
3538 3278 3686 3332 ταῦτα

2140 3579 2266 3619 num
2319 3564 2617 3634 imperasse
2648 3580 2820 3619 annos
2858 3564 3098 3632 triginta.
3130 3580 3347 3619 menses
3374 3565 3571 3627 decem,
3599 3562 3684 3615 tri-

2139 3636 2240 3689 bus
2279 3633 2487 3689 tantum
2528 3635 2716 3690 diebus
2743 3636 3007 3704 exceptis.
3055 3635 3292 3704 Levatus
3337 3635 3479 3689 enim
3528 3633 3684 3687 fuerat

2139 3704 2322 3760 Caesar
2344 3714 2539 3761 octavo
2579 3704 2680 3760 cal.
2717 3703 2966 3774 Augusti,
2998 3714 3056 3758 ut
3090 3705 3140 3758 in
3156 3703 3333 3759 Fastis
3364 3706 3548 3759 scriltit
3584 3704 3684 3756 Ida-

2141 3777 2268 3845 tius.
2329 3776 2495 3830 llecte
2546 3776 2709 3845 igitur
2762 3776 3049 3843 Eutropius
3081 3783 3137 3829 et
3170 3774 3403 3830 llutinns
3444 3775 3678 3835 scribunt,

2141 3844 2551 3901 Constantinum
2574 3844 2738 3899 anno
2763 3846 2974 3913 imperii
3004 3862 3111 3898 uno
3133 3860 3197 3897 ac
3234 3845 3505 3900 tricesimo
3528 3854 3681 3913 extm-

2143 3930 2286 3968 mnm
2317 3916 2460 3969 diem
2490 3916 2714 3971 obiissc.
2750 3912 2917 3969 Reme
2948 3917 3112 3968 etiam
3157 3914 3422 3969 Eusebius
3441 3926 3607 3968 noster
3630 3912 3675 3964 in

2142 3982 2401 4039 Chronico
2421 3988 2497 4040 ait
2520 3986 2933 4040 Constantinum
2966 3986 3264 4053 imperasse
3289 3985 3449 4039 annis
3471 3984 3680 4051 triginta.

2144 4056 2421 4111 mensibus
2450 4072 2507 4111 χ.
2543 4054 2716 4110 Porro
2758 4056 2900 4109 unde
2954 4054 3155 4109 factum
3203 4057 3296 4117 sit,
3344 4065 3401 4108 ut
3439 4054 3677 4108 Eusebius

2146 4134 2331 4182 noster
2361 4126 2462 4180 hoc
2493 4127 2634 4191 loco,
2669 4137 2727 4180 et
2770 4125 3015 4194 plerique
3050 4136 3300 4179 veterum
3348 4126 3479 4179 duos
3507 4139 3563 4178 ac
3601 4125 3682 4174 tri-

2146 4199 2293 4266 ginta
2345 4196 2553 4264 imperii
2609 4211 2781 4250 annos
2810 4196 3167 4249 Constantino
3204 4197 3509 4258 tribuerint,
3541 4207 3679 4266 causa

2149 4262 2262 4321 lucc
2291 4262 2503 4320 videtur
2528 4267 2717 4320 fuisse.
2747 4266 2968 4319 Biennio
2992 4277 3118 4318 ante
3154 4267 3364 4319 obitum
3395 4262 3680 4318 tricennalia

2075 4331 2116 4385 Ι)
2147 4338 2535 4393 Constantinus
2570 4337 2833 4399 ediderat,
2863 4335 3185 4389 Constantio
3221 4344 3280 4390 et
3321 4336 3509 4388 Albino
3534 4348 3678 4397 coss.,

2152 4419 2211 4484 ut
2245 4404 2635 4484 suprahretulit
2664 4406 2951 4484 Eusebius.
3004 4405 3271 4484 Putaru_nt
3304 4406 3481 4484 igitur
3508 4419 3678 4484 annum

2157 4474 2369 4545 imperii
2400 4474 2742 4533 Coastantini
2772 4478 2862 4541 50,
2897 4476 2964 4530 iis
2988 4491 3131 4530 coss.
3166 4475 3469 4545 absolutum
3510 4474 3676 4545 fuisse;

2154 4541 2296 4617 quod
2326 4558 2504 4601 tamen
2533 4548 2725 4602 falsum
2751 4557 2853 4609 est,
2888 4557 2945 4599 ut
2967 4561 3129 4615 supra
3160 4547 3367 4600 notavi.
3421 4542 3602 4598 Deinde
3623 4541 3681 4595 ab

2153 4619 2314 4692 initio
2344 4618 2709 4692 Constantini,
2743 4633 2912 4685 usque
2941 4617 3170 4692 ad_cjus
3192 4617 3398 4692 obitum
3432 4629 3565 4692 xun
3602 4629 3681 4682 pa-

2153 4690 2231 4742 ria
2260 4686 2544 4743 consulum
2584 4700 2955 4743 numerantur.
3005 4686 3082 4740 Ex
3109 4701 3217 4755 quo
3268 4687 3382 4740 tieri
3434 4686 3608 4751 potuit,
3632 4694 3681 4734 ut

2153 4758 2429 4814 tricesimo
2455 4761 2694 4813 secundo
2737 4758 2961 4827 imperii
2990 4771 3133 4827 anno
3171 4757 3319 4827 illum
3340 4755 3549 4827 robiisse
3570 4768 3680 4827 cre-

2150 4830 2359 4883 derent.
2390 4827 2543 4882 Adde
2567 4829 2710 4897 quod
2744 4823 2984 4882 nonnulli
3019 4826 3351 4896 Chronologi
3378 4826 3538 4893 patris
3560 4823 3679 4876 Coi.-

2150 4899 2332 4953 stantii
2355 4900 2758 4969 annos,quippe
2779 4900 2869 4966 qui
2894 4900 3038 4953 brevi
3063 4897 3357 4952 admodum
3373 4898 3675 4969 imperasset,

2148 4969 2507 5044 Constantino
2557 4966 2967 5044 ascripserunt._
2994 4968 3263 5044 Caeterum
3307 4966 3678 5044 induendas-est

2147 5039 2340 5104 lector,
2368 5038 2737 5094 doctissimum
2786 5038 3067 5092 Patavium
3109 5039 3328 5110 tandem
3385 5038 3674 5110 sententiam

2150 5120 2493 5183 tuutasse,_ct
2522 5111 2791 5183 vulgatam
2811 5180 2821 5183 _
2844 5110 3153 5183 opinionem
3187 5107 3455 5183 de_annis
3498 5106 3674 5183 imperii

2147 5180 2491 5235 Constantini
2531 5175 2729 5255 neque
2775 5175 2901 5255 ejus
2940 5178 3093 5233 initio
3143 5176 3451 5255 amplexum
3509 5175 3672 5255 fuisse.

2149 5263 2207 5303 nt
2241 5260 2390 5320 patet
2415 5265 2481 5305 ex
2530 5250 2620 5306 lib.
2638 5245 2710 5304 ἰν
2767 5245 2935 5319 partis
2962 5249 3214 5305 secunda:
3249 5245 3535 5300 Rationarii
3564 5251 3673 5296 tem.

2182 5337 2354 5375 orum.

2182 5337 2354 5375 orum.

2143 5337 2176 5389 Ρ
2218 5391 2333 5460 (55)
2380 5391 2783 5454 Ἀνεξικακιάν
2823 5389 3039 5445 αἰτίαν.
3075 5387 3356 5460 Postrema
3391 5398 3488 5439 vox
3512 5399 3538 5437 a
3567 5378 3672 5460 viris

2146 5459 2321 5516 doctis
2359 5463 2445 5516 hic
2469 5464 2648 5516 addita
2664 5474 2747 5517 cst
2773 5475 2837 5513 ex
2866 5477 2996 5514 mss.
3024 5459 3322 5519 codicibus,
3353 5470 3508 5524 quam
3536 5459 3670 5524 etiarn

2147 5533 2200 5603 in
2232 5530 2370 5586 Fuk.
2395 5532 2532 5586 libro
2564 5516 2760 5600 reperi.
2786 5530 3001 5603 Mallem
3027 5539 3205 5583 tamen
3228 5516 3393 5603 hanc;
3397 5539 3562 5603 vocent
3580 5516 3672 5603 Co]:

2148 5602 2326 5656 locare
2366 5611 2495 5656 ante
2523 5594 2748 5657 verbum
2778 5599 3177 5671 eneypdeov-ro.
3226 5597 3316 5671 §ic
3354 5594 3592 5671 Eusebius
3626 5594 3669 5671 tu

2145 5674 2253 5727 line
2298 5673 2393 5727 lib.
2445 5687 2507 5726 ιιι
2544 5672 2617 5726 De
2672 5673 2780 5725 vita
2835 5659 3182 5724 Constantini.
3238 5665 3418 5734 Longe
3450 5659 3670 5734 pro???”

2146 5725 2445 5810 elegantius
2481 5725 2552 5797 ita
2583 5725 3131 5799 Scribereturzaiziav
3162 5739 3253 5793 ἐπ.
3304 5725 3402 5809 τῆν
3439 5725 3668 5805 βασιλέως

2146 5810 2514 5879 ἀνεξικακίαν.

2146 5829 2404 5870 ανεςικακ
2410 5829 2514 5869 ιαν.
