3884 6482
159 348 273 406 8205

1220 345 1310 401 DE
1354 340 2023 402 νιτΑςυΝετΑΝτιΝι
2069 338 2201 396 LIB.
2234 336 2326 393 IV.

3266 328 3405 386 {200

153 466 272 522 κατά
293 464 415 527 τοὺς
432 461 796 535 δηλουμένους
821 462 1043 527 τούτους
1061 462 1286 536 χρόνους
1304 463 1399 517 καὶ
1417 463 1570 517 αὐτοὶ
1584 479 1695 516 κατ.-⁴

1820 475 2033 531 quoque
2066 458 2167 529 ipsi
2194 453 2621 526 conspeximus:
2649 446 2958 504 violentiam
2987 445 3197 502 scilicet
3224 452 3397 515 pessi-

153 558 445 630 ενοήσαμεν,
493 555 782 628 ὲπιτριϐὴν
814 555 1104 629 ἀπλήστων
1147 556 1256 626 (54)
1288 555 1384 609 καὶ
1420 555 1708 626 μοχθηρῶν

153 645 335 719 ἀνδρῶν
366 644 474 699 τῶν
516 644 696 698 πάντα
743 644 1154 715 λυμαινομένων
1189 644 1325 716 βίον,
1347 644 1627 716 εἰρωνείαν
1659 645 1707 698 τ’

151 742 343 799 ἄλεκτον
366 738 476 793 τῶν
497 737 597 812 τὴν
612 737 940 809 Ἐκκλησίαν
961 738 1360 809 ὑποδυομένων,
1377 737 1473 792 καὶ
1497 737 1559 791 τὸ
1575 738 1708 808 Χρι-

152 832 351 886 στιανῶν
394 830 745 894 ὲπιπλάστως
788 830 1269 901 σχηματιζομένων
1320 830 1508 901 ὄνομα.
1561 830 1634 883 Τὸ
1661 829 1705 883 δ’

150 923 288 997 αςρτοῦ
336 922 714 993 φιλάνθρωπον
758 923 854 976 καὶ
891 922 1208 992 φιλάγαθον,
1253 921 1317 974 τό
1373 940 1432 975 τε
1481 921 1580 993 τῆς
1618 922 1706 975 πί-

150 1015 616 1088 πωκείλικρινὲς,
648 1016 744 1069 καὶ⁹
790 1015 884 1068 τοῦ
905 1015 1107 1087 τρόπου
1144 1016 1205 1069 τὸ
1233 1014 1545 1085 φιλάληθες,
1581 1016 1706 1086 ἐνῆ-

148 1123 222 1175 γεν
243 1106 393 1160 αὑτὸν
429 1104 709 1160 πιστεύειν
734 1106 815 1177 τῷ
843 1106 1079 1177 σχήματι
1114 1105 1223 1159 τῶν
1249 1105 1592 1177 Χριστιανῶν
1629 1101 1705 1159 εἴ·

148 1214 218 1252 ναι
236 1196 618 1269 νομιζομένων,
642 1196 852 1253 εὔνοιαν
874 1199 921 1250 τ’
939 1197 1110 1269 ἀληθῆ
1133 1198 1259 1271 περὶ
1280 1199 1440 1251 αὐτὸν
1463 1199 1705 1252 πεπλασ-

148 1290 262 1363 μένῃ
284 1289 421 1360 ψυχῇ
455 1288 650 1353 σώζειν
670 1289 1149 1362 προσποιουμένων
1168 1307 1181 1320 ⁸
1215 1284 1295 1354 οἷς
1319 1290 1508 1343 ἑαυτὸν
1532 1309 1703 1345 κατα-

145 1376 404 1440 πιστεύων,
435 1376 576 1448 τάχα
600 1377 665 1432 ἄν
701 1396 831 1431 ποτε
862 1379 956 1431 καὶ
1000 1381 1114 1442 τοῖς
1156 1378 1231 1451 μὴ
1265 1380 1561 1451 πρέπουσιν
1588 1383 1702 1434 ἑνε-

144 1467 335 1539 πεὶρετο
363 1468 497 1539 (55),
534 1471 728 1543 κηλῖδα
771 1471 978 1545 ταύτην
1012 1474 1124 1537 τοῖς
1165 1473 1331 1527 αὑτοῦ
1363 1473 1546 1538 καλοῖς
1579 1476 1700 1529 ἑπι-

144 1562 372 1633 φέροντος
396 1561 491 1617 τοῦ
529 1563 744 1633 φθόνου.

619 1836 1020 1893 ΚΕΦΑΛΑῙΟΝ
1048 1839 1177 1894 NE'.

143 1926 314 1993 Ὅπως
327 1925 505 1997 μέχρι
523 1928 811 1998 τελευτῆς
828 1930 1212 2002 ἐλογογράφει
1229 1932 1701 2000 Κωνσταντῖνος.

207 2083 354 2137 Ἀλλά
383 2084 511 2148 τοὺς
543 2084 644 2153 μὲν
680 2084 788 2154 (56)
815 2086 917 2139 οὐκ
947 2088 1027 2149 εἰς
1054 2086 1326 2160 μακρὰνή
1357 2088 1477 2143 θεία
1504 2092 1705 2163 μετῆρ-

137 2193 245 2247 χειο
266 2177 415 2248 δίκη·
441 2176 603 2240 αὐτὸς
628 2177 685 2231 δὲ
718 2176 968 2247 βασιλεὺς
1007 2178 1150 2233 οὕτω
1177 2179 1277 2253 τὴν
1307 2181 1482 2254 ψυχὴν
1510 2182 1698 2254 λογικῇ

140 2267 327 2320 συνέσει
365 2268 632 2340 προῆκτο,
684 2268 761 2332 ὡς
801 2269 897 2323 καὶ
946 2270 1106 2342 μέχρι
1151 2272 1407 2344 τελευτῆς
1459 2274 1703 2346 συνήθως

140 2360 223 2427 μὲν
240 2358 615 2431 λογογραφεῖν,
654 2361 901 2433 συνήθως
929 2362 987 2415 δὲ
1013 2363 1112 2427 τάς
1140 2365 1399 2436 προόδους
1433 2367 1700 2421 ποιεῖσθαι

139 2449 254 2519 (37),
283 2451 372 2504 καὶ
410 2450 512 2515 τάς
542 2451 866 2523 θεοπρεπεῖς
889 2456 1000 2517 τοῖς
1031 2456 1326 2525 ἀκροαταῖς
1354 2455 1702 2520 διδασκαλίας

136 2546 394 2617 παρέχειν,
437 2547 751 2617 νομοθετεῖν
799 2546 856 2601 δὲ
900 2549 1164 2621 συνήθως,
1202 2550 1325 2604 τοτὲ
1359 2550 1458 2622 μὲν
1490 2551 1700 2605 πολιτι-

136 2639 255 2699 κοῖς,
298 2639 417 2691 τοτὲ
461 2638 520 2691 δὲ
572 2642 1009 2710 στρατιωτικοῖς,
1057 2641 1235 2696 πάντα
1270 2659 1332 2695 τε
1376 2642 1701 2714 προσφόρως

134 2727 204 2797 τῷ
231 2728 331 2782 τῶν
354 2729 662 2803 ἀνθρώπιον
708 2732 945 2784 ἐπινοεῖν
972 2730 1107 2802 βίῳ.
1145 2732 1533 2804 Μνημονεῦσαι
1566 2733 1611 2786 δ’
1640 2734 1701 2788 ἀ-

136 2816 250 2885 ξιον,
290 2821 364 2885 ὼς
406 2822 546 2893 πρὸς
584 2822 721 2893 αὐτῇ
766 2820 1006 2891 γεγονὼς
1048 2826 1116 2895 τῇ
1163 2823 1259 2877 τοῦ
1298 2824 1414 2894 βίου
1452 2824 1697 2897 τελευτῇ,

135 2913 413 2984 ἐπιτήδειόν
443 2931 568 2968 τινα
591 2914 747 2983 λόγον
776 2916 868 2969 ὲπὶ
889 2912 982 2967 τοῦ
1015 2915 1274 2987 συνήθους
1296 2916 1508 2988 διῆλθεν
1530 2918 1668 2989 ἀκρο
1692 2954 1697 2959 -

133 3006 335 3075 ετηρίου
356 3023 370 3036 ·
422 3007 635 3078 μακρὸν
684 3007 741 3060 δὲ
787 3007 1111 3071 κατατείνας
1132 3008 1243 3079 (58)
1273 3010 1331 3061 ὲν
1360 3009 1534 3082 τούτῳ
1569 3012 1698 3083 περὶ

132 3095 290 3166 ψυχῆς
330 3096 627 3162 ἀθανασίας
657 3097 857 3170 διεξῄει
896 3099 1116 3170 (λόγον),
1160 3099 1288 3171 περί
1318 3117 1380 3153 τε
1412 3101 1521 3153 τῶν
1544 3102 1701 3155 εὐσεδ

1818 567 2027 609 morum
2057 548 2340 606 hominum
2378 554 2434 601 et
2481 540 2774 599 insatiabili
2829 540 3128 608 cupiditate
3157 539 3401 610 ﬂagran-

1817 647 1972 709 tium,
2006 643 2102 714 qui
2129 642 2414 697 universos
2451 636 2564 692 lere
2597 633 2857 690 mortales
2905 632 3235 687 infestabant
3267 672 3282 697 ,
3344 644 3401 687 et

1816 735 2224 791 fraudulentam
2254 728 2658 785 simulationem
2699 739 2888 779 eorum
2940 724 3034 793 qui
3091 722 3287 778 callide
3341 724 3397 778 in

1814 831 2112 886 Ecclesiam
2132 826 2468 897 irrepebaut,
2496 832 2548 878 et
2573 820 3010 890 Christianorum
3033 832 3228 872 nomen
3258 815 3398 871 falso

1814 941 1878 981 ac
1906 925 2089 989 specie
2125 934 2285 978 tenus
2314 916 2699 989 praeferebant.
2741 915 2936 969 Verum
2970 911 3129 966 insita
3157 910 3393 980 impera-

1815 1017 1916 1074 tori
1960 1014 2273 1071 humanitas
2307 1027 2372 1068 ac
2395 1010 2633 1074 bonitas,
2670 1005 2870 1061 etlidei
2907 1016 3231 1071 morumque
3268 1000 3394 1054 siu-

1811 1109 2032 1174 ceritas,
2066 1122 2132 1163 eo
2163 1106 2342 1175 ipsum
2377 1101 2626 1167 adduxit,
2656 1108 2713 1154 ut
2739 1098 2987 1155 crederet
3020 1094 3158 1148 ﬁcta:
3184 1094 3233 1146 iu
3265 1107 3391 1161 spe-

1811 1202 1948 1256 ciem
1978 1190 2163 1270 pietati
2198 1196 2476 1250 hominum
2525 1192 2743 1246 illorum
2780 1188 2870 1260 qui
2924 1203 3023 1259 pro
3060 1183 3394 1240 Christianis

1813 1292 2171 1357 habebantur,
2203 1298 2257 1342 et
2275 1286 2363 1356 qui
2401 1285 2675 1340 sinceram
2702 1297 2827 1352 erga
2851 1280 3025 1350 ipsum
3059 1277 3390 1333 benevolen-

1813 1388 1940 1440 tiam
1974 1383 2170 1437 callida
2195 1389 2375 1435 mente
2410 1375 2759 1432 simulabant.
2784 1372 2994 1439 Quibus
3017 1370 3108 1424 ille
3146 1385 3268 1423 cum
3304 1382 3391 1423 se.

1816 1477 2111 1547 metipsurn
2150 1472 2492 1533 credidisset,
2520 1467 2789 1522 interdum
2818 1466 3054 1520 fortasse
3090 1464 3142 1517 in
3173 1477 3235 1516 ea
3267 1476 3391 1532 qua!

1810 1581 1997 1639 parum
2022 1564 2218 1619 decora
2246 1571 2447 1623 essent,
2475 1558 2729 1628 impegit,
2762 1555 2982 1625 maligni
3016 1554 3278 1608 daemonis
3301 1557 3386 1607 iu-

1806 1659 1948 1713 vidia
1989 1659 2129 1712 hanc
2179 1654 2328 1709 velut
2390 1649 2653 1706 maculam
2718 1647 2942 1717 reliquis
2982 1646 3100 1717 ejus
3131 1645 3387 1700 laudibus

1807 1757 2151 1820 aspergeute.

2302 1835 2466 1907 554
2510 1832 2742 1889 CAPUT
2778 1829 2889 1885 LV.

1880 1930 2125 2000 Qualiter
2147 1931 2218 1983 ad
2262 1928 2507 1982 ultimum
2541 1942 2703 2000 usque
2729 1926 2848 1979 vita:
2876 1923 3014 1977 diem
3046 1921 3311 1978 orationes

2472 1998 2709 2063 scripsit.

1880 2094 2076 2151 Verum
2104 2094 2226 2149 illos
2258 2091 2440 2145 divina
2472 2088 2681 2157 justitia
2714 2102 2820 2141 non
2840 2086 3012 2141 multo
3041 2097 3163 2155 post
3190 2085 3386 2141 merito

1804 2188 2067 2259 supplicio
2103 2186 2303 2241 all'ecit.
2336 2184 2639 2252 Imperator
2692 2195 2823 2234 vero
2852 2188 3000 2233 tanta
3069 2192 3383 2234 sermonum

1803 2282 2034 2339 scientia
2071 2280 2314 2335 animum
2350 2277 2702 2331 instruxerat,
2741 2278 2798 2324 ut
2828 2271 2895 2324 ad
2921 2269 3172 2323 ultimum
3210 2283 3383 2338 usque

1801 2377 1943 2432 diem
1985 2374 2130 2435 vitae.
2173 2371 2453 2425 orationes
2502 2363 2883 2419 conscriberet
2916 2377 3067 2416 more
3099 2360 3281 2421 solito,
3326 2369 3385 2414 et

1802 2467 2093 2524 conciones
2116 2463 2365 2523 haberet,
2412 2469 2468 2514 et
2502 2458 2685 2512 divina
2743 2455 3072 2510 documenta
3122 2453 3385 2506 auditori-

1800 2562 1904 2617 bus
1931 2557 2275 2612 insinuaret:
2312 2549 2460 2620 leges
2491 2550 2617 2603 item
2651 2549 2822 2602 ferret
2863 2546 3107 2609 assidue,
3135 2560 3282 2598 nuuc
3313 2543 3382 2597 de

1800 2650 2053 2709 civilibus
2080 2645 2338 2715 negotiis,
2371 2656 2513 2696 nunc
2547 2643 2614 2695 de
2663 2656 2722 2694 re
2765 2639 2984 2694 militari
3011 2655 3025 2691 :
3053 2646 3249 2691 cuncta
3282 2634 3379 2690 de-

1802 2746 1967 2815 nique
2000 2740 2069 2796 ad
2120 2734 2465 2793 commodum
2500 2744 2664 2802 atque
2695 2731 2984 2786 utilitatem
3036 2728 3257 2783 humani
3294 2742 3382 2795 ge-

1800 2835 1948 2891 neris
1974 2832 2328 2902 excogitaret.
2365 2824 2499 2880 lllud
2529 2839 2661 2879 vero
2709 2822 3129 2892 haudquaquam
3163 2816 3379 2874 silentio

1799 2926 2236 2998 praetereundum
2264 2930 2370 2984 est,
2403 2919 2545 2988 quod
2596 2931 2719 2970 cum
2774 2923 3052 2968 extremus
3085 2912 3209 2965 vita:
3259 2910 3378 2965 dies

1799 3018 2028 3090 ipsijam
2062 3015 2414 3085 impenderet,
2442 3010 2723 3065 funebrem
2754 3004 3050 3075 quamdam
3073 3001 3374 3057 orationem

1800 3113 1851 3167 in
1881 3117 2146 3167 consueto
2181 3105 2452 3160 auditorio
2482 3098 2753 3156 recitavit.
2787 3098 3030 3164 Cumque
3061 3107 3372 3148 sermonem

133 3184 230 3250 εὼς
248 3187 572 3258 διηνυκότων
599 3189 698 3261 τὴν
722 3190 890 3263 ζωὴν,
915 3190 1023 3244 τῶν
1046 3207 1106 3243 τε
1135 3192 1249 3253 τοῖς
1271 3189 1542 3260 θεοφιλέσι
1570 3193 1695 3264 παρ’

1804 3202 2012 3273 longius
2035 3197 2403 3271 produxisset,
2441 3196 2492 3249 iu
2547 3207 2612 3247 ea
2661 3187 2921 3245 disseruit
2950 3190 3017 3240 de
3064 3184 3375 3240 animorum

130 3278 266 3358 αὐτῷ
307 3279 423 3351 Θεῷ
441 3281 886 3352 τεταμιευμένων
917 3280 1137 3351 ἀγαθῶν
1159 3298 1172 3311 ·
1208 3283 1443 3352 μακραῖς
1475 3281 1520 3334 δ’
1564 3283 1697 3335 ἀπο-

129 3369 327 3437 δείξεσι,
371 3372 467 3426 καὶ
503 3371 566 3424 τὸ
610 3372 718 3426 τῶν
750 3373 1008 3426 ἐναντίων
1048 3373 1234 3444 τάγμα
1275 3372 1462 3425 ὁποίου
1507 3371 1696 3436 τέλους

128 3462 376 3530 τεύξεται,
411 3464 647 3537 φανερὸν
685 3466 878 3525 ἐποίει,
915 3466 1025 3518 τῶν
1059 3465 1234 3521 ἀθέων
1270 3466 1367 3537 τὴν
1396 3480 1697 3537 καταστρο-

131 3555 222 3626 φὴν
256 3556 577 3627 παραδιδοὺς
615 3559 678 3627 τῇ
713 3559 930 3628 γραφῇ·
975 3556 1004 3610 ὃ
1031 3558 1094 3628 δὴ
1127 3558 1220 3611 καὶ
1261 3557 1535 3629 ὲμϐριθῶς
1557 3574 1697 3635 μαρ-

126 3648 427 3720 τυρόμενος,
471 3648 846 3703 καθάπτεσθαι
878 3648 986 3702 τῶν
1016 3649 1153 3720 ἀμφ’
1189 3648 1351 3703 αὐτὸν
1386 3649 1591 3703 ἐδόκειο
1618 3648 1695 3713 ὡς

128 3741 209 3793 καί
243 3757 363 3795 τινα
396 3741 504 3795 τῶν
547 3740 920 3813 δοκησισόφων
960 3741 1069 3812 (39)
1105 3740 1323 3813 ἔρεσθαι
1365 3741 1512 3805 ὅπως
1551 3739 1695 3812 ἔχειν

126 3830 259 3901 αὐτῷ
292 3832 536 3901 φαίνοιτο
582 3830 654 3884 τά
690 3831 957 3902 λεγόμενα
981 3847 995 3861 ’
1022 3830 1126 3909 ⁸τὸν
1169 3832 1213 3885 δ’
1248 3834 1694 3905 ἐπιμαρτυρῆσαι

124 3927 223 3987 τοῖς
245 3924 418 3992 λόγοις
444 3922 721 3996 ἀλήθειαν,
754 3923 958 3996 σφόδρα
980 3942 1061 3986 τε,
1080 3924 1279 3996 καίπερ
1298 3927 1396 3979 οὐκ
1420 3925 1691 3990 ἐθέλοντα,

125 4016 348 4070 ιταινεῖν
392 4015 494 4079 τὰς
536 4015 679 4069 κατὰ
710 4015 817 4068 τῶν
851 4015 1127 4070 πολυθέων
1167 4016 1530 4080 διδασκαλίας.
1568 4018 1693 4070 Τοι-

188 4193 297 4264 (54)
316 4192 473 4264 Vulg.
495 4192 1169 4263 ἑπιτριϐἦςάπλήστωνζ
1186 4195 1695 4264 Amplecloremen-

126 4263 384 4335 datiouem
430 4263 733 4335 doctorum
812 4269 1071 4329 virorum,
1117 4282 1237 4335 quae
1284 4263 1337 4319 in
1378 4264 1590 4321 Fuketii
1629 4267 1693 4320 li-

126 4333 212 4409 bro
237 4335 421 4409 etiam
469 4333 1041 4409 legitur,__ér:trpt6ﬁv.
1074 4333 1254 4409 Porro
1273 4338 1589 4409 notandum
1609 4345 1697 4393 est

126 4402 206 4459 hic
231 4403 494 4476 judicium
520 4405 738 4459 Eusebii
766 4402 1083 4475 nos't-ri,'qui
1121 4410 1172 4460 in
1203 4406 1514 4476 principatu
1551 4406 1692 4460 Cou-

124 4474 335 4546 stantini
385 4483 642 4544 tanquam
700 4476 756 4529 iu
800 4474 1171 4545 pulcherrimo
1204 4474 1465 4546 'quodam
1517 4476 1688 4544 vultu,

126 4544 254 4600 hunc
280 4560 496 4617 naevum
524 4545 753 4611 notavit,
782 4544 925 4612 quod
972 4544 1257 4617 pessimos
1279 4562 1345 4601 ac
1394 4549 1692 4613 rapacissi-

125 4627 230 4686 mos
278 4615 549 4676 homines,
591 4619 658 4668 ad
704 4615 999 4671 amicitiam
1051 4633 1230 4682 suam,
1263 4627 1318 4671 et
1359 4618 1426 4671 ad
1476 4618 1689 4686 publica

124 4683 285 4739 cilicia
320 4685 680 4749 adscivisset,
758 4695 813 4739 et
866 4688 1007 4755 quod
1052 4688 1242 4742 lraude
1285 4696 1341 4743 et
1387 4683 1692 4744 calliditate

121 4757 468 4823 quorumdam
526 4755 625 4825 qui
666 4769 727 4809 se
772 4755 1114 4825 Christianos
1161 4773 1283 4813 esse
1334 4758 1689 4825 simulabant,

124 4826 522 4899 circumventus
554 4824 769 4899 luisset.
812 4824 980 4899 ldem_
996 4828 1109 4883 lere
1138 4830 1489 4899 reprehendit
1513 4824 1689 4884 Aure4

87 4900 90 4902 ‘
124 4893 216 4950 lius
248 4893 435 4950 Victor
468 4895 557 4950 his
588 4896 810 4951 verbis:
860 4914 881 4948 ι
938 4893 1500 4955 Ρίεοεῑοείιιοιθειίπε
1531 4914 1689 4954 seve-

124 4964 227 5020 rius
265 4980 501 5034 pressze,
547 4974 842 5037 cunctaque
865 4968 1053 5023 divino
1089 4969 1212 5024 ritui
1245 4971 1403 5037 paria
1432 4972 1688 5025 videren-

126 5044 221 5108 t_ur,
240 5038 294 5089 ni
322 5052 509 5104 parum
533 5036 709 5106 dignis
729 5038 795 5091 ad
829 5039 1046 5108 publica
1075 5036 1279 5094 aditum
1306 5042 1686 5096 concessisset.

125 5104 239 5176 Qua:
266 5104 1116 5176 quanquam'srepius'accidere,
1169 5119 1349 5164 tamen
1389 5112 1442 5165 iu
1471 5126 1688 5165 summo

126 5174 353 5249 ingenio,
385 5174 549 5249 atque
577 5178 795 5246 optimis
816 5179 1125 5249 reipublica:
1148 5181 1411 5244 moribus,
1439 5183 1689 5249 quamvis

122 5258 275 5318 parva
307 5247 436 5318 vitia
463 5246 680 5300 elucent
711 5246 912 5318 magis;
933 5267 954 5301 ι
994 5248 1099 5303 Sed
1127 5259 1182 5303 et
1215 5250 1394 5306 Amm.
1420 5246 1690 5306 Marcelli-

125 5330 212 5369 nus
260 5316 314 5368 in
375 5316 513 5390 libro
560 5332 648 5369 xvr
682 5316 912 5386 idipéum
960 5329 1277 5374 testaturzc
1315 5320 1452 5374 Nam
1498 5322 1687 5390 proxi-

126 5398 325 5440 tuorum
374 5386 564 5441 lances
589 5392 803 5458 aperuit
848 5391 1057 5459 primus
1097 5389 1338 5446 omnium
1371 5386 1689 5449 Constanti-

123 5465 230 5508 ους.
271 5474 290 5507 ι

183 5525 295 5595 (35)
332 5526 718 5595 Ἐνεπείρετο.
756 5526 811 5580 In
841 5529 999 5584 codd.
1057 5526 1195 5585 Fuk.
1221 5537 1276 5584 et
1318 5528 1510 5587 Savilii
1541 5532 1684 5586 scri-

124 5590 255 5669 bitit_r
281 5590 617 5669 ἐνεπειρᾶξο.

125 5732 137 5744 _
183 5665 517 5744 (336)_’A.l.1'd
556 5668 699 5744 τοὺς
737 5665 896 5744 μέν..
924 5667 1214 5744 Ablabium
1267 5670 1408 5724 inter
1455 5681 1686 5726 caeteros

125 5737 337 5805 intelligi
379 5743 658 5809 ριιιοειμιί
708 5737 826 5809 post
857 5738 1197 5792 Constantini
1252 5750 1506 5807 mortem,
1558 5756 1683 5795 cum

125 5819 200 5861 tes
229 5823 401 5864 novas
436 5808 615 5865 moliri
646 5808 987 5877 crederetur,
1013 5809 1168 5881 jussu
1199 5810 1507 5868 Constantii
1543 5812 1681 5867 intc-

1799 3289 2232 3354 immortalitate,
2272 3285 2448 3355 deque
2499 3284 2583 3339 his
2620 3282 2712 3353 qui
2752 3281 2918 3334 vitam
2966 3279 3050 3347 pie
3107 3279 3379 3333 traduxis-

1797 3392 1920 3439 sent
1946 3399 1960 3448 ;
1998 3381 2142 3437 etde
2168 3378 2323 3433 bonis
2347 3390 2467 3444 quae
2486 3375 2674 3430 amicis
2695 3374 2787 3428 Dei
2817 3372 2957 3440 apud
3000 3371 3174 3438 ipsum
3206 3370 3372 3424 Deum

1798 3472 2076 3527 recondita
2124 3477 2328 3525 essent.
2376 3466 2576 3522 Contra
2612 3478 2765 3528 vero,
2798 3477 2960 3532 quem
2996 3465 3155 3518 linem
3189 3472 3375 3517 essent

1797 3563 2034 3620 habituri
2065 3562 2139 3616 illi
2173 3560 2265 3631 qui
2299 3558 2631 3615 contrariam
2656 3554 2877 3612 vivendi
2915 3554 3181 3609 rationem
3215 3555 3377 3610 insti-

1798 3655 2062 3715 tuissent,
2096 3652 2281 3706 multis
2324 3650 2628 3705 rationibus
2656 3644 2937 3701 evidenter
2966 3646 3223 3711 astruxit,
3284 3647 3376 3701 in-

1798 3746 2015 3801 teritum
2041 3754 2095 3797 et
2130 3742 2337 3798 cladem
2368 3743 2654 3811 impiorum
2683 3741 3025 3795 describens.
3056 3738 3208 3805 Quod
3253 3740 3385 3809 qui;

1795 3837 1915 3894 dem
1943 3852 2067 3891 eum
2099 3837 2338 3904 graviter
2388 3843 2443 3889 et
2469 3835 2615 3890 serio
2649 3833 2969 3898 alllrmaret,
3005 3829 3282 3900 proximos
3322 3840 3378 3884 et

1794 3929 2095 3985 familiares
2147 3944 2274 3985 suos
2323 3928 2690 3998 perstringere
2747 3927 3084 3982 videbatur:
3120 3926 3259 3978 adeo
3318 3930 3376 3976 nt

1795 4023 2085 4093 quemdam
2120 4037 2188 4076 ex
2224 4021 2332 4076 illis
2392 4036 2529 4074 vana
2562 4020 2843 4092 sapientia
2882 4019 3136 4089 Opinione
3169 4014 3373 4070 inﬂatis

1795 4206 2167 4267 remptusest,
2195 4206 2253 4250 ut
2279 4194 2398 4251 fuse
2426 4205 2615 4250 narrat
2640 4194 2912 4264 Eunapius
2938 4193 2993 4246 in
3031 4191 3163 4245 Vilis
3199 4190 3379 4259 sap/ti-

1793 4277 2290 4410 διῖἓιὲἲξρνήθῳς
2398 4333 2507 4410 τᾲς
2538 4331 3172 4410 προόδουςλδζοιε-ἷσθᾳι.
3200 4328 3375 4410 Supra

1796 4410 1849 4463 in
1874 4400 2012 4478 'cap.
2041 4405 2111 4462 29
2147 4400 2304 4478 hujus
2326 4406 2454 4478 libri
2482 4400 2758 4478 ’wa'pééou;
2796 4404 2931 4478 dixit
2961 4402 3253 4478 Eusebius,
3284 4400 3377 4453 ubi

1799 4478 1923 4535 vide
1961 4468 2091 4548 quae
2120 4468 2395 4548 adnotavi.
2424 4468 2607 4548 Possis
2634 4477 2800 4529 etiam
2821 4468 3373 4548 _legere_r:pocdooug,

1724 4529 1761 4585 Β
1799 4529 2488 4604 titvvadjoramveditionis
2519 4529 2866 4601 Ccueveusis
2896 4529 3209 4609 'ascripium
3258 4529 3373 4609 est.

1797 4619 1967 4675 Porro
2006 4619 2273 4686 interpres
2307 4617 2513 4673 erroris
2563 4619 2646 4690 sui
2683 4626 2867 4690 tenax,
2910 4608 3077 4667 etiam
3112 4608 3376 4690 hocdoco

1796 4691 1975 4752 vertit,
2005 4705 2314 4760 congressus
2338 4703 2456 4740 cum
2492 4689 2674 4740 amicis
2700 4686 2906 4750 habere,
2943 4696 3068 4735 cum
3098 4686 3375 4760 conciones

1795 4772 2007 4815 vertere
2036 4752 2334 4825 debuisset,
2367 4768 2424 4810 ut
2461 4758 2738 4826 sequentia
2787 4762 2975 4826 aperte
3010 4752 3370 4826 confirmant.

1778 4822 2033 4886 ‘Victoris
2070 4817 2332 4897 Epitome'
2362 4827 2501 4882 idem
2535 4817 2753 4897 quoque
2805 4817 2939 4897 dicit
2991 4823 3058 4875 de
3096 4817 3376 4897 Constan-

1796 4904 1954 4955 tino:
1993 4916 2012 4950 ι
2055 4889 2751 4966 Οόιηιηοόίεείιηιιδίίιηῖοη
2803 4895 2964 4966 rebus
3008 4890 3193 4966 multis
3221 4889 3368 4944 fuit:

1793 4969 2096 5025 calumnias
2119 4971 2313 5024 sedare
2335 4962 2543 5039 legibus
2569 4964 2963 5039 severissimis:
2992 4962 3203 5039 nutrire
3227 4969 3374 5039 artes

1793 5042 1989 5104 bonas,
2035 5041 2306 5110 praecipue
2353 5032 2534 5110 sfudia
2580 5038 2887 5110 litterarum
2935 5049 2950 5086 :
2998 5033 3188 5110 legere
3231 5032 3373 5100 ipse,

1794 5101 2055 5174 scribere,
2082 5101 2359 5172 meditari;
2391 5127 2408 5160 ι
2448 5106 2536 5162 ubi
2564 5107 2808 5160 meditari
2835 5103 2979 5157 idem
3020 5101 3164 5156 valet
3188 5118 3253 5156 ac
3278 5116 3378 5171 με-

1790 5181 1973 5253 λετᾷν,
2004 5181 2161 5253 idest
2182 5179 2505 5253 declamare:

1863 5239 1975 5324 (38)
2008 5249 2177 5324 Vulg.
2201 5245 2435 5324 μακρόν
2470 5242 2723 5324 δὲ’-κατά
2764 5261 2954 5324 cerac.
3012 5239 3373 5324 scribendum

1790 5314 2689 5393 θεῖμέοευΓύιῖυίοήκατατεὶνας,
2735 5326 2792 5369 ut
2833 5316 2945 5385 jam
3001 5314 3093 5369 alii
3146 5324 3377 5365 monue-

1788 5407 2168 5545 Tmtl'élbLVulg.
2226 5459 2359 5545 τινά
2406 5456 2526 5513 τῶν
2559 5457 2955 5545 -ᾷοκησόξεξον,
2999 5452 3179 5545 Malim
3236 5452 3375 5545 acri:

1788 5525 1916 5589 here
1950 5525 2060 5587 τῶν
2108 5525 2502 5603 δοκησισόφων.
2559 5532 2652 5603 Sic
2712 5525 2944 5603 gentiles
2992 5540 3202 5603 vocare
3236 5525 3377 5576 solet

1792 5606 2082 5670 Eusebius,
2125 5619 2188 5657 ac
2219 5594 2490 5671 pralci'ptte
2544 5594 2917 5671 philosophos,
2950 5596 3042 5665 qui
3083 5594 3377 5671 sihi‘pra‘.

1787 5676 2002 5728 caeteris
2049 5663 2241 5739 sapere
2292 5663 2636 5725 videbantur.
2694 5663 2771 5722 In'
2800 5663 3182 5739 Fttk.'coclice
3218 5663 3378 5739 δοκη-

1792 5746 2029 5816 σισόφων
2060 5736 2274 5816 legitur.
2312 5742 2420 5796 Scd
2464 5744 2623 5796 tertia
2671 5740 2877 5811 syllaba
2924 5736 3128 5793 lineola
3171 5738 3377 5792 subnom

1789 5829 1954 5871 tatur.
