3884 6484
96 366 217 423 1213

1188 363 1281 420 DE
1317 364 1481 417 VITA
1519 363 1979 421 CONSTANTINI
2012 366 2142 421 LIB.
2181 364 2271 421 IV.

3199 364 3335 422 ΕΗ

96 487 222 548 θεὶς,
261 483 392 553 γόνυ
426 481 614 547 κλίνας
644 482 730 535 ἐπ’
758 481 987 552 ἐδάφους
1006 522 1020 547 ,
1073 484 1260 555 ἱκέτης
1292 484 1538 553 ἐγίγνετο
1570 484 1654 538 τοῐ

1772 502 1801 540 a
1838 487 1947 542 Deo
1997 486 2226 557 supplex
2267 485 2531 556 poposcit,
2590 492 2813 556 peccata
2847 498 2944 540 sua
2974 484 3241 543 conﬁtens
3285 488 3339 543 iu

95 577 239 640 Θεοῦ,
267 578 324 629 ὲν
367 573 517 645 αὑτῷ
554 573 631 645 τῷ
663 574 945 647 μαρτυρίῳ
969 574 1458 647 ἐξομολογούμενος
1479 616 1493 638 ,
1528 575 1657 630 ἔνθα

94 672 146 743 δὴ
182 670 270 725 καὶ
306 669 526 741 πρῶτον
557 667 664 740 (5‘2)
695 666 803 721 τῶν
842 666 928 721 διὰ
960 669 1299 740 χειροθεσίας
1342 669 1516 741 εὐχῶν
1544 670 1655 740 (55)

95 764 317 837 ἡξιοῦτο’
357 761 601 834 μεταϐὰς
639 761 684 815 δ’
716 762 869 817 ἐνθεν
893 803 908 828 ,
958 762 1050 815 ἐπὶ
1082 764 1401 836 προάστειον
1433 765 1533 835 τῆς
1561 764 1659 816 Νι-

94 856 349 928 κομηδέων
384 854 696 922 ἀφικνεῖται
735 854 974 919 πόλεως,
1008 854 1288 908 κάνταῦθα
1316 854 1657 924 συγκαλέσας

95 951 200 1013 τοὺς
227 946 582 1011 ἐπισκόπους,
617 939 719 999 ὧδέ
754 963 831 1016 πη
863 948 1046 1010 αὐτοῖς
1076 946 1370 1012 διελέξατο.

590 1084 990 1142 ΚΕΦΑΛΛΙΟΝ
1021 1083 1140 1137 EB’.

96 1175 530 1231 Κωνσταντίνου
554 1174 705 1243 πρὸς
725 1174 1096 1238 ἐπισκόπους
1118 1172 1251 1240 περὶ
1275 1170 1657 1241 μεταδόσεως

440 1245 552 1299 τοῦ
584 1245 843 1314 λουτροῦ
876 1243 1280 1312 παράκλησις.

155 1376 174 1410 ι
195 1351 359 1421 οὗτος
402 1352 474 1428 ἦν
507 1356 671 1421 αὐτὸς
710 1358 740 1410 ὀ
779 1356 947 1410 πάλαι
989 1373 1079 1427 μοι
1114 1354 1336 1425 διψῶντι
1371 1355 1465 1409 καὶ
1503 1353 1658 1425 εὐχο-

98 1448 219 1520 μένῳ
244 1451 342 1519 τῆς
381 1450 440 1501 ὲν
472 1446 592 1518 Θεῷ
622 1449 804 1518 τυχεῖν
850 1447 1124 1518 σωτηρίας
1146 1487 1161 1510 ,
1206 1445 1397 1517 καιρὸς
1440 1444 1658 1509 ἐλπιζό-

98 1555 262 1611 μενος’
299 1538 420 1610 ὥρα
454 1538 551 1592 καὶ
583 1540 729 1609 ἡμᾶς
768 1536 1076 1592 ἀπολαῦσαι
1120 1539 1219 1609 τῇς
1261 1535 1653 1591 ἀθανατοποιοῦ

94 1715 139 1790 lu
163 1713 436 1790 veteribus
462 1713 681 1771 scliedis
727 1712 928 1790 legitur
950 1714 1209 1786 σωτηρίῳ
1236 1714 1474 1790 λουτρῷ,
1508 1715 1653 1786 quod

93 1785 228 1856 plane
248 1784 998 1856 cnuiirmatemendatiouem
1028 1784 1292 1856 nostram.

1767 580 1883 649 ipso
1914 579 2180 651 martyrio
2208 598 2221 634 :
2250 592 2360 648 quo
2392 577 2443 631 in
2484 576 2606 632 loco
2647 592 2901 631 manuum
2940 577 3337 646 impositionem

1764 686 1888 726 cum
1921 670 2151 726 solemni
2186 671 2501 741 precatione
2534 670 2767 739 primum
2813 670 3014 723 meruit
3063 670 3335 739 accipere.

1762 763 1902 819 Hiuc
1942 766 2009 821 ad
2055 764 2374 818 suburbana
2427 762 2755 818 Nicomedia:
2785 761 3092 832 digressus,
3136 775 3342 817 convo-

1762 860 1901 914 catis
1952 859 2245 931 episcopis,
2269 857 2349 913 sic
2379 858 2446 911 ad
2478 871 2572 912 eos
2598 854 2946 911 verba-fecit.

2325 1079 2555 1135 CAPUT
2603 1077 2768 1133 LXll.

1770 1171 1971 1237 Quibus
2005 1173 2173 1227 verbis
2225 1173 2608 1227 Constantinus
2648 1171 2927 1243 postulavit
2974 1172 3037 1226 ab
3079 1170 3336 1243 episcopis

2080 1253 2133 1296 ut
2168 1244 2483 1311 baptismum
2536 1244 2637 1296 sibi
2692 1242 3010 1310 conferrent.

1836 1372 1857 1407 ι
1886 1352 1997 1410 Hoc
2014 1362 2134 1409 erat
2154 1364 2364 1424 tempus
2383 1355 2524 1424 quod
2545 1355 2860 1425 jamdudum
2885 1359 3191 1425 sperabam,
3210 1372 3333 1413 cmn

1763 1445 2069 1500 incredibili
2118 1446 2418 1514 cupiditate
2474 1447 2754 1512 arderem,
2792 1450 3044 1517 votisque
3078 1449 3339 1505 omnibus

1760 1538 2133 1593 desiderarem
2164 1537 2396 1594 salutem
2428 1539 2480 1593 in
2512 1538 2623 1594 Deo
2652 1541 2939 1610 consequi.
2968 1540 3086 1595 Jam
3125 1551 3338 1612 tempus

1756 1717 1884 1787 Quis
1931 1717 2122 1772 credat
2146 1716 2528 1785 imperatorem
2555 1717 2966 1774 Constantinum
2992 1719 3060 1772 ad
3083 1719 3135 1773 id
3163 1732 3338 1786 usque

1766 1787 2028 1855 temporis
2051 1787 2494 1843 catechumenum
2520 1805 2624 1845 non
2651 1788 2846 1853 fuisse,
2893 1801 3011 1842 cum
3039 1800 3092 1842 et
3119 1787 3337 1843 Νερωηο

150 1855 253 1927 (52)
287 1855 473 1927 Ἐνρα
527 1854 603 1923 δὴ
649 1855 748 1927 καὶ
799 1855 1059 1927 πρῶτονἒ
1087 1854 1188 1927 llic
1218 1855 1367 1913 locus
1396 1865 1654 1912 attentam

1763 1854 1997 1911 concilio
2029 1856 2365 1920 interfuerit,
2413 1867 2468 1912 et
2517 1868 2597 1913 tot
2645 1858 2789 1926 leges
2829 1873 2894 1911 ac
2943 1859 3204 1925 rescripta
3237 1872 3337 1927 pro

90 1923 356 1996 inprimis
392 1923 615 1996 lectoris
646 1925 984 1996 diligentiam
1034 1923 1259 1994 flagitat.
1288 1927 1366 1981 Ex
1412 1942 1479 1981 eo
1510 1930 1653 1982 enim

95 2010 266 2064 magna
304 1994 396 2047 illa
427 1994 497 2048 de
540 1994 881 2050 Constantini
910 1996 1180 2063 baptismo
1202 1997 1432 2065 quaestio
1452 1996 1650 2064 dijudi-

94 2066 188 2120 cari
218 2064 375 2119 facile
401 2074 601 2132 potest.
629 2066 720 2118 Ait
744 2067 909 2136 igitur
944 2065 1210 2120 Eusebius
1240 2066 1652 2122 Constantinum

93 2137 454 2203 imperatorem
507 2145 638 2189 tunc
674 2136 908 2202 primum
941 2151 1202 2189 manuum
1253 2136 1653 2205 impositionem

95 2219 200 2259 cum
243 2205 472 2259 solemni
509 2206 827 2275 precatione
872 2206 923 2258 in
950 2205 1181 2259 ecclesia
1224 2208 1567 2275 suscepisse;
1601 2209 1654 2261 id

94 2285 162 2329 est
184 2289 287 2329 uno
336 2275 526 2338 verbo,
557 2285 686 2330 tunc
731 2274 969 2342 primum
1014 2274 1220 2329 factum
1245 2290 1369 2331 esse
1388 2274 1654 2332 catechu—

94 2360 311 2417 menum.
346 2342 497 2417 Nam
521 2346 899 2417 catechumeni
953 2358 1051 2417 per
1100 2360 1293 2401 manus
1349 2348 1656 2417 impositio-

93 2430 200 2469 nem
226 2415 424 2468 ﬁebant
450 2414 519 2468 ab
550 2415 826 2483 episcolio,
865 2422 922 2467 ut
954 2416 1113 2469 docet
1145 2430 1318 2471 canon
1345 2433 1399 2471 vr
1429 2414 1653 2472 concilii

90 2485 409 2556 _Arelatensis
436 2501 452 2538 :
489 2501 509 2535 ι
539 2485 617 2556 De
635 2486 717 2556 his
740 2484 845 2556 qui
875 2485 928 2537 in
961 2485 1277 2556 infirmitate
1302 2488 1531 2542 credere
1563 2502 1657 2541 vo-

91 2553 214 2615 lunt,
240 2554 443 2623 placuit
474 2556 560 2610 eis
589 2553 790 2609 debere
820 2569 1037 2624 manum
1070 2555 1330 2624 imponi.»
1361 2557 1501 2610 Idem
1528 2571 1656 2611 san-

93 2625 238 2678 citum
262 2634 346 2679 est
368 2638 493 2693 cap.
524 2624 595 2679 59
635 2623 853 2679 concilii
904 2623 1220 2679 l’.liheritani
1250 2642 1265 2679 :
1298 2623 1579 2681 «Gentiles
1607 2626 1655 2681 si

91 2694 139 2748 in
172 2695 481 2749 infirmitate
511 2695 946 2748 desideraverint
994 2694 1098 2749 sibi
1148 2710 1371 2751 manum
1413 2698 1653 2762 imponi;

94 2766 131 2819 si
156 2763 318 2836 fuerit
350 2778 545 2819 eorum
574 2777 643 2836 ex
681 2764 861 2836 aliqua
892 2772 1066 2836 parte;
1092 2765 1203 2818 vita
1257 2767 1504 2831 honesta,
1536 2766 1652 2836 pla-

93 2834 282 2888 cuiteis
308 2834 799 2904 manum_imponi,
844 2842 903 2888 et
954 2834 1072 2889 fieri
1120 2836 1477 2890 Christianos.
1505 2834 1653 2903 {Qui

93 2906 283 2972 quidem
312 2919 491 2958 canon
522 2902 908 2967 Eliberitanus,
948 2914 1009 2958 ut
1064 2904 1119 2958 id
1149 2907 1327 2961 obiter
1380 2921 1651 2972 moneam,

92 2974 206 3027 nihil
258 2973 403 3028 aliud
459 2987 583 3030 esse
632 2974 845 3028 videtur
897 2989 1061 3043 quam
1099 2975 1371 3043 expositio
1423 2976 1654 3031 canonis

93 3045 447 3099 Arelatensis:
478 3044 625 3111 quod
662 3053 719 3099 et
765 3044 818 3098 in
850 3044 971 3099 aliis
1000 3044 1118 3111 ejus
1143 3046 1360 3100 concilii
1396 3046 1653 3114 capitulis

92 3128 295 3185 cernere
319 3115 471 3169 licet.
506 3114 584 3169 De
602 3114 927 3185 eodemritu
962 3115 1214 3185 locusest
1244 3115 1471 3170 illustris
1503 3117 1646 3185 apud

92 3182 366 3255 Sulpicium
400 3185 670 3239 Severum
702 3186 755 3238 in
779 3183 1022 3255 gDialogo
1047 3200 1085 3238 ιι
1117 3184 1195 3239 Dc
1217 3187 1494 3240 miraculis
1525 3182 1653 3239 san-

93 3257 151 3310 cti
176 3254 413 3320 Martini,
460 3270 588 3324 cap.
613 3255 649 3311 5
680 3273 695 3310 :
731 3271 751 3306 ι
776 3253 1061 3309 Postretuo
1113 3256 1290 3310 cuncti
1323 3255 1647 3310 catervatim

93 3325 148 3396 ad
174 3340 338 3391 genua
363 3326 513 3381 beati
547 3326 649 3396 viri
675 3338 835 3396 ruere
853 3335 1165 3396 rcteperunt,
1200 3325 1435 3396 fideliter
1461 3335 1649 3396 postu-

93 3394 264 3460 lantes,
301 3405 363 3451 ut
396 3410 495 3451 eos
547 3395 752 3451 faceret
799 3393 1169 3450 CbriStiauos.
1199 3394 1310 3449 Nec
1341 3393 1647 3460 cunctatus,

92 3466 137 3519 in
159 3468 349 3534 medio,
378 3474 443 3521 ut
467 3476 613 3531 erat,
640 3479 854 3530 campo,
887 3477 1113 3521 cunctos
1141 3466 1393 3534 imposita
1433 3467 1651 3519 univer-

91 3538 154 3590 sis
200 3553 358 3592 manu
399 3537 825 3591 catechumenos
871 3536 1019 3589 fecit.
1047 3555 1066 3586 ι
1102 3536 1244 3590 ldem
1311 3536 1363 3588 in
1395 3534 1535 3591 libro
1575 3551 1588 3587 ι
1626 3551 1641 3588 :

96 3605 284 3662 «Nemo
311 3608 452 3672 fere,
482 3607 681 3676 inquit,
710 3620 776 3659 ex
805 3606 1027 3659 immani
1058 3606 1147 3660 illa
1170 3604 1517 3660 multitudine
1549 3604 1652 3659 fuit

92 3678 374 3744 gentilium,
401 3677 502 3746 qui
540 3675 669 3741 non,
700 3676 1048 3746 impositione
1082 3689 1274 3730 manus
1315 3675 1646 3746 desiderata,

93 3747 137 3799 in
165 3743 445 3803 Dominum
472 3743 660 3801 Jesum
701 3743 891 3800 relicto
931 3745 1223 3814 impietatis
1248 3760 1438 3800 errore
1467 3745 1648 3800 credi-

93 3818 277 3872 derit.)
310 3817 857 3887 Augustinusetiaut
889 3816 941 3869 in
981 3816 1077 3887 lib.
1133 3830 1172 3870 tt
1208 3815 1285 3887 De
1318 3825 1651 3887 peccatorum

92 3883 425 3951 remissione:
441 3901 567 3957 cap.
614 3885 687 3940 26
718 3902 733 3957 ς
773 3904 792 3938 ι
816 3883 934 3939 Non
967 3886 1274 3941 uniusmodi
1300 3883 1383 3940 est
1409 3883 1653 3939 sanctiﬁ-

92 3957 234 4011 catio.
264 3958 400 4011 Nam
450 3956 525 4011 et’
560 3956 982 4011 catechumenos
1009 3958 1306 4011 secundum
1363 3957 1650 4024 quemdam

93 4030 292 4081 modum
318 4043 479 4082 suum
526 4041 627 4096 per
662 4026 877 4095 signum
908 4027 1088 4080 crucis
1114 4036 1167 4081 et
1202 4027 1504 4096 orationem
1536 4040 1654 4078 tua-

93 4112 181 4152 uus
206 4093 578 4167 impositionis
614 4093 1123 4167 putusanctilicari.
1148 4114 1166 4146 ι
1208 4095 1314 4167 Sed
1355 4093 1653 4167 et__Petrus

93 4164 445 4238 Chrysologus
467 4164 627 4221 idem
648 4166 838 4238 scribit
869 4168 921 4219 in
952 4181 1206 4238 sermone
1227 4166 1335 4220 52:
1370 4184 1388 4217 ι
1409 4164 1547 4218 llinc
1568 4176 1652 4220 est

94 4236 219 4305 quod
252 4236 476 4293 veniens
525 4252 595 4292 ex
646 4236 917 4305 gentibus,
951 4236 1301 4306 impositione
1347 4250 1542 4289 manus
1598 4244 1654 4289 et

95 4310 395 4364 exorcismis
418 4318 549 4362 ante
579 4324 610 4361 a
645 4310 888 4360 daemone
916 4315 1282 4376 purgatur-.et
1316 4306 1651 4376 apertiouem

95 4380 289 4432 aurium
319 4380 578 4448 percipit,
626 4386 684 4431 ut
733 4377 866 4448 lideig
893 4375 1088 4448 capere
1119 4376 1292 4445 possit
1330 4375 1595 4448 auditum.
1627 4392 1649 4426 ι

96 4450 176 4501 Sic
204 4445 360 4503 etiam
401 4445 742 4503 in'sertnone
769 4446 911 4502 £05:
956 4463 974 4497 ι
1000 4445 1243 4516 Namque
1292 4455 1353 4499 ut
1400 4446 1655 4516 incurvus

93 4522 317 4585 peccatis
339 4519 565 4587 gentilis
594 4517 842 4586 erigatur
870 4518 939 4570 ad
968 4514 1193 4581 caelum,
1224 4516 1375 4585 prius
1410 4530 1440 4568 a
1466 4514 1654 4587 gentili

93 4569 619 4657 ᾗέῖίίιιῇοξῖίίὸὶὶέηἱ
632 4569 899 4640 infantium
915 4569 922 4570 ί
936 4569 1420 4657 ueq'uatn'spiritus
1461 4569 1661 4654 ἔίῐιιεα-
1686 4569 1736 4630 ί)

96 4669 191 4715 tur.
217 4677 239 4711 ι
276 4655 371 4714 llis
416 4658 795 4728 adjungendus
841 4667 923 4711 est
947 4655 1201 4728 Symeon_
1227 4655 1657 4728 Metaphrastes,

92 4730 173 4797 qui
208 4730 261 4783 in
290 4732 442 4784 Actis
483 4726 803 4798 sanctorum
855 4740 1155 4798 martyrum
1184 4726 1330 4782 Indis
1358 4736 1413 4782 et
1440 4726 1661 4781 Damna:

92 4796 156 4851 ita
172 4802 362 4855 scribit
388 4802 456 4856 de
482 4798 560 4869 Cy
571 4798 690 4869 rilto
710 4796 1013 4869 episcopo;
1028 4816 1047 4849 ι
1075 4796 1168 4852 ille
1188 4809 1368 4853 autem
1393 4811 1517 4852 cum
1546 4811 1662 4852 mo-

93 4871 270 4926 derate
296 4872 512 4925 divinas
532 4867 599 4923 ei
614 4869 918 4922 cecinisset
947 4868 1277 4937 Scriptores,
1309 4878 1365 4922 et
1393 4881 1659 4923 veneran-

93 4942 151 4992 da
181 4941 381 4995 Christi
408 4954 575 4995 cruce
599 4953 720 4992 eam
753 4938 1114 5007 obsignasset,
1147 4948 1274 4993 tunc
1291 4939 1507 5008 quidem
1537 4951 1658 5008 eam

92 5008 215 5065 fecit
251 5012 735 5066 catechumenam.
761 5025 780 5058 ι
818 5008 1063 5076 Denique
1089 5007 1388 5063 Marcus’in
1417 5008 1555 5062 libro
1583 5007 1661 5060 De

92 5084 191 5134 vita
221 5081 509 5150 Porphyrii
541 5077 866 5134 Gazensium
913 5079 1140 5147 episcopi
1172 5094 1192 5133 .°
1227 5097 1245 5130 ι
1276 5079 1370 5133 Die
1412 5077 1660 5150 sequenti

94 5147 343 5219 parentes
358 5147 611 5206 mulieris
630 5161 686 5204 et
714 5150 932 5218 cognati
960 5160 1153 5204 euntes
1176 5152 1243 5204 ad
1277 5150 1493 5203 beatum
1522 5147 1658 5219 Por-

94 5216 355 5294 phyrium,
377 5220 740 5294 prociderunt
767 5216 836 5273 ad
859 5222 976 5288 ejus
1003 5223 1191 5290 pedes,
1218 5229 1469 5294 petentes
1501 5216 1662 5272 Chri-

94 5289 544 5364 sti‘signaculum.
579 5289 780 5346 Beatus
823 5289 1110 5364 ferocum
1154 5305 1250 5364 eos
1284 5290 1571 5357 signasset,
1608 5294 1663 5364 et

95 5359 304 5418 iecisset
328 5363 779 5425 catechumenos,
805 5360 1013 5415 dimisit
1040 5360 1160 5415 illos
1204 5362 1256 5414 in
1287 5373 1438 5429 pace,
1470 5359 1659 5428 praeci-

92 5434 238 5500 piens
265 5435 346 5490 eis
398 5443 459 5488 ut
511 5440 772 5486 vacarent
831 5441 1034 5485 sanctae
1074 5430 1333 5501 ecclesiae.
1399 5429 1464 5482 Et
1496 5430 1658 5501 paulo

95 5498 203 5570 post
230 5521 352 5559 cum
382 5520 479 5559 eos
507 5501 785 5558 catechesi
817 5502 1160 5565 instituisset,
1186 5500 1502 5569 baptizavit.
1532 5516 1552 5550 ι
1582 5498 1660 5551 Ex

96 5578 171 5645 his
200 5585 349 5645 patet
371 5577 803 5645 catechumenos
835 5572 1452 5645 nonaliteuquamgper
1481 5571 1656 5645 impo-

91 5640 332 5700 sitio'nem
365 5658 565 5699 manus
590 5642 719 5696 olim
752 5642 807 5695 in
844 5640 1085 5696 Ecclesia
1119 5640 1291 5694 factos
1325 5641 1508 5695 fuisse.
1528 5640 1661 5693 Cum

95 5716 249 5783 igitur
280 5714 676 5771 Constantinus
706 5720 836 5767 tunc
869 5712 1106 5782 primum
1150 5726 1345 5766 manus
1370 5710 1665 5780 impositio—

96 5782 207 5839 nem
243 5788 297 5841 in
332 5785 572 5842 ecclesia
598 5784 874 5852 accepisse
906 5782 1140 5846 dicatur,
1171 5791 1380 5836 constat
1412 5794 1536 5852 eum
1567 5794 1665 5852 ca-

97 5851 474 5915 techumeuum
507 5849 774 5925 ,uoudum
823 5851 1011 5911 fuisse.
1059 5852 1169 5908 Sed
1217 5852 1361 5911 dicet
1415 5849 1660 5923 aliquis:

1760 1928 2088 1982 Christianis
2127 1928 2375 1992 ediderit,
2412 1938 2491 1982 tot
2525 1930 2786 1983 ecclesias
2819 1929 3173 1991 exstruxerit,
3202 1943 3337 1995 gen-

1761 1997 1887 2052 tiles
1910 2001 1977 2051 ad
2008 1996 2409 2065 suscipiendam
2444 2001 2600 2053 fidem
2642 1999 2843 2053 Christi
2873 1999 3126 2052 omnibus
3160 1998 3337 2051 modis

1757 2067 2092 2131 incitaverit,
2136 2075 2192 2121 et
2248 2067 2533 2122 haereticos
2565 2084 2629 2123 ac
2677 2067 3058 2123 schismaticos
3096 2065 3337 2121 basilicis

1757 2138 1871 2194 suis
1899 2135 2255 2205 spoliaverit?
2288 2135 2448 2192 Certe
2493 2139 2748 2192 omnibus
2775 2137 3067 2192 Christiani
3102 2136 3338 2192 hominis

1756 2206 1946 2262 ofﬁciis
1992 2220 2113 2261 eum
2150 2205 2492 2275 perfunctum
2529 2206 2695 2261 fuisse
2752 2218 2982 2261 testatur
3034 2207 3325 2265 Eusebius.

1758 2277 1893 2332 Nam
1955 2285 2009 2329 et
2060 2276 2297 2347 jejuniis
2340 2287 2501 2347 atque
2543 2278 2879 2332 orationibus
2934 2292 3081 2347 eum
3111 2290 3336 2330 vacasse

1758 2347 1974 2418 scribit,
2007 2355 2063 2400 et
2096 2345 2425 2401 Dominicos'
2454 2349 2568 2401 dies
2610 2362 2672 2401 ac
2720 2358 3019 2418 martyrum
3060 2345 3328 2418 festa_ce-

1758 2417 2033 2483 lebrasse;
2068 2427 2417 2485 pernoctasse
2437 2418 2599 2471 etiam
2630 2419 2683 2470 in
2715 2415 2913 2485 vigiliis
2939 2416 3179 2469 Paschaz.
3208 2415 3331 2468 Haec

1757 2488 1937 2542 omnia
1991 2495 2046 2541 et
2095 2486 2262 2540 multo
2318 2488 2492 2541 adhuc
2522 2488 2675 2557 plura
2705 2503 2824 2554 qua:
2855 2485 3037 2539 all'erri
3069 2496 3321 2557 possent,

1757 2557 2172 2612 Constantinum
2201 2558 2455 2625 gentilem
2488 2556 2596 2611 non
2625 2557 2792 2611 fuisse
2820 2557 3186 2619 convincunt;
3233 2556 3330 2609 sed

1757 2628 2011 2682 eumdem
2040 2628 2488 2681 catechumenum
2531 2626 2701 2681 fuisse
2745 2643 2851 2683 non
2888 2634 3141 2695 arguunt.
3171 2625 3334 2679 Certe

1758 2698 1812 2751 in
1849 2697 1935 2752 his
1987 2706 2220 2767 quatuor
2254 2697 2473 2751 Eusebii
2522 2698 2697 2761 libris,
2752 2694 3333 2767 quibuleoﬁnstautini

1757 2768 1933 2836 pietas
1980 2764 2035 2821 εἰ
2084 2766 2273 2835 religio
2300 2767 2630 2833 celebratur,
2659 2782 2928 2834 nusquam
2972 2765 3173 2834 legitur
3196 2764 3339 2836 Con-

1758 2834 2058 2892 stantinum
2091 2838 2143 2889 in
2194 2834 2425 2890 ecclesia
2478 2851 2605 2891 cum
2655 2837 2877 2905 reliquis
2923 2834 3336 2891 catechumenis

1757 2921 1952 2975 preces
1987 2906 2207 2970 fecisse,
2239 2921 2342 2960 nec
2384 2916 2786 2960 sacramentum
2816 2905 3331 2975 catechumenorum

1755 2971 2078 3046 percepisse.
2108 2975 2351 3043 Cumque
2374 2976 2439 3029 de
2474 2976 2677 3046 Helena
2721 2978 2963 3046 Augusta
2996 2982 3167 3027 matre
3195 2971 3331 3046 imp.

1755 3043 2096 3101 Constantini
2138 3047 2190 3101 id
2217 3046 2419 3099 diserte
2477 3044 2708 3099 aﬂirmet
2762 3043 3051 3107 Eusebius,
3106 3057 3226 3097 eam
3277 3043 3333 3096 in

1756 3117 1988 3171 ecclesia
2010 3131 2133 3170 etim
2170 3116 2396 3179 reliquis
2426 3116 2741 3169 mulieribus
2798 3114 3135 3180 constitisse;
3196 3128 3334 3165 nun-

1681 3208 1724 3265 c
1757 3196 2136 3265 quamdamen
2178 3186 2649 3265 de_Con_st_antin‘o
2683 3186 2825 3238 idetn
2848 3183 2928 3265 ab
2980 3185 3073 3265 illo
3101 3181 3330 3265 _dictutu

1759 3252 2021 3310 invenias.
2056 3255 2209 3321 Quod
2227 3255 2272 3309 si
2302 3255 2550 3324 obiicias,
2581 3256 2993 3309 Constantinum
3018 3252 3333 3321 Helenopoii

1757 3326 1808 3379 in
1841 3337 2139 3396 martyrum
2184 3325 2384 3393 templo
2420 3326 2752 3379 diversatum
2783 3327 2984 3387 fuisse,
3027 3335 3081 3379 et
3136 3336 3331 3396 preces

1757 3398 1826 3449 ad
1864 3392 2028 3448 Deum
2063 3395 2266 3448 fudisse
2286 3392 2309 3457 ,7
2335 3397 2570 3464 primum
2597 3396 2895 3463 respondeo
2924 3396 3105 3448 hmcin
3130 3392 3332 3464 nostris

1755 3465 2035 3520 codicibus
2058 3482 2163 3518 non
2193 3462 2409 3534 legifut
2435 3466 2592 3532 paulo
2608 3462 2765 3518 antea
2793 3465 3101 3519 observavi.
3126 3462 3331 3517 Deinde

1756 3536 2021 3591 ecclesias
2044 3536 2250 3602 ingredi
2286 3535 2484 3590 licebat
2530 3536 2696 3589 etiam
2750 3535 3064 3603 gentilibus,
3100 3540 3331 3601 excepto

1756 3606 2048 3676 missarum
2075 3612 2574 3676 tempore:quanto
2605 3606 2775 3673 magis
2806 3606 2859 3659 id
2892 3605 3046 3676 licuit
3095 3604 3332 3676 impera-

1758 3675 1880 3739 tori,
1906 3676 1998 3743 qui
2026 3688 2085 3729 se
2121 3673 2477 3730 christianum
2531 3676 2909 3745 proﬁtebatur.
2963 3675 3100 3729 Cum
3163 3673 3335 3742 igitur

1760 3744 2024 3815 Eusebius
2054 3745 2142 3800 hic
2164 3754 2350 3815 aperte
2379 3744 2591 3812 doceat,
2631 3746 3071 3815 Constantinum
3093 3745 3329 3813 primum

1757 3813 2072 3884 Helenopoli
2097 3813 2289 3886 mauus
2306 3817 2703 3886 impositionem
2727 3829 2759 3869 a
2790 3814 3160 3872 sacerdotibus
3176 3827 3336 3868 acces-

1756 3888 1923 3956 pisse,
1951 3886 2108 3955 plane
2140 3884 2397 3949 eilicitur,
2436 3886 2585 3940 illum
2628 3894 2755 3940 ante
2808 3886 2912 3942 hoc
2946 3895 3158 3956 tempus
3187 3894 3337 3956 cate-

1758 3950 2088 4011 cltutuenum
2152 3970 2259 4010 tten
2307 3956 2494 4011 fuisse.
2538 3955 2666 4011 Scio
2710 3950 3072 4011 Athanasium
3114 3955 3168 4009 in
3206 3950 3333 4008 Vita

1758 4026 1931 4081 sancti
1951 4026 2193 4092 Antonii,
2229 4026 2319 4080 ubi
2347 4027 2414 4081 de
2444 4026 2639 4081 litteris
2662 4041 2692 4078 a
2715 4026 3072 4081 Constantino
3099 4026 3165 4081 ad
3214 4025 3332 4076 Ait-

1759 4097 1965 4166 tonium
1993 4098 2210 4166 scriptis
2239 4096 2495 4165 loquitur,
2538 4105 2593 4151 et
2625 4099 2983 4165 Augustinum
3021 4095 3073 4148 in
3102 4094 3332 4166 epistola

1759 4165 1864 4221 162
1893 4178 1949 4220 et
1981 4163 2116 4229 H56,
2135 4163 2549 4221 Constantinum
2573 4163 2868 4221 Christiani
2891 4165 3151 4235 principis
3173 4163 3333 4235 titulo

1760 4236 2023 4291 olfecisse.
2057 4238 2162 4290 Sed
2191 4237 2505 4305 responderi
2541 4246 2737 4303 potest,
2772 4250 2868 4290 eos
2894 4232 3011 4289 ’bac
3046 4236 3100 4287 in
3130 4248 3187 4287 re
3216 4232 3335 4286 vul-

1760 4316 1943 4376 gatam
1979 4308 2220 4376 omnium
2253 4305 2564 4376 opinionem
2600 4319 2665 4360 ac
2691 4306 2890 4376 fumant
2920 4314 3140 4376 secutos
3162 4317 3285 4357 esse
3311 4317 3327 4354 :

1758 4368 1810 4427 Et
1839 4375 2255 4427 CouStautinum
2293 4368 2469 4439 palam
2498 4370 2871 4422 Christianum
2904 4368 3201 4435 principem
3234 4382 3333 4434 ap-

1796 4444 2007 4507 ellasse,
2037 4458 2142 4497 non
2168 4438 2309 4511 quod
2335 4441 2662 4496 Christianae
2690 4439 2813 4511 fidei
2841 4438 3201 4511 sacramentis
3234 4439 3331 4511 ad-

1799 4530 1866 4567 uc
1911 4515 2157 4567 initiatus
2186 4506 2358 4578 esset,
2389 4513 2480 4567 sed
2514 4511 2642 4579 quia
2690 4509 3014 4579 Christiana;
3051 4506 3330 4575 religionis

1757 4585 1972 4657 cultum
1990 4594 2174 4657 aperte
2200 4576 2571 4654 profitebatur.
2601 4579 2719 4633 Alia
2752 4576 3159 4657 quoquedlonge
3185 4590 3327 4657 ,δι-οῖ

1756 4656 1876 4709 vior
1924 4643 2160 4723 objéctio
2201 4643 2467 4709 adversus
2506 4660 2746 4725 nostram
2770 4643 3106 4725 sententiam
3138 4643 3327 4725 ἐφ’θηί

1757 4734 1939 4795 potest
1961 4714 2029 4779 ei
2053 4740 2174 4792 cap.
2204 4725 2387 4779 521ib.
2415 4740 2452 4779 ι.
2486 4721 2644 4791 cujus
2671 4716 3071 4795 hieesttitulns

1757 4786 2086 4867 Ξιατηχηθεὶς
2125 4786 2532 4867 ’Κωνσταντίνος
2550 4786 2699 4867 ,‘etc.
2748 4789 2822 4841 Ex
2856 4800 2982 4867 .quo
3030 4786 3327 4867 colligitur,

1754 4857 2173 4921 Constantinum
2197 4866 2381 4918 statim
2405 4872 2527 4931 post
2548 4862 2692 4915 illam
2721 4858 2902 4931 crucis
2925 4857 2978 4931 in
3002 4857 3142 4912 cmlo
3170 4857 3333 4931 visio-

1762 4952 1884 4991 nem
1915 4938 2118 4991 lactum
2177 4950 2300 4991 esse
2353 4924 2823 4989 catecliuitiettuttt.
2872 4930 2978 4983 Sed
3036 4924 3338 4996 respondeo

1763 5008 1954 5061 titulos
1981 5007 2115 5061 istos
2145 5022 2251 5062 non
2284 5005 2354 5059 ab
2385 5005 2622 5059 Eusebio
2652 5000 2981 5070 compositos
3017 4994 3203 5059 fuisse,
3236 4994 3334 5050 sed

1763 5079 1832 5131 ab
1862 5079 2164 5131 recentiore
2195 5076 2397 5144 aliquo,
2443 5084 2500 5127 ut
2546 5087 2708 5141 supra
2740 5072 3179 5144 demonstratum
3201 5074 3331 5144 ‘est.

1764 5148 1983 5219 Deinde
2014 5134 2348 5219 κατηχηθέίς
2383 5134 2471 5199 ’ὶιιί
2518 5134 2749 5219 sun-titur
2782 5155 2902 5219 _pro
2925 5134 3332 5219 ὕμαθητευθείς.

1761 5218 1922 5272 Certe
1946 5212 2231 5272 Eusebius
2262 5221 2313 5271 in
2368 5226 2481 5270 toto
2530 5213 2622 5267 illo
2674 5212 2868 5282 capite
2917 5212 3332 5268 Constantinum

1765 5289 2441 5359 catechumenumfactum
2476 5298 2595 5340 esse
2628 5281 2931 5359 uendicit,
2985 5282 3080 5359 sed
3110 5287 3331 5359 tantum

1766 5360 2048 5430 episcopos
2080 5360 2146 5413 ab
2174 5358 2266 5413 illo
2288 5364 2571 5430 evocatos,
2610 5354 2874 5407 rationem
2917 5351 3158 5430 coalestis
3190 5348 3333 5430 illius

1766 5421 1991 5485 visionis
2016 5430 2064 5484 ei
2115 5428 2438 5498 aperuisse:
2489 5427 2661 5494 ipsum
2708 5438 2838 5498 vero
2869 5424 3064 5478 exinde
3115 5421 3333 5474 lectioni

1763 5515 2041 5555 sacrorum
2076 5494 2407 5551 voluminum
2432 5509 2652 5565 operam
2686 5494 2919 5565 dedisse.

1835 5570 1947 5640 (ὃὸ)
1990 5569 2114 5640 Τῶν
2139 5568 2238 5622 διὰ
2276 5558 2667 5640 χιςιροθὶεσίας⁸
2682 5562 2908 5640 coxam.
2945 5561 3136 5640 Sic‘in
3173 5558 3333 5640 Ιίδκι

1766 5628 2021 5696 Historiae
2054 5628 2469 5705 Ecclesiditicw,
2498 5628 2736 5707 cap—13,
2763 5628 2928 5706 ξὺχὰς
2962 5652 3024 5688 τε
3042 5633 3131 5689 διὰ
3153 5628 3338 5703 χειρὸς

1763 5710 1964 5768 λαϐὼν.
1999 5713 2080 5765 Ad
2112 5725 2271 5780 quem
2302 5710 2477 5764 locum
2517 5710 2637 5763 vide
2668 5723 2789 5778 qua:
2835 5707 3113 5780 adamavi.
3158 5708 3338 5780 Augu-

1764 5786 1941 5840 stinus
1967 5783 2019 5836 in
2055 5769 2147 5838 lib:
2180 5795 2220 5837 ιι
2255 5780 2327 5835 De
2360 5769 2703 5851 peccatorum-
2722 5778 3061 5851 remissione,
3089 5784 3211 5848 cap.
3237 5769 3335 5838 26,

1765 5863 1923 5912 vocat
1954 5853 2253 5911 orationem
2286 5849 2475 5910 manus
2506 5849 2889 5922 impositiouis.
