3884 6496
125 399 245 459 1247

1197 400 1286 456 DE
1329 399 1487 454 VITA
1526 399 1992 459 CONSTANTINI
2030 405 2159 463 LIB.
2202 407 2296 463 IV.

3239 423 3378 481 19.18

122 535 290 594 μενος,
326 519 593 589 ⁴ιιγάλλετο
633 519 712 590 τῷ
744 518 1014 590 πνεύματι
1048 517 1158 590 (6i)
1186 557 1202 582 ,
1250 516 1597 571 ἁνεκαινοῦτό
1627 535 1657 570 τ

1794 520 1999 576 riorum
2029 525 2349 595 participem
2370 541 2490 584 eum
2510 529 2713 586 fecere.
2740 529 2900 588 Solus
2920 533 3087 605 igitur
3101 551 3166 591 ex
3196 542 3377 594 omni-

118 611 198 663 καὶ
228 609 402 678 φωτὸς
446 608 817 680 ἐνεπίμπλατο
859 609 1030 672 θείου,
1066 610 1273 680 χαίρων
1316 609 1412 678 μὲν
1441 610 1507 678 τῇ
1535 606 1684 679 ψυχῇ

115 701 172 755 δι’
195 700 496 772 ὑπερϐολὴν
527 701 780 764 πίστεως,
816 700 876 753 τὸ
911 699 952 752 δ’
982 700 1210 770 ἐναργὲς
1245 698 1689 769 καταπεπληγὼς

114 793 202 863 τῆς
238 792 418 846 ἐνθέου
462 792 764 863 δυνάμεως.
804 792 897 855 ’Ὡς
938 791 982 844 δ’
1017 790 1318 862 ἐπληροῦτο
1360 789 1430 844 τὰ
1475 791 1685 853 δέοντα,

114 883 365 955 λαμπροῖς
412 884 510 936 καὶ
564 882 862 952 βασιλικοῖς
907 881 1261 954 ἅμφιάσμασι
1308 882 1455 953 (62),
1506 884 1687 952 φωτὸς

104 976 434 1046 ,ἐκλάμπουσι
494 976 716 1046 τρόπον,
767 974 1149 1046 περιεϐάλλετο
1171 1015 1186 1039 ,
1240 977 1332 1029 ἐπὶ
1382 976 1686 1050 λευκοτάτη

111 1087 165 1124 τε
206 1070 460 1139 στρωμνῇ
511 1067 898 1132 διανεπαύετο,
943 1068 1041 1120 οὐκ
1089 1066 1167 1120 ἔθ’
1202 1068 1516 1140 ἁλουργίδος
1561 1071 1684 1123 ἐπι·-

109 1161 296 1231 ψαῦσαι
324 1161 582 1232 θελήσας.

1791 611 1893 667 bus
1905 614 1994 681 qui
2018 630 2254 685 unquam
2275 615 2499 673 fuerunt
2517 619 2940 690 imperatoribus
2957 621 3376 695 Constantinus,

1790 704 1846 758 in
1874 705 2076 762 Christi
2110 709 2389 780 martyriis
2432 722 2654 768 renatus
2701 724 2758 768 et
2793 729 3203 776 consummatus
3236 732 3321 778 est
3354 743 3372 779 .-

1789 807 1844 850 et
1879 799 2067 856 divino
2087 799 2323 856 donatus
2362 803 2660 872 signaculo,
2686 808 2977 863 exsultavit
3026 811 3374 880 spiritus,re—

1793 899 2127 960 novatusque
2150 902 2256 959 est,
2287 909 2352 948 ac
2385 894 2570 949 divina
2599 897 2720 953 luce
2756 901 3016 969 repletus.
3069 905 3136 958 Et
3187 907 3372 964 animo

1789 981 2005 1049 quidem
2035 984 2327 1039 maximam
2362 987 2610 1056 capiebat
2642 991 2971 1060 voluptatem
3000 995 3070 1049 ob
3116 997 3238 1051 ﬁdei
3273 1013 3370 1053 ex-

1788 1073 2098 1130 cellentiam
2123 1093 2137 1140 ;
2166 1077 2630 1136 evidentissimam
2671 1092 2849 1138 autem
2884 1085 3083 1142 divina:
3109 1091 3369 1156 potentiae

1787 1167 2214 1229 magnitudinem
2291 1171 2560 1228 attonitus
2634 1174 2962 1232 mirabatur.
3071 1179 3367 1250 Postquam

109 1259 272 1312 omnia
301 1257 407 1312 rite
437 1257 658 1326 impleta
694 1265 841 1318 sunt.
874 1255 1127 1312 candidis
1175 1271 1242 1312 ac
1296 1257 1460 1328 regiis
1490 1260 1731 1316 vestibus
1790 1261 1932 1318 lucis
1979 1261 2155 1318 instar
2188 1265 2525 1324 radiantibus
2572 1277 2657 1324 est
2707 1271 2960 1339 amictus,
2989 1283 3045 1329 et
3091 1277 3366 1334 candidis-

107 1353 229 1407 simo
275 1351 328 1406 in
376 1350 524 1406 lecto
556 1351 839 1414 recubuit,
864 1365 967 1406 nec
993 1365 1292 1420 purpuram
1325 1354 1643 1422 contingere
1670 1357 1903 1428 amplius
1929 1356 2126 1412 voluit.

610 1442 1009 1498 ΚΕΦΑΛΑΙΟΝ
1043 1443 1162 1499 ΞΡ.

171 1537 232 1591 Τὸ
263 1534 530 1604 λουτρὸν
563 1535 784 1601 λαϐὼν,
816 1535 976 1602 ὅπως
1007 1537 1260 1606 ἀνύμνει
1290 1537 1400 1591 τὸν
1432 1540 1600 1594 Θεόν.

165 1636 407 1692 Κᾶπειτα
429 1635 530 1704 τὴν
561 1635 740 1707 φωνὴν
771 1633 1079 1705 ἀνυψώσας,
1106 1636 1521 1708 εὐχαριστήριον
1549 1635 1673 1692 ἀνέ-

103 1746 274 1800 πεμπε
322 1727 402 1798 τῷ
431 1726 556 1796 Θεῷ
593 1727 906 1798 προσευχήν
933 1741 948 1754 ⁸
997 1725 1117 1796 μεθ’
1146 1727 1213 1797 ἢν
1249 1728 1424 1798 ἐπῆγε
1457 1728 1632 1797 λέγων
1656 1747 1668 1758 ·

107 1821 252 1874 «Νῦν
289 1820 484 1892 ἀληθεῖ
511 1819 658 1890 λόγῳ
691 1819 960 1890 μακάριον
998 1815 1094 1871 οἷδ’
1124 1821 1359 1891 ἐμαυτὸν
1379 1860 1393 1883 ,
1428 1821 1524 1874 νῦν
1570 1823 1670 1892 τῆς

2325 1451 2577 1510 CAPUT
2614 1453 2791 1510 LXIII.

1925 1542 2207 1609 Quomodo
2251 1552 2366 1612 post
2407 1545 2719 1613 baptismum
2759 1547 2927 1603 Deum
2963 1550 3218 1606 laudavit.

1851 1635 2098 1690 Posthaec
2128 1634 2337 1690 sublata
2367 1637 2529 1692 altius
2553 1653 2708 1703 voce,
2739 1641 3128 1706 precabundus
3155 1644 3363 1714 gratias

1781 1727 1893 1795 egit
1941 1725 2071 1792 Deo,
2108 1736 2164 1782 ct
2197 1725 2349 1782 ﬁnita
2385 1730 2698 1796 precatione
2735 1733 2846 1786 haec
2884 1732 3184 1802 subjecitu
3209 1735 3363 1792 Nunc
3403 1805 3406 1808 ξ

1792 1832 1876 1872 me
1905 1831 2092 1872 revera
2125 1817 2345 1872 beatum
2379 1832 2499 1873 esse
2525 1857 2539 1882 ,
2599 1835 2741 1874 nunc
2784 1822 3078 1877 immortali
3139 1825 3250 1878 vita
3279 1825 3363 1880 di-
3395 1859 3400 1900 τ

100 1913 346 1967 ἀθανάτου
372 1911 524 1983 ζωῆς
559 1911 832 1981 πεφάνθαι
863 1908 1143 1976 ἄξιον,νῧν
1174 1911 1269 1966 τοῦ
1311 1912 1452 1967 θείου
1490 1931 1660 1984 μετει-

1781 1923 1987 1979 gnum,
2041 1923 2188 1963 nunc
2217 1909 2414 1963 divina:
2453 1920 2758 1980 compotem
2810 1911 2946 1967 lucis
2992 1914 3194 1969 factum
3240 1925 3398 1972 esse‘

100 2005 307 2076 ληφέναι
334 2004 515 2075 φωτὸς
536 2003 877 2058 πεπίστευκα
901 2004 1034 2076 (65).
1064 2023 1082 2056 t
1128 2004 1288 2058 Ἀλλὰ
1313 2005 1409 2060 καὶ
1439 2005 1673 2070 τάλανας

105 2139 538 2213 τελείωσιςηθιο.
576 2138 784 2213 Quibus
803 2140 864 2213 in
908 2140 1041 2213 locis
1081 2139 1154 2213 P._
1186 2139 1432 2213 Nannius
1461 2157 1673 2213 semper

100 2212 248 2264 vertit
291 2211 676 2263 initiationem.
710 2209 813 2278 sed
842 2219 896 2263 et
929 2209 1226 2278 Gregorius
1253 2210 1388 2265 Naz.
1448 2213 1500 2266 in
1542 2209 1669 2268 ora-

101 2280 231 2334 tione
277 2281 452 2350 prima
499 2289 684 2350 contra
730 2277 1064 2350 lulianum,"
1089 2279 1420 2350 baptismum
1478 2284 1666 2338 eodem

98 2349 342 2440 vocabulo
380 2349 620 2434 appellat
649 2365 663 2404 :
697 2349 899 2440 Αὲμσιτι
917 2351 1023 2434 μὲν
1048 2349 1312 2440 obtusis:
1354 2352 1422 2440 ,τὸ
1444 2351 1669 2440 λουτρὸν

95 2419 510 2492 ἀπορῤῥπτεται,
560 2419 625 2492 τῇ
661 2419 974 2492 καθ’ᾐήμᾶς
1007 2419 1297 2492 τελειῴσει
1317 2423 1416 2492 τὴν
1450 2419 1668 2478 τελείω-

95 2508 168 2544 σιν
189 2488 279 2542 τοῦ
311 2491 522 2561 μύσους
551 2488 876 2561 ἀντιτιθᾴςέ
894 2489 1132 2560 Denique
1157 2488 1406 2546 Clemens
1433 2494 1663 2548 Alexan-

95 2559 408 2622 drinuspin
471 2560 612 2630 libro
658 2575 682 2630 _l
745 2559 1058 2630 Pwdagogi,
1117 2562 1443 2630 baptismum
1497 2565 1667 2621 variis

97 2633 386 2705 nominibus
404 2627 670 2705 appellari
686 2629 886 2705 scribit
903 2647 915 2682 ε
935 2627 1370 2705 interdumenim
1387 2633 1664 2705 χάρισμα,

94 2700 344 2772 interdum
377 2698 639 2768 φώτισμα
667 2699 805 2768 dici,
840 2699 1002 2772 modo
1029 2700 1272 2772 λουτρόν.
1309 2698 1508 2757 Deinde
1531 2698 1666 2759 can;

96 2785 196 2824 sam
229 2771 890 2842 subiungitcurvoeetur
932 2771 1132 2842 τέλειον
1158 2788 1172 2801 ο
1209 2771 1432 2836 τέλειον,
1467 2775 1662 2842 inquit,

95 2842 307 2914 dicimus
343 2842 409 2914 id
439 2840 528 2895 cui
558 2839 692 2914 nihil
727 2841 898 2914 deest.
935 2841 1074 2914 Quid
1107 2857 1270 2908 porro
1295 2845 1449 2897 deest
1475 2839 1662 2914 illiqui

95 2911 243 2966 Deum
288 2912 463 2975 novit,
499 2920 556 2965 et
599 2911 695 2981 qui
744 2911 975 2981 gratiam
1026 2911 1122 2966 Dei
1167 2914 1427 2981 possidet,
1475 2924 1530 2968 et
1555 2911 1664 2969 vita

90 2981 188 3044 jam
223 2981 422 3035 fruitur
458 2976 704 3034 acterna?
730 2976 807 3034 Ex
850 2995 957 3048 quo
987 2982 1057 3035 ita
1089 2976 1359 3036 concludit
1391 2983 1661 3049 Clemens,

94 3065 263 3106 omnes
295 3053 392 3121 qui
425 3051 481 3106 in
519 3049 1208 3121 Christumcrediderunt.
1245 3061 1299 3121 et
1327 3067 1486 3107 sacro
1518 3054 1664 3108 lava-

94 3134 172 3174 cro
197 3118 351 3176 tincti
383 3129 536 3180 sunt,
565 3118 672 3185 iam
700 3120 972 3189 perfectos
999 3136 1156 3176 esse:
1185 3119 1342 3174 Οὓτω
1363 3121 1424 3174 τὸ
1443 3125 1664 3178 πιστεῦ-

91 3205 163 3266 σαι
193 3192 485 3266 μόνον-καὶ
501 3189 951 3266 ἀναγεννηθῆνσιι,
975 3191 1499 3266 τ-ελείῳσίςὲὲστιν
1526 3193 1657 3266 ζωῇ.

1775 2014 2065 2070 cognosco.
2097 2019 2117 2052 ι
2144 1999 2375 2058 Miseros
2403 2016 2621 2072 quoque
2651 2004 2970 2060 etinfelices
3004 2020 3128 2061 esse
3157 2007 3360 2074 aiebat,

1771 2134 1940 2212 vitate
1973 2133 2334 2191 concluditur.
2373 2139 2434 2212 Et
2467 2139 2585 2192 ideo
2631 2139 2792 2194 hodie
2829 2143 3224 2212 neophytorum
3263 2145 3361 2199 ha-

1773 2204 1917 2280 bitus
1949 2220 2075 2280 _com
2090 2216 2332 2280 mutatur
2361 2226 2374 2260 :
2406 2211 2476 2263 ita
2515 2220 2693 2262 tamen
2732 2221 2787 2261 ut
2819 2204 3025 2266 candor
3049 2215 3139 2280 qui
3170 2215 3236 2267 de
3266 2216 3362 2269 ha-

1771 2273 1884 2328 bitu
1930 2275 2241 2346 deponitur,
2295 2293 2509 2346 semper
2555 2281 2607 2332 in
2662 2281 2826 2334 corde
2855 2273 3122 2336 teneatur.
3158 2302 3176 2333 ι
3210 2283 3356 2340 Idem

1771 2341 2259 2423 testa-tur’Bedajn
2292 2341 2532 2423 libro__De
2573 2350 2772 2418 oﬁ'iciis.
2807 2368 2825 2400 ι
2863 2353 3299 2423 Septuagesima,
3329 2378 3348 2406 ο

1771 2414 1964 2488 inquit,
2001 2415 2221 2488 (tendit
2255 2419 2323 2488 ad
2362 2414 2645 2472 sabbatum
2688 2429 2814 2473 ante
2855 2414 3354 2488 oct'avas'Paschie,

1769 2485 1988 2558 quando
2043 2485 2096 2538 hi
2130 2485 2222 2558 qui
2255 2487 2305 2539 in
2336 2489 2520 2557 vigilia
2560 2488 2783 2542 Pascha:
2809 2490 3175 2558 baptizantur,
3233 2485 3352 2550 alba

1767 2555 2107 2630 vestimenta
2144 2555 2436 2630 deponunt.
2474 2576 2493 2610 ι
2534 2558 2674 2630 Quae
2692 2561 2859 2630 verba
2880 2555 3348 2630 'leguntur'etiam

1769 2623 1822 2676 in
1843 2624 2043 2681 Ordine
2070 2622 2336 2682 Romano.
2364 2629 2418 2682 In
2450 2622 2634 2682 vetere
2666 2629 2808 2683 libro
2838 2622 3145 2685 Pontiﬁcali
3178 2633 3354 2688 Serio-

1769 2695 1955 2748 nensis
2003 2695 2262 2774 Ecclesia:
2319 2709 2443 2751 ante
2478 2710 2998 2774 _sexcentos-anu_os
3052 2704 3353 2774 descripto,

1767 2774 1946 2818 exstat
1991 2767 2252 2842 solemnis
2285 2769 2527 2835 precatio
2575 2784 2736 2842 quam
2787 2768 3022 2842 faciebat
3065 2767 3352 2842 episcopus

1767 2849 1932 2912 super
1955 2835 2258 2912 neophytis,
2291 2845 2418 2891 tunc
2447 2853 2570 2912 cum
2592 2835 2756 2892 Valbas
2779 2835 3132 2912 deponerent,
3186 2835 3350 2912 quam

1769 2903 1856 2956 hic
1893 2903 2168 2960 ascribere
2197 2922 2375 2976 operae
2403 2911 2634 2976 pretium
2666 2903 2869 2975 putavi.

1765 2988 2086 3028 BENEDICTIO
2143 2989 2195 3030 IN
2260 2992 2494 3031 SABBATO
2555 2992 2764 3040 QUANDO
2823 2994 2987 3033 ALBAS
3043 2996 3347 3041 DEPONUNT.

1835 3044 2002 3107 Deus,
2029 3046 2118 3113 qui
2151 3046 2366 3099 calcatis
2397 3048 2596 3116 inferni
2623 3049 2822 3115 legibus
2854 3050 3213 3114 captivitatem
3246 3071 3346 3108 na-

1764 3124 1930 3186 stram
1959 3116 2189 3186 resoluta
2245 3124 2554 3171 catenarum
2582 3134 2828 3186 compage
2884 3120 3129 3186 dignatus
3179 3139 3233 3176 es
3275 3127 3345 3178 ad

1766 3184 2021 3256 libertatis
2045 3187 2266 3256 praemia
2295 3203 2552 3248 revocare,
2578 3184 2848 3255 ipse'vobis
2876 3184 3084 3256 private!
3109 3192 3184 3244 ita
3205 3193 3343 3249 hanc

89 3243 490 3328 Apuh‘L'a'uiios
537 3243 769 3329 quoque.
794 3243 1025 3329 perfecti
1060 3243 1660 3318 ὲιιιιείιὲιηιιιίέοῦἔιῗέ

1769 3255 1949 3329 vitam
1975 3243 2289 3329 transigere,
2335 3265 2393 3307 ut
2426 3243 2681 3329 iu_illitm
2720 3243 3021 3325 perpeiuam
3073 3243 3345 3325 ipso

92 3339 186 3395 tur,
233 3334 329 3401 qui
377 3331 712 3401 baptismum
762 3341 1138 3400 susceperant,
1205 3333 1422 3387 tametsi
1469 3350 1660 3389 manus

95 3402 486 3470 impositionem
541 3401 899 3472 abrepiscopo
950 3417 1055 3455 non
1097 3404 1454 3472 accepissent.
1492 3403 1660 3458 Vetus

90 3482 264 3527 auctor
314 3473 390 3525 De
449 3471 726 3542 haereticis
779 3486 885 3524 non
937 3471 1341 3542 rebaptizandis
1393 3484 1459 3526 τι
1505 3474 1658 3540 Quod

91 3542 337 3598 hodierna
371 3555 597 3612 quoque
630 3540 723 3612 die
747 3556 850 3595 non
883 3540 1336 3610 potest'dubitari
1381 3557 1502 3598 esse
1548 3546 1659 3598 usi-

89 3620 256 3684 tatum,
295 3623 354 3668 et
377 3611 603 3667 evenire
630 3611 844 3664 solitum
882 3620 936 3684 ut
968 3612 1210 3684 plerique
1244 3622 1362 3682 post
1392 3614 1658 3682 baptisma

85 3681 185 3734 sine
210 3684 566 3753 impositione
596 3680 1053 3753 manusepiscopi
1107 3680 1173 3737 de
1206 3680 1402 3738 saeculo
1429 3680 1656 3750 exeant;

85 3751 325 3808 ettamen
364 3767 468 3822 pro
495 3751 754 3822 perfectis
787 3751 1036 3808 ﬁdelibus
1068 3755 1357 3808 habentur.
1403 3773 1421 3806 ι
1462 3755 1529 3808 Et
1568 3755 1662 3807 ite-

88 3836 186 3893 rum
224 3821 382 3878 infra
415 3837 541 3892 pag.
584 3821 686 3893 155
756 3821 1014 3893 editionis
1072 3824 1314 3892 ltigaltii,
1358 3823 1656 3893 perfectura

83 3888 447 3947 Christianum
479 3888 767 3964 ponitmpro
787 3889 927 3964 ﬁdeii
958 3908 974 3946 :
1006 3888 1378 3963 imperfectum
1405 3909 1531 3947 vero
1560 3909 1660 3964 pro

87 3960 520 4032 ratecbumeno':
557 3978 576 4012 ι
621 3961 685 4032 Et
719 3960 842 4032 ideo
893 3960 1160 4032 integrum
1203 3978 1268 4016 ac
1298 3960 1578 4018 sincerum
1605 3975 1659 4017 et

85 4030 567 4086 iucontaminatum
593 4040 649 4084 et
674 4029 990 4101 inviolatum
1012 4029 1309 4101 utrumque
1342 4035 1500 4088 debet
1524 4049 1657 4088 con-

84 4101 256 4172 sistere
295 4099 803 4172 conlitenti,nullo
845 4101 1054 4156 delectu
1105 4099 1289 4156 habito
1318 4103 1489 4172 ipsius
1525 4119 1656 4158 con-

85 4167 306 4237 fessoris,
353 4174 471 4226 sive
503 4172 594 4225 ille
623 4171 822 4241 justus,
867 4173 982 4224 sive
1020 4183 1298 4239 peccator;
1336 4167 1658 4240 'perfectus-

83 4252 172 4305 que
211 4244 574 4306 Christianus,
614 4257 680 4295 an
723 4257 852 4297 vero
899 4243 1060 4295 etiam
1095 4256 1237 4295 nunc
1282 4243 1655 4310 imperfectus,

82 4311 159 4375 qui
188 4327 406 4367 summo
446 4313 761 4367 discrimine
789 4326 889 4366 suo
930 4311 1217 4366 Dominum
1248 4314 1495 4366 conﬁteri
1546 4329 1654 4367 non

85 4384 260 4439 timuit.
306 4404 328 4435 ›

142 4449 242 4520 (61)
284 4450 627 4522 Ἡγάλνῑετο
656 4451 738 4518 τῷ
763 4453 1073 4520 πνεύματι.
1117 4449 1270 4516 Quod
1296 4451 1570 4520 plerisque
1601 4453 1653 4508 in

84 4515 197 4574 locis
224 4515 390 4592 hujus
422 4521 608 4592 Operis
638 4515 1036 4590 accidisse'jam
1070 4515 1273 4582 monui,
1297 4515 1356 4574 in
1385 4515 1652 4591 hoc—quo—

1763 3325 1976 3390 possitis
2008 3326 2226 3398 intrare.
2256 3325 2440 3398 Amen.
2475 3325 2704 3379 Tantum
2738 3331 2962 3394 pra'beat
2996 3329 3137 3383 vobis
3168 3332 3344 3398 [ert-o-

1765 3409 1872 3445 rem
1926 3394 2198 3447 catholica:
2239 3396 2399 3463 fidei,
2444 3407 2500 3448 ut
2541 3398 2711 3448 sancti
2753 3397 3004 3451 adventus
3040 3394 3184 3453 illius
3226 3405 3344 3456 sitis

1761 3465 2147 3536 exspectatione
2173 3467 2362 3536 securi.
2395 3467 2580 3518 Amen.
2614 3465 2679 3518 Ut
2707 3469 2998 3536 quicunque
3025 3470 3108 3522 Itic
3133 3487 3342 3526 merue-

1763 3535 2136 3604 i'unt_purgari
2181 3535 2322 3587 unda
2356 3535 2618 3602 baptismi,
2671 3537 2743 3588 ibi
2791 3535 3104 3604 praesentari
3133 3542 3341 3597 valeant

1761 3605 1846 3670 pio
1869 3601 2051 3656 Iudici
2080 3605 2375 3662 candidati.
2404 3607 2589 3661 Amen.

1832 3672 2007 3746 Porro
2039 3675 2294 3746 neophyti
2323 3688 2448 3746 octo
2476 3676 2598 3730 illos
2627 3691 2654 3728 a
2686 3676 2956 3746 baptismo
2981 3678 3096 3734 dies
3126 3695 3342 3740 summa

1760 3757 1885 3822 cum
1914 3743 2175 3813 religione
2204 3743 2556 3822 celebrabant
2585 3763 2596 3798 ε
2641 3747 2716 3822 ita
2745 3743 2925 3822 titgper
2954 3764 3047 3802 eos
3081 3750 3216 3822 dies,
3247 3756 3342 3822 qui

1761 3814 1926 3866 etiam
1958 3825 2166 3890 octava:
2197 3815 2722 3890 dicebantur,_nefas
2744 3814 3008 3890 haberent
3032 3821 3176 3874 nudo
3201 3814 3341 3890 pede

1765 3892 1961 3960 terram
1994 3885 2328 3960 contingere,
2354 3895 2414 3960 u_t
2439 3887 2630 3940 scribit
2658 3888 2990 3960 Augustinus
3026 3891 3077 3942 in
3114 3885 3342 3960 epistola

1762 3952 1865 4031 μθ
1893 3955 1959 4031 ad
1991 3952 2329 4031 Januarium.
2366 3957 2556 4031 Sedet
2589 3952 2808 4031 pereos
2831 3959 3124 4031 diesgnndo
3145 3952 3342 4031 'capite

1761 4023 2015 4098 incedere
2044 4025 2326 4098 solebant,
2346 4028 2490 4098 quod
2520 4023 2640 4080 erat
2665 4028 2876 4098 signum
2911 4029 3198 4085 libertatis.
3232 4023 3342 4086 Au-

1758 4095 2009 4162 gustinus
2029 4108 2278 4148 sermone
2301 4095 2334 4148 4
2353 4098 2403 4148 in
2425 4097 2703 4151 itomiuica
2721 4095 3050 4152 'octavarum
3075 4099 3297 4157 Pascha:
3319 4121 3335 4159 :

1765 4180 1784 4212 ι
1822 4162 1996 4217 Hodie
2022 4175 2227 4220 octavae
2252 4165 2506 4220 dicuntur
2534 4167 2818 4220 infantium
2857 4184 2870 4218 :
2904 4169 3184 4222 revelanda
3212 4183 3338 4228 sunt

1758 4235 1932 4299 capita
1963 4249 2170 4299 eorum,
2213 4237 2356 4304 quod
2399 4246 2481 4290 est
2528 4237 2785 4290 indicium
2834 4237 3119 4291 libertatis.
3161 4240 3337 4297 Ilabet

1759 4305 1901 4356 enim
1931 4304 2235 4358 libertatem
2267 4307 2368 4358 ista
2398 4306 2656 4374 spiritalis
2693 4307 2966 4368 nativitas,
3004 4326 3020 4357 ι
3055 4318 3159 4362 etc.
3194 4312 3338 4364 Con-

1763 4382 1840 4425 tra
1867 4374 2241 4428 catechumeni
2275 4376 2430 4429 tectis
2461 4375 2728 4443 capitibus
2763 4391 2858 4442 per
2881 4375 3150 4443 publicum
3183 4380 3335 4435 incc-

1758 4443 1978 4514 debaut,
2034 4452 2380 4514 cum_typum
2429 4455 2682 4513 gererent
2724 4446 2852 4498 Adae
2889 4462 2918 4496 a
2952 4449 3206 4512 paradiso
3241 4465 3333 4504 ex-

1761 4512 1935 4588 pulsi,
1957 4523 2018 4566 ut
2063 4516 2138 4588 ait
2169 4511 2401 4567 Junilius
2430 4511 2705 4588 iuglibqt.
2733 4529 2854 4588 cap.
2897 4511 2984 4588 16.
3033 4517 3184 4581 Quod
3210 4523 3332 4588 qui-

80 4602 172 4660 que
201 4583 508 4646 admissum
537 4590 704 4645 fuisse
741 4583 1004 4660 suspicor,
1048 4603 1104 4644 ut
1130 4592 1295 4645 verba
1324 4583 1652 4658 transposita

1769 4583 1879 4634 dem
1905 4583 1971 4660 de
1999 4584 2129 4637 solis
2153 4586 2600 4660 competentibus
2618 4584 3016 4660 intelligendum
3036 4601 3176 4660 puto
3194 4629 3207 4652 ,
3226 4583 3330 4660 qui

82 4655 285 4730 fuerint.
318 4666 419 4716 Sic
448 4661 615 4730 igitur
641 4655 918 4729 legendum
944 4676 1060 4716 esse
1086 4655 1650 4730 οχίδιίιιιοεὴγὰλλετο,

79 4727 423 4785 ἀνεκαινοῦτό
463 4727 522 4783 τε
548 4729 628 4799 τῷ
659 4727 951 4800 πνεύματι.
982 4731 1186 4784 Alludit
1217 4733 1362 4784 enim
1388 4727 1457 4784 ad
1504 4734 1652 4786 illum

81 4810 276 4854 versum
323 4801 605 4857 notissimi
645 4802 836 4869 psalmi
879 4817 907 4854 ι,
945 4819 957 4853 :
998 4800 1101 4853 Cor
1140 4803 1392 4854 mundum
1422 4818 1544 4854 crea
1597 4805 1653 4855 in

81 4871 377 4938 me,Deus,
428 4883 472 4922 et
498 4870 745 4938 spiritum
790 4880 987 4922 rectum
1036 4872 1224 4923 iituova
1272 4873 1328 4923 in
1369 4872 1652 4925 visceribus

81 4942 215 4992 meis.
264 4941 445 4996 Porro
480 4957 557 5010 es
597 4941 701 5010 hoc
742 4939 959 5010 Eusebii
1016 4939 1133 4994 loco
1197 4940 1465 5010 colligitur
1510 4943 1653 4995 (Jon-

82 5011 365 5065 stantinum
411 5025 517 5065 non
548 5009 602 5064 in
638 5009 776 5063 lecto
805 5008 1108 5078 perfusum.
1145 5019 1202 5062 ut
1223 5008 1350 5078 aegri
1382 5011 1647 5076 solebant,

81 5080 162 5132 sed
214 5082 264 5134 in
315 5081 554 5136 ecclesia
612 5079 940 5148 baptismum
994 5080 1314 5148 percepisse.
1376 5081 1466 5132 Ait
1504 5084 1650 5135 enim

82 5148 346 5221 busebius,
395 5153 510 5210 τοῖς
558 5148 812 5221 Χριστοῦᾼ
825 5150 1143 5221 μαρτυρίοις
1189 5148 1647 5218 ἀναγεννώμενος.

82 5214 186 5272 Mox
219 5223 410 5276 scribo
442 5235 508 5274 ex
562 5214 748 5272 codice
778 5214 987 5274 Fuketii
1009 5214 1085 5274 ἐι
1130 5214 1400 5274 veteribus
1434 5214 1650 5274 schedis

80 5291 235 5355 φωτὸς
265 5289 667 5360 ἐνεπίμπλατο.

139 5360 244 5431 (62)
272 5358 656 5430 Λαμπζροῖς...
681 5358 1087 5431 κάμφιάσμασι.
1134 5359 1330 5431 Notum
1361 5367 1452 5431 est
1483 5360 1649 5415 moris

77 5426 190 5482 olim
219 5426 414 5494 fuisse,
448 5426 510 5482 ut
541 5426 792 5500 ncephyti
822 5426 1068 5484 candidis
1092 5430 1331 5500 vestibus
1358 5427 1648 5500 indueren-

80 5503 174 5558 tur,
207 5516 342 5568 quas
373 5511 577 5554 octavo
621 5497 836 5555 demum
873 5501 959 5555 die
986 5499 1350 5568 depouebant.
1378 5498 1525 5552 Zeno
1548 5497 1648 5554 Ve-

83 5567 318 5640 ronensis
345 5573 401 5624 in
432 5583 689 5624 sermone
715 5571 748 5624 5
773 5570 840 5623 ad
875 5569 1171 5640 neophytos
1200 5586 1214 5622 :
1255 5585 1272 5618 ι
1306 5567 1520 5622 Primus
1551 5583 1646 5625 vos

78 5637 156 5703 qui
179 5640 232 5692 in
265 5655 326 5694 se
353 5641 671 5694 credentem
706 5640 956 5708 reprobat
985 5637 1208 5702 nullum,
1237 5653 1343 5692 non
1383 5640 1523 5708 aries
1553 5641 1645 5696 sed

78 5721 234 5774 agnus
257 5711 479 5778 excepit
517 5726 532 5761 :
569 5712 660 5776 qui
700 5707 933 5764 vestram
975 5709 1270 5778 nuditatem
1317 5707 1532 5764 velleris
1561 5711 1642 5763 sui

78 5779 220 5848 niveo
245 5777 496 5833 candere
524 5781 757 5848 vestivit.
781 5798 800 5830 ι
831 5777 1160 5848 Augustinus
1183 5780 1236 5834 in
1267 5793 1519 5833 sermone
1542 5780 1642 5834 157

80 5844 138 5900 de
167 5857 412 5922 tempore
449 5868 462 5904 :
505 5866 524 5900 ι
558 5846 835 5906 Paschalis
859 5844 1173 5908 soiemuitas
1206 5850 1460 5907 hodierna
1490 5849 1641 5906 fesu-

1758 4665 1864 4722 non
1895 4654 2068 4706 solum
2094 4663 2272 4722 caput,
2307 4668 2491 4708 verum
2531 4654 2694 4709 etiam
2735 4656 2938 4709 vultum
2968 4654 3330 4719 velabantfut

1756 4721 1911 4776 docet
1957 4721 2188 4792 Cyrillus
2236 4723 2504 4779 Ilierosol.
2548 4726 2601 4777 in
2651 4727 2824 4792 prima
2871 4727 3161 4780 catechesi.
3211 4727 3327 4786 Hoc

1755 4801 1935 4846 autem
1973 4792 2214 4846 velamen
2256 4794 2388 4862 ipsis
2431 4794 2777 4848 auferebatur
2823 4795 2878 4864 in
2911 4795 3202 4864 baptismo.
3241 4801 3327 4854 vel

1753 4871 1904 4934 certe
1933 4872 2127 4934 octavo
2168 4874 2288 4934 post
2319 4865 2648 4934 baptismum
2687 4865 2793 4918 die.
2828 4863 2940 4918 Hoc
2971 4863 3115 4918 enim
3146 4870 3326 4933 potius

1753 4931 1984 4986 inuuunt
2014 4933 2302 5001 Augustini
2347 4931 2508 4989 verba
2555 4934 2712 5000 paulo
2745 4943 2868 4986 ante
2909 4949 2939 4986 a
2992 4931 3326 4991 nobis—com-

1753 5012 2070 5058 memorata.
2103 5005 2244 5074 Idem
2277 5019 2492 5074 quoque
2517 5003 2805 5074 conﬁrm_at
2835 5002 3153 5061 Theodorus
3179 5008 3323 5063 Can-

1754 5073 2041 5126 tuariensis
2091 5073 2375 5141 episc0pus
2403 5072 2488 5128 'in
2538 5074 2674 5127 libro
2724 5072 3093 5128 Paenitentiali
3138 5089 3159 5128 :
3207 5098 3223 5129 ι
3263 5077 3323 5133 In

1750 5141 2138 5195 monachorum
2167 5145 2511 5198 ordinatione
2544 5143 2712 5197 abbas
2741 5145 2902 5197 debet
2943 5146 3163 5199 missam
3191 5163 3322 5202 can-

1753 5220 1888 5275 tare,
1915 5223 1969 5264 et
2005 5221 2119 5286 tres
2152 5214 2427 5286 orationes
2473 5212 2748 5280 complere
2787 5227 2950 5282 super
2978 5225 3140 5283 caput
3166 5220 3318 5286 ejus.

1749 5287 1804 5351 et
1833 5290 2036 5350 septem
2070 5283 2184 5351 dies
2212 5284 2353 5336 velet
2374 5293 2535 5351 caput
2557 5297 2710 5348 ejus;
2741 5285 2970 5351 septimo
2998 5285 3086 5338 die
3117 5283 3321 5342 abstol-

1749 5348 1824 5426 lat
1853 5348 2116 5426 velamen.
2163 5350 2313 5426 Sicut
2349 5355 2399 5406 in
2443 5348 2720 5426 baptismo
2766 5348 3048 5426 presbyter
3083 5359 3320 5426 septimo

1749 5419 1838 5472 die
1881 5421 2124 5476 velamen
2174 5421 2438 5476 infantum
2483 5423 2624 5476 tollit
2657 5438 2672 5477 :
2709 5419 2782 5476 ita
2839 5433 2892 5476 et
2928 5419 3105 5478 'abbas
3144 5419 3319 5481 'debet

1748 5492 2036 5564 monacho,
2073 5491 2197 5559 quia
2229 5495 2502 5548 secundus
2529 5495 2828 5561 haptismus
2856 5502 2940 5546 est
2983 5493 3140 5561 juxta
3164 5497 3316 5564 judio

1746 5561 1888 5632 cium
1931 5561 2185 5628 Patrum;
2237 5572 2292 5615 et
2319 5564 2497 5617 omnia
2530 5574 2752 5632 peccata
2792 5564 3143 5620 dimittuntur
3167 5561 3319 5621 'sicut

1747 5629 1799 5682 in
1826 5633 2109 5700 baptismo.
2142 5649 2160 5682 ι

1815 5699 1928 5774 (65)
1991 5699 2552 5771 Πεφάνθαιᾶξιον...
2595 5702 3006 5774 Δπεπίστευκα.
3058 5703 3314 5761 Ultlmam

1744 5772 1936 5832 vocem
1967 5774 2292 5843 addiderunt
2331 5772 2649 5843 typograpbi
2675 5772 3021 5829 Geneveuses
3047 5791 3114 5830 ex
3159 5778 3314 5832 libris

1746 5844 2011 5915 Scaligeri
2031 5851 2086 5899 et
2121 5839 2437 5913 Bougarsii;
2464 5839 2634 5914 Quam
2663 5844 2828 5901 etiam
2868 5849 2923 5901 iu
2961 5845 3143 5902 Horati
3173 5848 3316 5904 libro
