3884 6498
595 399 736 456 1219
779 403 786 409 ⁷

1339 391 1609 451 EUSEBII
1644 387 2118 462 CAESARIENSIS
2154 385 2305 444 OPP.
2343 384 2527 441 PARS
2564 386 2606 440 l.
2644 415 2715 426 -—
2750 383 3141 441 HISTORICA.

3694 393 3799 446 li!le

594 515 685 584 qui
730 512 898 568 tantis
942 509 1101 566 bouis
1131 507 1500 579 privarentur.
1565 505 1810 574 Cumque
1862 504 2066 558 tribuni
2110 516 2160 556 at

2275 498 2560 561 ἀπεκάλει,
2593 496 2807 561 ἀθλίους
2838 493 2978 551 εἶναι
3002 497 3174 565 λέγων
3194 539 3210 563 ,
3243 498 3375 562 τοὺς
3397 497 3560 553 τῶνδε
3582 500 3675 555 τῶν
3698 504 3802 572 ἁγα-

595 608 759 659 duces
778 602 1100 665 .militarinm
1124 601 1404 669 cepiarum
1430 596 1767 667 introgressi,
1816 595 1991 650 vicem
2013 608 2164 648 suam

594 698 839 753 doiereut
871 696 1015 764 quod
1045 694 1211 748 orbos
1258 692 1404 761 ipsos
1448 689 1803 759 relinqueret,
1857 695 1912 741 et
1957 687 2167 755 longio-

594 802 708 841 rem
743 785 843 855 ipsi
875 785 1040 839 vitam
1075 789 1562 853 comprecarentur
1582 817 1598 843 ,
1636 781 1722 835 his
1749 780 1915 835 etiam
1941 792 2169 845 respon-

590 876 743 940 dens,
777 889 921 929 nunc
954 874 1169 929 demum
1202 884 1387 926 veram
1428 883 1488 921 se
1539 870 1704 923 vitam
1764 869 2019 936 adeptum
2049 880 2169 921 esse

590 966 748 1028 dixit,
792 979 957 1034 seque
1000 979 1167 1018 unum
1197 963 1405 1033 optime
1437 974 1618 1024 nosse,
1645 968 1971 1029 quantorum
2000 959 2169 1012 bono-

588 1073 710 1113 rum
732 1057 1004 1126 particeps
1044 1054 1222 1110 factus
1247 1054 1459 1109 fuisset.
1491 1052 1725 1108 Proinde
1754 1063 2054 1121 properare
2088 1063 2167 1113 se,

588 1158 639 1204 et
681 1148 1071 1219 profectionem
1124 1148 1192 1201 ad
1227 1148 1395 1201 Deum
1440 1160 1595 1200 suum
1638 1143 1782 1197 nulla
1838 1142 2168 1211 tergiversa-

589 1242 737 1295 tione
786 1239 1027 1295 differre.
1077 1239 1303 1309 Singula
1365 1237 1564 1292 deinde
1636 1252 1735 1307 pro
1793 1233 2025 1290 arbitrio
2072 1248 2169 1288 suo

587 1332 883 1402 disposuit:
913 1344 975 1385 ac
1005 1322 1266 1384 Romanis
1292 1328 1515 1398 quidem
1565 1327 1770 1395 regiam
1796 1324 1986 1381 urbem
2019 1324 2171 1378 inco-

588 1424 823 1478 lentibus
844 1438 1023 1476 annua
1053 1423 1300 1491 quaedam
1331 1434 1557 1475 munera
1588 1415 1806 1488 legavit,
1842 1417 1956 1471 suis
1985 1424 2166 1469 autem

587 1514 774 1569 liberis
825 1514 1110 1581 imperium
1166 1512 1319 1566 velut
1356 1522 1639 1581 paternam
1678 1508 2048 1564 luereditatem
2081 1521 2170 1562 re-

586 1606 777 1675 liquit,
830 1614 1027 1660 cuncta
1060 1614 1225 1674 prout
1261 1605 1363 1673 ipsi
1392 1604 1700 1666 videbatur,
1736 1602 2097 1658 constituens.

1149 1783 1378 1842 CAPUT
1416 1784 1599 1841 LXIV.

585 1876 916 1933 Constantini
948 1891 1089 1932 utor:
1125 1879 1211 1932 die
1256 1878 1393 2000 festo
1435 1876 1789 1943 Ponti-costas,
1836 1878 1980 1933 circa
2019 1877 2176 1933 meri-

761 1979 765 1983 ~
1340 1965 1460 2000 tem.

761 1979 765 1983 ν
1300 1965 1460 2001 atem.

658 2037 835 2094 Porro
873 2038 991 2093 haec
1021 2039 1204 2092 omnia
1235 2040 1561 2108 gerebantur
1599 2040 1651 2092 in
1690 2040 1927 2093 maxima
1962 2038 2054 2093 illa
2086 2054 2174 2094 so-

586 2129 872 2197 lemnitate
906 2130 1230 2183 veneranda:
1274 2139 1327 2183 et
1364 2129 1751 2184 sacratissima
1781 2128 2169 2187 Pentecostes.

587 2232 707 2284 quae
741 2217 1053 2282 septenario
1074 2216 1477 2271 hebdomadum
1508 2232 1735 2273 numero
1758 2217 2033 2282 decorata,
2053 2217 2174 2271 uni-

588 2316 703 2361 tate
753 2306 1094 2376 obsignatur.
1152 2308 1210 2362 ln
1248 2323 1353 2378 qua
1397 2318 1455 2365 et
1503 2310 1811 2366 communis
1864 2310 2170 2366 Servatoris

588 2412 878 2452 ascensum
928 2399 982 2451 in
1040 2398 1233 2464 caelos,
1284 2409 1341 2455 et
1393 2401 1568 2455 sancti
1609 2400 1846 2470 Spiritus
1901 2402 1956 2456 iu
1998 2411 2172 2457 terras

586 2486 907 2541 descensum
938 2489 1238 2558 contigisse
1292 2504 1465 2546 sacra:
1518 2490 1740 2547 Litterae
1784 2500 2071 2548 testantur.
2112 2493 2169 2548 In

586 2590 648 2630 ea
688 2576 853 2643 igitur
891 2575 1240 2634 solemnitate
1276 2580 1573 2651 imperator
1615 2582 1731 2638 haec
1765 2598 1885 2652 qua:
1936 2583 2172 2640 diximus

587 2665 753 2738 559
780 2677 1124 2736 consecutus,
1154 2671 1342 2727 ultima
1372 2674 1589 2730 tandem
1621 2675 1731 2741 die,
1786 2692 1948 2746 quam
1979 2677 2023 2731 si
2051 2677 2172 2745 quis

584 2763 827 2817 omnium
858 2761 1214 2819 festivitatum
1246 2765 1537 2821 maximam
1556 2769 2168 2839 vocet,haudquaquam

586 2868 708 2908 meo
734 2853 945 2923 judicio
977 2856 1340 2923 aberraverit,
1394 2857 1539 2913 circa
1586 2858 1874 2912 meridiem
1915 2859 2171 2929 migravit

583 2945 653 2998 ad
691 2943 1014 3009 Dominum,
1048 2945 1367 3001 mortalibus
1394 2948 1612 3017 quidem
1644 2957 1857 3019 partem
1892 2949 1980 3004 sui
2022 2964 2170 3004 mor-

587 3033 751 3087 talem
785 3032 1130 3103 relinquens,
1171 3049 1291 3089 eam
1320 3050 1451 3091 vero
1476 3038 1672 3093 anima:
1702 3048 1914 3109 partem
1939 3050 2059 3108 qua:
2089 3038 2173 3092 in-

2271 589 2381 644 θῶν
2412 588 2822 661 στερουμένους.
2875 589 3026 642 Ἐπεὶ⁹
3049 589 3107 642 δὲ
3129 589 3239 642 τῶν
3269 591 3642 662 στρατοπέδων
3670 597 3711 648 οἱ
3732 613 3804 649 τα-

2270 680 2487 753 ξιάρχαι
2537 682 2633 736 καὶ
2677 681 3053 753 καθηγεμόνες
3085 680 3217 735 εἵσω
3251 682 3610 756 παρελθόντες
3632 687 3803 741 ἀπωδύ-

2271 792 2445 847 ροντο,
2480 776 2620 845 σφᾶς
2651 774 2848 837 αὐτοὺς
2886 774 3122 845 ἐρήμους
3152 773 3373 827 ἔσεσθαι
3414 774 3799 848 ἀποκλαιόμενοι,

2268 865 2567 936 ἐπηύχοντό
2597 883 2657 919 τε
2690 865 2838 937 ζωῆς
2877 866 3026 936 αύτῷ
3055 865 3281 937 χρόνους
3306 884 3320 897 ·
3355 866 3452 919 καὶ
3479 866 3677 929 τούτοις
3702 870 3799 922 ἀπο-

2269 958 2627 1028 κρινάμενος,
2672 957 2764 1011 νῦν
2806 956 2913 1026 ἐφη
2951 956 3050 1025 τῆς
3095 956 3329 1027 ἀληθοῦς
3376 955 3523 1027 ζωῆς
3566 957 3799 1027 ἠξιῶσθαι,

2274 1050 2434 1120 μόνον
2474 1052 2522 1103 τ’
2556 1051 2718 1104 αὑτὸν
2760 1048 2959 1102 εἰδέναι
2991 1043 3065 1103 ὧν
3111 1050 3439 1120 μετείληφεν
3478 1049 3707 1118 ἀγαθῶν·
3742 1054 3803 1105 διὸ

2272 1139 2366 1192 καὶ
2398 1139 2647 1191 σπεύδειν
2666 1179 2681 1203 ,
2716 1138 2837 1208 μηδ’
2865 1138 3259 1192 ἀναϐάλλεσθαι
3283 1139 3382 1211 τὴν
3407 1140 3545 1211 πρὸς
3568 1139 3649 1194 τὸν
3676 1142 3802 1195 αὑτοῦ

2271 1232 2401 1286 Θεὸν
2425 1231 2670 1301 πορείαν.
2697 1228 2806 1284 Εἶτ’
2832 1232 2924 1284 ἐν·τῖ⁹
2950 1230 3158 1296 τούτοις
3185 1231 3255 1284 τὰ
3282 1234 3624 1303 προσήκοντα
3643 1233 3805 1288 διετάτ·

2270 1342 2429 1377 τετοο
2476 1324 2568 1378 καὶ
2611 1324 2915 1395 Ῥωμαίους
2964 1323 3061 1395 μὲν
3098 1326 3225 1388 τοὺς
3269 1326 3369 1397 τὴν
3414 1324 3649 1394 βασιλίδα
3687 1329 3804 1379 πόλιν

2271 1414 2553 1479 οἰκοῦντας
2586 1416 2747 1486 ἐτίμα
2782 1416 2992 1468 δόσεσιν
3036 1415 3295 1486 ἐτησίοις,
3327 1418 3440 1480 τοῖς
3464 1418 3508 1470 δ’
3535 1418 3683 1471 αύτοῦ
3712 1437 3807 1471 παι-

2274 1505 2379 1569 σὶν,
2413 1504 2603 1577 ὥσπερ
2641 1504 2762 1558 τινὰ
2811 1505 3083 1577 πατρικὴν
3133 1503 3390 1577 ὓπαρξιν,
3442 1508 3532 1561 τὸν
3568 1510 3656 1581 τῆς
3692 1509 3807 1579 βασι-

2271 1598 2421 1663 λείας
2468 1597 2752 1669 παρεδίδου
2802 1596 3023 1669 κλῆρον,
3071 1598 3230 1654 πάνθ’
3258 1600 3361 1652 ὅσα
3401 1600 3531 1669 φίλα
3572 1596 3634 1672 ῆν
3675 1603 3806 1673 αὐτῷ,

2270 1690 2772 1761 διατυπωσάμενος.

2792 1780 3186 1836 ΚΕΦᾹΛΑΙΟΝ
3214 1779 3332 1835 ΞΝ.

2206 1848 2248 1904 Β
2303 1874 2760 1930 Κωνσταντίνου
2792 1872 3043 1939 τελευτὴ
3069 1875 3140 1926 ἐν
3168 1870 3245 1940 τῇ
3277 1868 3394 1941 τῆς
3414 1872 3794 1941 Πεντηκοστῆς

2749 1942 2944 2012 ἑορτῇ,
2975 1943 3369 2012 μεσημϐρίας.

2346 2038 2591 2093 Ἕκαστα
2624 2034 2681 2089 δέ
2712 2035 2917 2088 τούτων
2946 2035 3041 2089 ἐπὶ
3083 2035 3180 2105 τῆς
3223 2034 3492 2105 μεγίστης
3532 2034 3811 2088 συνετελεῖτο

2277 2130 2490 2203 ἑορτῆς,
2536 2129 2636 2199 τῆς
2670 2128 2732 2197 δὴ
2769 2126 3079 2182 πανσέπτου
3127 2124 3222 2180 κει.)¹
3270 2127 3546 2195 παναγίας
3588 2128 3810 2196 Πεντηκο-

2274 2222 2434 2291 στῆς,
2483 2220 2745 2291 ἑϐδομάσι
2792 2218 2891 2289 μὲν
2937 2218 3077 2272 ἐπτὰ
3122 2217 3539 2289 τετιμημένης,
3580 2216 3743 2287 μονάδι
3778 2215 3809 2268 δ’

2270 2310 2807 2384 ἐπισφραγιζομένης
2846 2308 2994 2380 (64),
3045 2308 3166 2363 καθ’
3210 2309 3279 2380 ἦν
3326 2308 3430 2380 τὴν
3475 2310 3554 2372 εἰς
3596 2308 3810 2379 οὐρανοὺς

2269 2402 2535 2473 ἀνάληψιν
2554 2399 2647 2454 τοῦ
2672 2397 2850 2452 κοινοῦ
2870 2398 3144 2468 Σωτῆρος,
3172 2400 3272 2470 τήν
3297 2414 3359 2451 τε
3393 2397 3488 2451 τοῦ
3513 2399 3658 2466 ἁγίου
3679 2395 3811 2449 Ilvati-

2273 2510 2441 2564 ματος
2468 2493 2547 2556 εἰς
2577 2489 2896 2562 ἀνθρώπους
2932 2489 3179 2557 κάθοδον,
3213 2489 3369 2560 λόγοι
3404 2490 3708 2561 γεγενῆσθαι
3736 2505 3810 2540 πει

2272 2585 2511 2659 ριέχουσι
2554 2582 2706 2637 θεῖοι.
2756 2583 2846 2637 Ἐν
2877 2582 2941 2654 δὴ
2982 2582 3154 2654 ταύτῃ
3193 2582 3405 2636 τούτοιν
3434 2582 3671 2649 ἀξιωθεὶς
3694 2582 3811 2651 βασι·

2270 2674 2394 2738 λεὺς
2416 2714 2432 2738 ,
2462 2675 2555 2727 ἐπὶ
2585 2674 2686 2744 τῆς
2720 2672 2958 2745 ὑστάτης
2996 2672 3227 2727 ἀπασῶν
3262 2672 3511 2744 ἡμέρας,
3544 2672 3607 2743 ἣν
3633 2673 3689 2743 δὴ
3717 2674 3811 2743 ἐορ-

2269 2766 2368 2837 τὴν
2401 2765 2603 2836 ἑορτῶν
2639 2765 2739 2817 οὐκ
2769 2764 2836 2818 ἄν
2866 2781 2951 2828 τις
2981 2763 3284 2835 διαμάρτοι,
3317 2763 3537 2827 καλῶν,
3575 2764 3705 2833 ἀμφὶ
3739 2778 3811 2833 με·

2272 2854 2581 2929 σημδρινὰς
2620 2856 2773 2927 ἡλίου
2808 2855 2987 2929 ὧρας,
3024 2855 3162 2927 πρὸς
3224 2854 3321 2908 τὸν
3362 2855 3528 2908 αὑτοῦ
3561 2855 3682 2907 θεὸν
3714 2855 3810 2907 ἁνε-

2269 2947 2593 3018 λαμόάνετο,
2621 2946 2832 3017 θνητοῖς
2860 2947 2959 3017 μὲν
2991 2947 3052 2999 τὺ
3086 2945 3352 3015 συγγενὲς
3383 2945 3653 3017 παραδοὺς
3679 2944 3808 3015 ἔχειν,

2269 3040 2429 3104 αὐτὸς
2469 3040 2513 3093 δ’
2538 3041 2661 3093 ὅσον
2702 3035 2770 3111 ἦν
2810 3038 2976 3092 αὑτοῦ
3025 3039 3126 3109 τῆς
3173 3039 3357 3110 ψυχῆς
3416 3039 3599 3109 νοερόν
3649 3055 3701 3091 τε
3741 3036 3809 3090 καὶ

584 3127 884 3199 telligentia
937 3136 992 3181 et
1056 3140 1244 3182 amore
1292 3128 1386 3183 Dei
1437 3130 1664 3198 prtedita
1732 3138 1881 3194 erat,
1925 3130 2034 3185 Deo
2070 3145 2160 3183 sua

2271 3128 2552 3196 φιλόθεον,
2598 3128 2676 3199 τῷ
2723 3127 2889 3181 αὐτοῦ
2927 3126 3046 3198 Θεῷ
3102 3129 3531 3198 συναπτόμενος.
3579 3128 3732 3180 Τοῦτο
3768 3124 3809 3177 τὸ

585 3194 940 3289 conjimgens.
984 3216 1086 3273 Hic
1117 3194 1476 3277 Constantino
1506 3223 1688 3277 exitus
1724 3223 1848 3277 vitae
1876 3220 1998 3276 fuit.
2059 3220 2160 3275 Sed

2270 3194 2418 3281 τέλος
2464 3221 2563 3289 τῆς
2603 3194 3030 3271 Κ-ωνσειταντίνου⁷
3054 3217 3237 3289 ζωῆςε
3283 3194 3424 3271 ἀλλὰ
3463 3217 3571 3289 γὰρ
3612 3215 3808 3286 ἐπίωμεν

583 3325 873 3382 pergamus
907 3311 974 3363 ad
1013 3308 1243 3377 reliqua.

1148 3398 1376 3455 CAPUT
1432 3398 1602 3454 LXV.

868 3492 1103 3546 Militum
1144 3503 1190 3547 et
1241 3494 1573 3545 tribunorum
1619 3490 1880 3560 planctus.

655 3582 723 3637 Et
758 3570 1099 3650 protectores
1124 3582 1345 3650 quidem
1377 3582 1665 3651 omnisque
1700 3583 2019 3650 stipatorum
2052 3592 2165 3636 tur—

582 3670 674 3739 ba,
704 3671 986 3727 confestim
1019 3672 1309 3741 discerptis
1340 3672 1583 3726 vestibus
1634 3688 1834 3741 pronos
1870 3687 1932 3727 se
1965 3673 2021 3726 in
2055 3684 2165 3728 ter-

585 3777 701 3815 ram
728 3762 1046 3833 abjicientes
1094 3772 1259 3833 caput
1311 3762 1429 3817 solo
1477 3762 1780 3828 illidebant,
1828 3761 2062 3831 eiulatus
2109 3774 2164 3818 et

584 3852 821 3908 lamenta
855 3869 979 3908 cum
1028 3854 1249 3923 planctu
1281 3865 1338 3910 et
1369 3855 1698 3909 clamoribus
1723 3856 1982 3921 edentes,
2011 3870 2164 3909 eum-

584 3959 693 4014 que
721 3943 1001 3999 dominum
1028 3955 1190 4014 atque
1224 3944 1629 4015 imperatorem,
1650 3960 1749 3999 nec
1770 3953 1829 3998 ut
1853 3943 2159 4008 dominum,

583 4036 679 4089 sed
722 4044 783 4088 ut
812 4044 1092 4104 parentem
1140 4034 1373 4103 piissimi
1417 4034 1572 4090 liberi
1614 4035 1988 4090 inclamantes.
2036 4034 2163 4089 Triw

581 4126 714 4181 huni
752 4141 881 4182 vero
935 4137 991 4181 et
1036 4128 1381 4183 centuriones
1438 4136 1769 4183 servatorem
1797 4167 1813 4194 ,
1874 4126 2159 4196 praesidem

579 4218 718 4273 bene
747 4220 1000 4274 meritum
1039 4220 1432 4290 praedicabant.
1459 4219 1679 4290 Reliqui
1730 4219 2006 4274 exercitus
2039 4229 2160 4274 tan-

579 4324 741 4379 quam
776 4323 968 4381 greges
1023 4309 1267 4378 quidam,
1317 4325 1441 4366 cum
1479 4311 1627 4366 omni
1674 4309 1942 4366 modestia
1972 4325 2040 4366 ac
2075 4326 2160 4367 re-

579 4402 825 4455 verentia
888 4402 1155 4470 Optimum
1204 4412 1479 4471 pastorem
1535 4400 1940 4458 desiderabant.
2000 4402 2161 4458 Plebs

577 4506 795 4561 quoque
821 4507 919 4561 per
945 4493 1255 4549 universam
1294 4494 1571 4548 civitatem
1605 4493 1967 4559 discurrebat,
2026 4495 2155 4549 iuti-

579 4597 728 4636 mum
763 4584 933 4637 animi
970 4585 1051 4638 sui
1105 4583 1347 4639 dolorem
1398 4583 1806 4661 vociferatione
1854 4591 1909 4639 et
1947 4584 2156 4642 clamo-

578 4674 732 4728 ribus
771 4675 983 4729 abunde
1033 4674 1372 4744 signiﬁcans.
1422 4673 1718 4746 Multi,er
1751 4676 1962 4742 dolore,
2012 4686 2154 4733 atto-

580 4765 708 4819 nitis
751 4765 956 4822 similes
997 4768 1357 4833 videbantur,
1423 4768 1653 4838 singulis
1689 4771 1831 4823 hanc
1877 4770 2153 4839 propriam

578 4958 843 5033 atljectam
870 4959 1071 5014 inveni.
1103 4961 1264 5033 Deest
1290 4970 1467 5016 tamen
1503 4962 1554 5033 in
1581 4963 1768 5033 (ἔνευσε
1817 4962 2011 5033 Regio,
2052 4981 2153 5021 nec

582 5028 733 5083 valde
757 5034 1060 5084 necessaria
1092 5031 1222 5085 mihi
1254 5033 1485 5086 videtur.
1512 5032 1565 5086 lu
1592 5031 1727 5087 Fuit.
1758 5028 1939 5087 anteiit
1966 5028 2154 5090 codice

577 5108 635 5153 et
657 5099 713 5152 itt
743 5098 895 5153 libris
926 5098 1163 5156 Turnebi
1204 5118 1268 5157 ac
1298 5100 1506 5166 Savilii,
1552 5105 1779 5159 verbum
1809 5104 2150 5159 πεπίστευκα

577 5168 797 5241 additur
824 5180 946 5236 post
971 5185 1159 5225 vocem
1196 5173 1394 5241 φωτός.
1426 5171 1616 5241 Itaque
1646 5189 1803 5229 error
1838 5185 1923 5230 est
1956 5185 2068 5230 tum
2098 5178 2149 5229 in

577 5238 723 5294 libro
752 5238 957 5305 blenni,
981 5251 1094 5293 tum
1127 5241 1179 5294 in
1203 5238 1439 5297 editione
1466 5238 1790 5298 Geuevensi.

647 5308 760 5381 (64)
784 5307 956 5383 Vulg._
966 5309 1244 5383 μονξάδιεθ
1271 5312 1859 5383 ἑπισφραγιζομένης.
1898 5313 2154 5371 Scriben-

576 5380 705 5455 dum
716 5388 800 5455 est
829 5380 1017 5455 μονάδι
1038 5381 1081 5433 δ’
1097 5380 1731 5455 ἐπισφραγιζομένης,ὐι
1748 5380 1801 5455 in
1818 5380 2030 5439 Scbedis
2050 5385 2150 5440 Re-

575 5451 677 5518 giis
692 5450 949 5524 habetur.
972 5450 1139 5506 Porro
1154 5466 1222 5506 ex
1240 5450 1481 5511 liocflocc
1502 5450 1745 5524 apparet,
1770 5453 2145 5511 Peutecostem

577 5521 716 5594 sumi
747 5536 852 5594 u_on
876 5522 1050 5594 solum
1072 5537 1170 5594 pro
1196 5524 1282 5577 die
1306 5524 1396 5578 illo
1423 5528 1513 5593 qui
1537 5521 1620 5579 est
1658 5526 2146 5594 quinquagesimus

577 5602 611 5641 δ
637 5589 1030 5664 die_Pascbali,
1073 5589 1173 5646 sed
1215 5595 1382 5647 etiam
1412 5589 1511 5664 p‘ro
1546 5589 1751 5663 septem
1791 5589 2144 5650 hebdomadis

577 5671 702 5734 quae
726 5657 930 5734 Pascha
954 5664 1374 5734 subsequuntur.
1407 5657 1482 5718 ita
1506 5657 1705 5733 passim
1738 5674 2003 5734 usurpant
2031 5676 2140 5719 tum

579 5726 913 5804 grtecintum
965 5726 1161 5804 l_._atini-.
1231 5726 1592 5804 Hieronymus
1640 5736 1695 5790 in
1768 5726 2041 5804 Epistolan
2076 5737 2145 5791 ad

580 5792 882 5851 Marcellam
915 5816 930 5855 :
966 5797 1089 5854 Non
1113 5818 1215 5869 quo
1233 5819 1324 5868 per
1348 5792 1513 5858 totum
1535 5821 1731 5860 annum
1761 5792 1976 5871 ex'cepta
2002 5802 2142 5861 Pen-

2266 3309 2360 3363 ἐπὶ
2387 3307 2455 3362 τὰ
2486 3308 2635 3379 ἑξῆς.

2550 3396 2567 3403 ’⁷
2789 3399 3186 3453 ΚΕΦΑΛΑΙΟΝ
3211 3397 3334 3453 ΞΕ’.

2456 3489 2836 3559 Στρατιωτῶν
2874 3491 2970 3544 καὶ
3018 3490 3363 3560 ταξιαρχῶν
3408 3490 3663 3560 ὀδιφμοί.

2335 3584 2633 3655 Δορυφόροι
2664 3586 2759 3653 μὲν
2794 3582 2990 3636 αὐτίκα
3028 3584 3123 3635 καὶ
3159 3584 3269 3636 πᾶν
3300 3584 3362 3637 τὸ
3391 3582 3500 3636 τῶν
3533 3594 3803 3653 σωματοφυ-

2263 3672 2445 3725 λάκων
2477 3672 2655 3740 γένος,
2687 3671 2920 3741 ἐσθῆτας
2954 3671 3446 3742 περιρῤηξάμενοι,
3483 3674 3616 3740 σφᾶς
3648 3686 3700 3721 τε
3727 3667 3802 3720 αὖ·

2263 3766 2388 3827 τοὺς
2423 3762 2678 3834 ῥίψαντες
2723 3762 2809 3814 ἐπ’
2851 3761 3110 3831 ἐδάφους,
3164 3762 3266 3826 τὰς
3309 3762 3552 3831 κεφαλὰς
3590 3762 3801 3831 ligasset,

2263 3856 2563 3921 κωκυτοὺς,
2609 3853 2791 3923 φωνὰς
2831 3853 2939 3924 (63)
2989 3855 3258 3923 οἰμωγαῖς
3306 3853 3356 3906 θ’
3403 3853 3520 3925 ἅμα
3560 3852 3644 3905 καὶ
3683 3849 3804 3920 βοαῖς

2262 3948 2544 4018 ἀφιέντες,
2592 3946 2683 3999 τὸν
2725 3944 3027 4015 δεσπότην,
3073 3944 3165 3998 τὸν
3206 3943 3433 4017 κύριον,
3474 3945 3563 3997 τὸν
3599 3938 3803 4012 βασιλέα,

2261 4042 2359 4111 οὐχ
2384 4035 2471 4093 οἷα
2501 4038 2786 4109 δεσπότην,
2819 4037 3031 4106 πατέρα
3062 4035 3107 4088 δ’
3132 4035 3346 4109 ὥσπερ,
3384 4036 3614 4106 γνησίων
3637 4031 3805 4085 παίδων

2260 4132 2436 4204 δίκην,
2465 4131 2893 4199 ἀνακαλούμενοι
2918 4145 2932 4159 ·
2969 4127 3255 4201 ταξίαρχοι
3279 4130 3339 4183 δὲ
3367 4129 3466 4183 καὶ
3493 4127 3711 4200 λοχαγοὶ,
3732 4123 3806 4176 τὸν

2264 4226 2515 4297 σωτῆρα,
2557 4224 2648 4278 τὸν
2691 4222 2908 4292 φύλακα
2931 4262 2945 4287 ,
2980 4221 3073 4276 τὸν
3106 4222 3407 4294 εὐεργέτην
3453 4218 3801 4275 ἀνεκαλοῦντο·

2260 4317 2328 4371 τά
2365 4334 2424 4369 τε
2453 4315 2616 4369 λοιπὰ
2648 4311 3015 4386 στρατιωτικά
3059 4314 3157 4366 σὺν
3188 4314 3356 4367 παντὶ
3394 4313 3581 4383 κόσμῳ
3605 4309 3674 4380 τῷ
3696 4305 3805 4377 πρέ-

2261 4424 2445 4471 ποντι,
2479 4401 2567 4459 οἷα
2606 4406 2664 4460 ἐν
2700 4405 2921 4474 ἀγέλαις
2947 4401 3039 4456 τὸν
3068 4403 3276 4472 ἀγαθὸν
3310 4403 3540 4457 ἐπόθουν
3574 4399 3800 4470 ποιμένα·

2261 4496 2423 4567 δῆμοι
2448 4495 2495 4549 θ’
2517 4494 2776 4558 ὡσαύτως
2806 4496 2904 4566 τὴν
2936 4493 3232 4566 σύμπασαν
3261 4492 3634 4562 περιενόστουν
3657 4488 3800 4547 saltv,

2260 4588 2321 4640 τὸ
2353 4587 2451 4657 τῆς
2484 4587 2664 4657 ψυχῆς
2698 4585 2989 4657 ἐνδόμυχον
3028 4586 3193 4653 ἀλγος
3238 4588 3511 4656 κραυγαῖς
3555 4584 3640 4637 καὶ
3677 4580 3800 4648 βεαῑς

2262 4677 2483 4750 ἔκδηλον
2518 4676 2858 4749 ποιούμενον
2895 4676 3041 4730 ἄλλοι
3084 4676 3143 4730 δέ
3179 4680 3449 4748 κατηφεῖς
3487 4671 3800 4743 ἐπτοημένας

2261 4770 2535 4840 ἐῴκεσαν,
2573 4768 2801 4822 ἐκάστου
2846 4768 2907 4820 τὸ
2949 4766 3143 4831 πένθος
3175 4767 3287 4839 (66)
3326 4768 3456 4821 ἴδιον
3499 4762 3797 4835 ποιουμένων

2260 4977 2450 5024 ιρεοειε
2472 4969 2720 5039 jejunum
2752 4984 2856 5022 non
2886 4968 3065 5023 liceat.
3090 4966 3252 5039 rHinc
3288 4968 3432 5039 apud
3488 4966 3795 5039 Gratcostts-

2259 5033 2662 5110 σοπεντηκόστή
2694 5038 2901 5110 dicitur
2934 5038 3049 5110 dies
3067 5038 3270 5110 festus,
3307 5033 3398 5107 qui
3431 5052 3514 5091 est
3548 5034 3796 5089 vicesimus

2256 5106 2490 5179 quintus
2514 5106 2716 5179 a_festo
2753 5106 3023 5179 Paschali.
3065 5107 3194 5174 Ejus
3226 5106 3349 5179 festi
3381 5111 3795 5179 praeteruCaele"?s

2253 5169 2503 5302 imminit
2541 5175 2788 5232 Joannes
2835 5169 3253 5247 Clirysostomus
3318 5169 3396 5230 in'
3422 5175 3627 5230 homilia
3671 5169 3698 5224 5
3733 5172 3795 5217 de

2307 5265 2433 5302 una.

2307 5265 2433 5303 una.

2324 5302 2432 5391 (65)
2458 5302 2796 5391 Κῳκὺτοὺς,
3098 5313 3300 5391 Ultima
3333 5309 3794 5391 τοι-ἀοιδιάειῇ

2255 5374 2470 5445 tametsi
2524 5390 2576 5441 in
2611 5374 2862 5442 omnibus
2913 5374 3066 5439 libris
3114 5385 3321 5439 nostris
3373 5385 3643 5438 habeatur.
3685 5374 3795 5428 Ilo:

2252 5457 2601 5513 scribendum
2632 5468 2716 5511 est
2750 5457 2839 5509 τὸν
2884 5453 3201 5526 εὐεργέτηνῇ
3228 5453 3601 5526 ἐπεκαλοῦντο,
3628 5463 3683 5503 ει
3703 5458 3787 5498 co-

2253 5531 2370 5583 dice
2397 5527 2535 5582 Fuk.
2567 5527 2620 5581 ln
2648 5527 2860 5580 schedis
2888 5521 3073 5592 Regiis
3102 5521 3300 5592 legitur
3327 5521 3693 5577 ἀπεκαλοῦντο.

2323 5598 2434 5671 (66)
2462 5598 2618 5671 Vulg.
2662 5594 2922 5671 eguing
2965 5611 3031 5671 τε
3070 5593 3685 5671 πέιςθοςιᾲδρτίυεηιιυηξ

2290 5657 2435 5722 1ιόευί
2480 5657 2641 5721 dubio
2691 5665 2920 5718 ἑκάστου
2972 5665 3033 5716 τὸ
3060 5657 3281 5726 πένθος⁷
3304 5664 3436 5716 ἴδιον
3486 5657 3785 5731 nemnem:

2297 5755 2326 5792 e
2375 5738 2587 5807 publico
2634 5738 2873 5790 omnium
2926 5733 3181 5807 luctuhiu
3244 5735 3443 5807 funere
3481 5732 3787 5807 petisti-nlla!

2249 5798 2424 5872 Magni
2461 5806 2600 5863 idem
2660 5812 2894 5861 testatur
2930 5803 3187 5859 Aurelius
3244 5802 3437 5859 Victor
3480 5803 3561 5857 his
3588 5798 3737 5853 verbis
3769 5807 3789 5843 ε
