3884 6482
150 384 274 442 test

1238 388 1328 444 DE
1366 388 1527 444 Vl'I'A
1564 386 2025 444 CONSTANTINI
2064 387 2192 443 LIB.
2232 387 2324 445 Ν.

3270 390 3412 446 19.ἓῆ

146 508 297 566 αὐτόν
324 526 388 562 τε
420 508 735 575 κόπτοντος,
760 508 958 564 ὡσανεὶ
982 511 1076 566 τοῦ
1102 512 1282 568 κοινοῦ
1311 512 1566 567 ἁπάντων
1592 512 1705 580 ἀγα⁴

1826 511 2192 568 calamitatem
2218 512 2617 583 reputantibus,
2646 522 2815 579 seque
2838 508 2984 579 ipsos
3002 506 3408 578 plangentibus,

145 600 230 660 θοῦ
255 602 356 673 τῆς
384 603 570 675 αὐτῶν
600 605 957 679 ἀφῃρημένου
990 607 1155 678 ζωῆς.

635 718 1034 773 ΚΕΦΑΛΑῘΟΝ
1083 716 1215 785 Ξςι.

166 806 549 877 κατακομιδὴ
587 807 694 862 τοῦ
730 808 1004 875 σκήνους
1039 807 1158 862 ἀπὸ
1185 805 1580 876 Νικομηδείας
1615 805 1686 861 ἐν

396 880 1032 932 Κωνσταντινουπόλει
1066 877 1136 932 ἐν
1171 877 1461 945 παλατίῳ.

202 990 473 1062 ’Δραντες
502 989 611 1043 δὀἱ
640 989 1017 1063 στρατιωτικοὶ
1037 987 1100 1043 τὸ
1131 990 1346 1061 σκῆνος,
1376 991 1549 1061 χρυσῇ
1583 1007 1718 1043 κατ-

140 1081 365 1135 ετίθεντο
405 1081 660 1151 λάρνακι.
728 1082 944 1151 Ταύτην
989 1081 1038 1133 θ’
1094 1081 1391 1152 ἁλουργικῇ
1441 1081 1718 1152 ἁλουργίδι

143 1172 243 1243 (67)
273 1174 654 1245 περιέϐαλλον,
692 1174 947 1245 ὲκόμιζόν
974 1175 1022 1227 τ’
1050 1175 1130 1237 εἰς
1158 1172 1257 1245 τὴν
1283 1171 1550 1243 βασιλέως
1575 1173 1720 1226 ἐπώ-

141 1281 298 1336 νυμον
348 1265 538 1319 πόλιν
598 1265 812 1320 κᾶπειτ’
849 1267 908 1319 ὲν
946 1264 1095 1337 αὐτῷ
1134 1264 1211 1336 τῷ
1254 1266 1472 1319 πάντων
1508 1265 1716 1337 προφέ-

143 1376 276 1430 ροντι
312 1358 423 1427 (68)
462 1358 572 1412 τῶν
602 1359 888 1430 βασιλείων
915 1358 1070 1430 οἴκῳ,
1118 1358 1333 1430 βάθρων
1383 1360 1469 1427 ἐφ’
1498 1358 1718 1431 ὑψηλῶν

141 1447 511 1502 κατετίθεντο·
552 1450 705 1519 φῶτὰ
740 1449 787 1501 τ’
823 1448 1127 1519 ὲφάψαντες
1163 1447 1347 1520 κύκλῳ
1378 1449 1470 1501 ἐπὶ
1506 1449 1715 1501 σκευῶν

139 1539 365 1612 χρυσῶν,
399 1540 713 1612 θαυμαστὸν
742 1540 923 1612 θέαμα
953 1543 1061 1605 τοῖς
1092 1540 1259 1613 ὁρῶσι
1296 1544 1577 1613 παρεῖχον,
1605 1536 1716 1593 οἷον

139 1635 216 1685 ἐπ’
263 1632 482 1696 οὐδενὸς
537 1631 744 1687 πώποτ’
788 1634 873 1703 ἐφ’
919 1632 1071 1703 ἡλίου
1122 1634 1318 1701 αὐγαῖς
1376 1635 1441 1685 ἐκ
1491 1632 1715 1704 πρώτης

138 1722 320 1786 αἰῶνος
349 1722 667 1787 συστάσεως
697 1724 788 1776 ἐπὶ
820 1725 923 1793 γῆς
962 1720 1137 1794 ὤφθη.
1174 1722 1363 1775 Ἕνδον
1402 1721 1512 1793 γάρ
1542 1739 1627 1775 τοι
1656 1723 1716 1774 ὲν

136 1813 272 1885 αὐτῷ
304 1813 560 1885 παλατίῳ
595 1812 738 1867 κατὰ
784 1814 846 1867 τὺ
892 1814 1215 1886 μεσαίτατον
1259 1816 1367 1868 τῶν
1402 1814 1709 1885 βασιλείων,

136 1908 212 1975 ἐφ’
236 1905 450 1976 ὑψηλῆς
491 1905 742 1977 κείμενον
785 1907 992 1978 χρυσῆς
1034 1906 1302 1979 λάρνακος
1341 1907 1404 1961 τὸ
1446 1908 1711 1983 βασιλέως

137 1996 343 2067 σκῇνος,
381 1995 682 2066 βασιλικοῖς
713 2014 772 2049 τε
800 1996 1045 2068 κόσμοις,
1083 1997 1338 2071 πορφύρᾳ
1379 2016 1438 2052 τε
1468 2000 1562 2054 καὶ
1592 2001 1711 2057 δια-

132 2087 326 2158 δήματι
390 2086 791 2157 τετιμημένον,
856 2086 1099 2141 πλεῖστοι
1157 2090 1709 2162 περιστοιχισάμενοι,

133 2174 494 2248 ὲπαγρύπνως
525 2175 594 2229 δι’
621 2176 838 2248 ἡμέρας
869 2175 966 2231 καὶ
996 2177 1190 2241 νυκτὸς
1223 2178 1546 2252 ἐφρούρουν.

644 2289 1042 2344 ΚΕΦΑΛΑΙΟΝ
1076 2286 1191 2341 ΞΖ’.

136 2385 316 2452 ὀπως
354 2381 459 2454 καὶ
491 2381 646 2454 μετὰ
675 2382 936 2454 θάνατον
970 2380 1421 2454 ὑπὸῃκομήτων-
1449 2384 1546 2439 καὶ
1588 2386 1714 2439 λοι-

114 2502 119 2505 ,
290 2449 707 2519 ⁷πῶν,⁷καθὼς
736 2452 835 2506 καὶ
869 2452 941 2506 ἐν
972 2450 1052 2517 τῷ
1088 2449 1215 2521 ζῇν,
1250 2452 1511 2522 ἐτιμᾶτο.

191 2568 254 2622 0i
286 2567 346 2622 δέ
388 2583 453 2635 γε
484 2566 580 2620 τοῦ
613 2566 811 2630 παντὸς
842 2565 1074 2637 στρατοῦ
1104 2565 1498 2639 καθηγεμόνες,
1533 2569 1703 2641 κόμη-

130 2659 212 2725 τές
231 2678 291 2714 τε
326 2661 427 2714 καὶ
457 2662 567 2713 πᾶν
598 2659 659 2712 τὸ
685 2657 793 2712 τῶν
828 2658 1104 2730 ἀρχόντων
1127 2659 1336 2731 τάγμα,
1370 2652 1453 2723 οἷς
1487 2660 1578 2713 τὸν
1616 2660 1712 2731 βα-

132 2753 273 2807 σιλέα
306 2753 406 2806 καὶ
448 2752 617 2822 νόμος
645 2751 909 2824 πρότερον
932 2747 1001 2822 ἦν
1042 2756 1390 2821 προσκυνεῖν,
1425 2753 1592 2824 μηδὲν
1614 2752 1710 2805 τοῦ

135 2845 389 2915 συνήθους
423 2841 1122 2913 ὑπαλλαξάμενοι.τρόπου,
1155 2845 1269 2906 τοῖς
1289 2842 1466 2896 δέουσι
1499 2846 1711 2915 καιροῖς

132 2933 253 2989 sicut
278 2934 579 3005 παριόντες
601 2970 616 2993 ,
652 2932 742 2984 τὸν
773 2931 865 2984 ἐπὶ
893 2932 992 3000 τῆς
1028 2930 1297 3002 λάρνακος
1330 2931 1550 3002 βασιλέα
1572 2972 1587 2996 ,
1622 2926 1711 2985 οἷά

133 3039 226 3099 περ
252 3023 436 3090 ζῶντα
463 3025 559 3077 καὶ
585 3022 724 3089 μετὰ
747 3021 998 3083 θάνατον,
1023 3022 1357 3094 γονυκλινεῖς
1378 3022 1705 3093 ἠσπάζοντοο

133 3116 263 3187 μετὰ
291 3115 353 3169 δὲ
388 3114 519 3178 τοὺς
550 3111 797 3185 πρώτους
823 3112 977 3166 ταῦτ’
1010 3111 1278 3184 ἔπραττον
1302 3111 1590 3182 παριόντες
1614 3151 1629 3175 ,
1658 3112 1713 3165 οῖ

1824 612 2007 672 utpote
2043 605 2320 660 communi
2353 604 2593 658 omnium
2626 603 2768 657 bono
2795 616 2859 655 ex
2894 601 2998 656 bac
3031 600 3140 654 vita
3173 598 3408 654 sublato.

2328 710 2331 711 ν
2386 712 2616 771 CAPUT
2669 710 2832 767 LXVI

1911 801 2185 867 Quomodo
2225 804 2391 873 [unus
2440 804 2757 859 Nicomedia
2803 802 3311 871 Constantinopolim

2211 872 2492 929 deductum
2534 882 2613 927 est
2652 879 2706 927 in
2734 872 3019 939 palatium.

1893 981 2143 1036 Posuhaec
2172 982 2377 1038 milites
2399 982 2672 1039 sublatum
2713 997 2745 1037 e
2792 986 2933 1036 lecto
2967 998 3167 1052 corpus
3192 982 3245 1037 in
3276 999 3406 1040 arca

1823 1089 1986 1128 aurea
2040 1076 2442 1142 deposuerunt,
2498 1090 2729 1145 eamque
2804 1089 3076 1145 purpurea
3137 1077 3404 1131 obtectam

1821 1176 1974 1222 veste
2023 1167 2552 1237 Constantinopolim
2576 1168 2959 1237 deuerterunt,
3002 1170 3239 1238 atquein
3266 1184 3408 1240 pra:-

1820 1258 1984 1327 cipuo
2008 1258 2307 1328 imperialis
2346 1259 2531 1328 palatii
2571 1260 2823 1314 cubiculo
2846 1261 3133 1315 sublimem
3163 1261 3406 1317 colloca-

1819 1359 2033 1405 verunt.
2065 1352 2269 1408 Dehinc
2308 1367 2471 1408 aurea
2505 1367 2669 1421 super
2722 1352 3046 1407 candelabra
3106 1353 3409 1410 luminibus

1820 1444 2058 1512 undique
2087 1446 2356 1509 accensis,
2398 1444 2719 1499 admirabile
2767 1446 3136 1514 spectaculum
3184 1446 3406 1502 intuen-

1821 1534 1966 1589 tibus
1990 1540 2356 1604 pra-bebatur,
2384 1545 2438 1590 et
2463 1536 2626 1607 quale
2660 1537 2713 1590 in
2754 1535 2901 1593 nullo
2925 1552 3160 1608 unquam
3195 1547 3405 1594 morta-

1818 1626 1948 1678 lium
1975 1629 2045 1681 ab
2075 1628 2192 1697 ipso
2245 1628 2396 1681 orbis
2422 1628 2644 1683 conditu
2680 1629 2855 1684 visum
2901 1630 2954 1684 in
3012 1631 3172 1685 terris
3203 1624 3404 1687 fuerat.

1818 1717 2025 1788 Quippe
2058 1720 2110 1772 in
2155 1720 2332 1774 medio
2360 1721 2605 1775 conclavi
2643 1721 2843 1791 regalis
2873 1720 3087 1791 palatii,
3123 1722 3285 1778 funus
3310 1724 3410 1777 imo

1819 1812 2089 1880 peratoris
2121 1811 2176 1865 in
2212 1827 2337 1866 arca
2380 1829 2549 1867 aurea
2584 1812 2817 1868 sublime
2860 1812 3074 1881 jacens,
3130 1814 3294 1881 regiis
3318 1815 3403 1869 itt—

1816 1902 2085 1971 signibus,
2120 1918 2356 1972 purpura
2386 1905 2596 1960 scilicet
2622 1919 2688 1959 ac
2717 1904 3030 1959 diademate
3058 1915 3403 1972 exornatum,

1816 1995 1970 2049 multi
2014 1996 2422 2051 circumdantes
2469 2005 2633 2053 noctu
2709 2004 2873 2068 atque
2926 1996 3162 2053 interdiu
3213 1996 3404 2068 vigiles

1814 2086 2215 2144 custodiebant.

2267 2289 2433 2366 560
2459 2289 2688 2349 CAPUT
2713 2291 2926 2349 van.

1814 2384 2089 2453 Quomodo
2113 2386 2275 2441 etiam
2314 2394 2432 2455 post
2461 2396 2683 2440 mortem
2710 2404 2741 2439 a
2767 2385 3050 2440 comitibus
3082 2394 3129 2440 et
3164 2384 3402 2457 reliquis,

2129 2458 2344 2524 perinde
2365 2472 2427 2509 ac
2460 2457 2632 2522 vivus,
2672 2458 2959 2510 honoratus
2985 2466 3085 2509 est.

1882 2568 2151 2624 Caeterum
2195 2573 2363 2624 totius
2384 2568 2661 2623 exercitus
2704 2569 2897 2637 duces,
2926 2571 3157 2626 comites
3186 2584 3406 2641 quoque

1812 2670 1868 2713 et
1904 2660 2098 2729 reliqui
2138 2657 2355 2728 judices
2393 2675 2458 2715 ac
2490 2660 2865 2730 magistratus,
2900 2661 2991 2730 qui
3032 2664 3198 2715 etiam
3238 2672 3403 2717 antea

1814 2751 2195 2820 imperatorem
2235 2754 2470 2807 adorare
2520 2751 2669 2807 soliti
2712 2761 2892 2818 erant,
2965 2751 3180 2822 pristini
3237 2752 3408 2808 moris

1810 2843 2209 2897 observantiam
2250 2843 2561 2898 nullatenus
2604 2852 2903 2904 mutantes,
2928 2844 3093 2898 statis
3135 2843 3405 2900 horistn-

1810 2936 2235 3007 grediebantur;
2284 2946 2340 2992 et
2385 2938 2770 3008 imperatorem
2814 2940 2866 2991 in
2913 2951 3039 2991 arca
3069 2937 3402 3006 depositum,

1810 3031 2035 3099 perinde
2051 3046 2116 3085 ac
2137 3033 2316 3087 vivum
2333 3041 2390 3086 et
2408 3032 2727 3102 spirantem,
2750 3045 2887 3101 genu
2902 3029 3042 3085 ﬂexo
3061 3039 3181 3099 post
3195 3030 3401 3086 obitum

1811 3119 2141 3176 salutabant.
2181 3120 2310 3176 Post
2344 3122 2615 3191 primores
2644 3131 2826 3175 autem
2875 3120 3018 3187 illos,
3061 3122 3205 3177 idem
3244 3122 3403 3176 dein-

129 3209 169 3262 τ’
193 3208 249 3275 ἐξ
291 3207 471 3278 αὐτῆς
514 3204 820 3276 συγκλήτου
854 3202 1046 3275 βουλῆς
1066 3242 1081 3267 ,
1128 3204 1183 3257 οἵ
1211 3204 1258 3256 τ’
1289 3203 1381 3257 ἐπὶ
1408 3201 1564 3269 ἀξίας
1598 3202 1705 3275 (69)

1815 3228 1940 3282 eeps
1993 3222 2048 3269 et
2089 3223 2370 3270 senatores
2422 3222 2477 3269 et
2527 3213 2776 3268 honorati
2812 3228 3004 3270 omnes
3060 3217 3405 3271 introeuntes

129 3301 354 3363 πάντες·
409 3296 532 3369 μεθ’
558 3294 653 3358 οὓς
689 3294 836 3365 ὄχλοι
885 3293 1152 3348 παντοίων
1192 3293 1413 3366 δήμων,
1463 3292 1706 3361 γυναιξὶν

128 3392 235 3463 ἅμα
267 3392 366 3445 καὶ
394 3389 589 3442 παισὶν
619 3388 713 3440 ἐπὶ
740 3388 840 3460 τὴν
872 3388 999 3441 θέαν
1030 3388 1330 3459 παρῄεσαν.
1364 3387 1705 3442 Συνετελεῖτο

126 3484 177 3539 δὲ
196 3485 370 3537 ταῦτα
389 3480 539 3535 οὕτω
559 3480 737 3551 χρόνῳ
765 3479 981 3552 μακρῷ,
1007 3480 1116 3534 τῶν
1138 3479 1541 3552 στρατιωτικῶν
1562 3478 1705 3533 οὕτω

131 3576 299 3647 μένειν
345 3580 408 3629 τὸ
450 3573 650 3645 σκῆνος
688 3572 782 3627 καὶ
829 3572 1191 3642 φυλάττεσθαι
1236 3571 1702 3642 βουλευσαμένων,

125 3666 227 3723 ἐστ’
260 3669 326 3722 ἂν
367 3669 418 3721 οί
462 3664 630 3721 αὑτοῦ
674 3665 863 3729 παῖδες
893 3663 1244 3735 ἀφικόμενοι,
1284 3666 1349 3734 τῇ
1395 3663 1462 3716 δι’
1497 3663 1705 3717 ἑαυτῶν

125 3762 312 3833 κομιδῇ
356 3761 451 3814 τὸν
502 3758 716 3829 πατέρα
757 3759 1067 3829 τιμήσειαν.
1113 3754 1422 3810 Ἐὅασίλευε
1462 3755 1520 3808 δὲ
1565 3754 1704 3826 μετὰ

127 3853 348 3909 θάνατον
383 3853 547 3925 μόνος
578 3851 690 3923 (70)
735 3850 927 3921 θνητὸς
973 3850 1002 3903 ὁ
1044 3848 1313 3920 μακάριος
1336 3887 1351 3913 ,
1403 3848 1705 3920 ἐπράττετό

123 3962 180 3999 τε
203 3946 271 4000 τὰ
298 3944 533 4016 συνήθη,
564 3944 763 3998 ὡσανεὶ
790 3943 883 3996 καὶ
906 3941 1106 4007 ζῶντος
1127 3940 1311 4004 αὐτοῦ,
1347 3940 1506 3993 τοῦτο
1534 3957 1706 4011 μονω-

123 4039 261 4109 τάτῳ
294 4037 447 4108 αὐτῷ
485 4037 583 4090 ἀπ’
611 4034 806 4098 αἰῶνος
836 4032 928 4087 τοῦ
962 4032 1097 4086 Θεοῦ
1138 4031 1537 4104 δεδωρημένου.
1587 4032 1703 4085 Μό-

124 4146 208 4193 νος
235 4129 390 4198 γοῦν,
422 4129 502 4192 ὡς
542 4126 648 4181 οὐδ’
672 4126 829 4190 ἄλλος
858 4124 1271 4197 αὐτοκρατόρων
1303 4125 1393 4177 τὸν
1426 4122 1707 4194 παμϐασι-

131 4390 148 4424 ι
177 4371 362 4427 Funus
392 4370 626 4424 relatum
666 4369 718 4423 in
747 4369 934 4422 urbem
966 4368 1048 4422 sui
1084 4367 1343 4421 nominis.
1393 4366 1548 4432 Quod
1572 4382 1706 4424 sane

126 4442 348 4512 pepulus
375 4441 540 4512 Rom.
579 4440 859 4512 aegerrime
886 4437 1004 4512 tulit
1034 4453 1050 4490 :
1079 4440 1295 4512 quippe,
1329 4438 1484 4503 cujus
1511 4438 1703 4512 armis,

1812 3303 2014 3360 fecere.
2052 3303 2474 3360 lnnumerabilis
2502 3305 2701 3361 deinde
2735 3306 2880 3374 vulgi
2934 3306 3230 3361 multitudo
3270 3322 3396 3363 cum

1812 3397 1995 3467 pueris
2028 3411 2095 3452 ac
2132 3397 2454 3453 mulieribus
2489 3399 2558 3453 ad
2596 3396 2757 3465 hujus
2787 3398 2863 3452 rei
2904 3399 3277 3468 spectaculum
3305 3413 3401 3454 ac-

1811 3489 1998 3543 cessit.
2066 3489 2242 3559 Atque
2276 3489 2393 3545 htec
2427 3489 2573 3561 longi
2628 3490 2889 3559 temporis
2945 3490 3123 3560 spatio
3177 3489 3402 3546 assidue

1812 3587 1959 3649 gesta
1997 3591 2160 3644 sunt,
2207 3598 2329 3635 cum
2363 3581 2629 3637 militares
2680 3582 2844 3637 [tinus
2888 3583 2957 3636 ad
2987 3584 3135 3637 hunc
3178 3582 3399 3636 modum

1805 3672 1991 3742 jacere
2014 3681 2067 3724 et
2107 3670 2372 3726 custodiri
2401 3671 2795 3739 decrevissent,
2840 3672 3016 3726 donec
3055 3670 3401 3740 imperatoris

1809 3760 1905 3814 ﬁlii
1945 3775 2011 3815 eo
2041 3760 2415 3825 advenientes,
2475 3760 2577 3829 ipsi
2625 3769 2913 3830 paternum
2959 3759 3123 3813 funus
3171 3758 3400 3815 honoris

1810 3867 1974 3907 causa
2035 3863 2518 3922 prosequerentur.
2562 3851 2725 3907 Solus
2776 3852 3011 3921 denique
3060 3852 3224 3905 etiam
3279 3862 3402 3921 post

1812 3954 2039 4000 mortem
2076 3944 2365 4014 imperavit
2396 3943 2650 4014 princeps
2676 3944 3029 3998 beatissimus
3052 3983 3067 4008 ,
3097 3950 3400 4013 cunctaque

1812 4051 1961 4092 more
1990 4036 2147 4092 solito
2177 4036 2555 4092 administrata
2585 4045 2737 4103 sunt,
2770 4036 2926 4106 quasi
2957 4034 3135 4090 adhuc
3166 4034 3219 4089 iu
3260 4033 3398 4088 rivis

1810 4139 1977 4184 esset.
2014 4129 2117 4197 Qui
2150 4128 2331 4184 honos
2359 4128 2456 4183 uni
2487 4129 2562 4183 illi
2598 4137 2721 4197 post
2762 4127 3042 4182 hominum
3072 4123 3395 4180 memoriam

1810 4369 2083 4424 vocabant
2119 4384 2216 4425 eos
2259 4370 2351 4440 qni
2391 4370 2625 4425 honores
2678 4379 2989 4436 gesserant,
3034 4377 3091 4423 ut
3114 4369 3252 4440 inse
3291 4383 3395 4425 no-

1815 4441 1924 4494 tavi
1958 4442 2025 4494 ad
2063 4438 2382 4496 IibrumVXIv
2422 4441 2598 4493 Amm.
2646 4440 2965 4494 Matcelliui.
3005 4438 3213 4506 Quibus
3252 4441 3392 4494 adde

128 4509 350 4583 legibus,
400 4509 658 4583 clementi
712 4509 964 4583 imperio,
1006 4509 1178 4583 _quasi_
1202 4516 1481 4583 _novatam
1512 4509 1701 4583 urbem
1737 4578 1766 4583 λ
1808 4511 1991 4583 locum
2029 4509 2651 4583 GaudentiiBrixieusis
2686 4512 2924 4581 episcOpi
2972 4513 3022 4562 iu
3054 4510 3282 4577 epistola
3320 4510 3388 4562 ad

129 4577 424 4637 Romanam
450 4580 832 4635 arbitraretur.
872 4597 891 4631 ι
931 4578 1057 4633 Scio
1091 4577 1308 4646 quidem
1340 4578 1457 4646 haec
1500 4578 1700 4631 Aurelii
1736 4578 1778 4632 ι)
1808 4580 2139 4635 Beuevolum
2179 4598 2194 4633 :
2231 4598 2249 4631 ι
2286 4581 2417 4634 Nam
2458 4582 2599 4634 sicut
2642 4577 3029 4634 honoratorum
3071 4589 3269 4632 nostra:
3299 4594 3392 4633 ur-

127 4653 361 4709 Victoris
387 4651 556 4705 verba
607 4649 826 4717 intelligi
863 4663 1020 4717 posse
1064 4645 1129 4703 de
1162 4648 1369 4703 civibus
1412 4645 1695 4710 Romanis,

124 4726 209 4795 qui
240 4738 389 4792 aegre
438 4720 682 4795 tulerint,
716 4720 858 4788 quod
903 4718 1246 4795 constantini
1276 4719 1511 4795 cadaver
1545 4718 1700 4795 _Con-

122 4787 502 4861 s'tantiiiOpoli_
530 4790 709 4858 potius
740 4787 915 4861 quam
949 4788 1133 4861 Romae
1174 4789 1450 4861 humatum
1484 4787 1696 4842 luisset.

124 4865 225 4919 Sed
255 4858 437 4916 tamen
460 4859 734 4915 Victorem
760 4858 904 4913 aliud
934 4860 1171 4914 sensisse
1192 4859 1447 4913 existimo
1466 4898 1482 4923 ,
1507 4872 1699 4913 omnes

121 4934 333 4989 scilicet
378 4930 611 4985 Romani
660 4930 808 4983 orbts
862 4929 1064 4983 incolas
1115 4928 1321 4983 obitum
1360 4926 1699 4983 Constantini

123 5004 480 5058 acerbissime
532 4999 738 5054 tulisse.
791 4999 891 5065 Qui
939 5014 1129 5054 sensus
1160 4999 1317 5067 plane
1346 5000 1701 5051 conﬁrmatur

122 5072 477 5143 sequentibus
503 5070 680 5143 verbis
713 5085 727 5122 :
762 5086 781 5121 ι
816 5068 1033 5143 Quippe
1062 5069 1439 5143 cujusarmig.
1471 5067 1697 5139 legibus,

122 5137 379 5199 clementi
412 5140 641 5210 imperio
675 5141 827 5210 quasi
856 5137 1341 5210 novatum‘orbem
1394 5137 1699 5192 Romanum

124 5209 510 5268 arbitraretur.
550 5227 571 5263 ι
608 5211 701 5265 Sic
729 5209 876 5265 enim
902 5209 1188 5279 legendum
1220 5218 1326 5272 est,
1379 5223 1486 5264 non
1519 5217 1700 5261 autem

126 5299 145 5334 ι
175 5284 371 5338 urbem
401 5281 725 5335 Romanam.
766 5298 789 5331 s

191 5351 305 5425 (67)
346 5349 695 5425 Ἀλρυρτικῇ
718 5347 1045 5425 ᾀλουργίδι.
1079 5347 1351 5425 Alterutra
1377 5348 1483 5401 Vox
1511 5360 1703 5413 super-

123 5419 227 5477 llua
276 5419 383 5476 est.
433 5421 596 5475 Certe
648 5419 784 5475 Fuk.
840 5419 1010 5473 codex
1080 5419 1438 5488 posteriorem
1495 5425 1701 5470 tantum

125 5493 314 5556 habet,
350 5493 439 5546 cui
472 5491 767 5547 subscribit
795 5490 933 5544 liber
961 5489 1226 5545 Turnebi.

188 5552 309 5634 (685
324 5560 484 5634 Χιιὲε·
505 5560 771 5634 ἐν’-αὐτῶΔ
785 5560 892 5634 τοῦ
916 5558 1143 5634 narret:
1165 5556 1541 5634 xeosvépoﬂe
1562 5552 1702 5634 “sc-

126 5623 297 5688 tiusiti
323 5623 464 5686 ιτυιςῖ
490 5645 556 5685 ac
581 5623 813 5700 Turuebi
839 5623 1451 5700 librotlegitur'év'aﬁrtb
1468 5623 1546 5696 τῷ
1564 5625 1701 5683 πάν-

122 5720 227 5757 των
258 5702 591 5775 προφέροντι
631 5699 737 5775 τῶν
790 5698 1083 5775 βασιλείωῆ
1103 5699 1288 5775 οἴκων.
1336 5700 1442 5755 Sed
1481 5700 1704 5775 outniuo

123 5768 469 5829 scribendum
498 5781 583 5824 est
611 5772 766 5840 οἴκῳ,
790 5768 856 5824 ἰιι
876 5785 1040 5840 supra
1072 5771 1126 5823 iu
1156 5771 1249 5823 lib.
1286 5784 1366 5836 ιιι,
1399 5768 1639 5840 cap._lt).

189 5844 305 5914 (69)
343 5840 471 5897 Εἶτ’
497 5841 592 5894 ἐπ’
636 5836 831 5909 ἀξῖας,
864 5842 917 5896 id
947 5836 1036 5896 cst
1065 5842 1340 5897 honorari.
1385 5839 1476 5894 Sic
1521 5836 1701 5893 Latini

1807 4652 1907 4713 bis,
1939 4653 2011 4704 ita
2045 4654 2210 4705 etiam
2259 4651 2557 4705 Dominica:
2602 4650 2798 4720 plebis,
2833 4650 3058 4704 Domino
3090 4660 3388 4717 annuente,

1804 4721 2181 4790 dignissimum
2202 4730 2366 4789 caput
2384 4736 2463 4775 es.
2490 4740 2509 4774 s

1876 4787 1990 4862 (70)
2042 4787 2387 4862 Ἑϐασίλευε
2419 4790 2489 4845 δὲ
2519 4789 2672 4862 μετὰ
2709 4789 2970 4862 θάνατον
3013 4788 3225 4862 μόνος.
3262 4787 3391 4862 Post

1803 4859 2008 4915 obitum
2041 4860 2412 4925 Constantini,
2450 4859 2821 4932 interregnum
2856 4859 3115 4932 luit,tnec_
3154 4859 3296 4932 ullus
3330 4860 3385 4912 itt

1800 4933 1934 4985 orbe
1982 4932 2222 4986 Romano
2288 4934 2565 5003 Augustus
2612 4930 2943 5003 imperavit._
2962 4930 3116 4996 Quod
3169 4930 3386 5003 quidem

1805 5003 2175 5071 interregnum
2228 5017 2332 5055 non
2378 4999 2543 5056 modo
2575 5016 2747 5069 usque
2797 4999 2863 5053 ad
2904 4999 3391 5071 Constanttnitse-

1803 5072 2075 5139 pulturam
2134 5073 2469 5140 permansit,
2520 5073 2613 5126 sed
2658 5086 2829 5140 usque
2878 5071 2945 5140 ad
2995 5072 3137 5123 diem
3180 5086 3212 5121 ν
3268 5070 3390 5122 idus

1806 5138 2164 5209 Septembris,
2197 5151 2255 5196 ut
2299 5153 2528 5196 testatur
2558 5138 2758 5194 ldatius
2791 5140 2843 5193 in
2870 5138 3074 5193 Fastis.
3105 5140 3183 5193 lta
3216 5141 3392 5193 tribus

1778 5213 2086 5264 .mensibus
2113 5227 2179 5266 ac
2212 5212 2458 5278 dimidio,
2504 5214 2653 5266 orbis
2689 5209 2969 5265 Romanus
3002 5212 3120 5264 sine
3145 5211 3388 5276 Augusto

1805 5282 2032 5351 imperio
2068 5282 2187 5337 fuit.
2241 5282 2450 5351 Quippe
2481 5292 2592 5336 toto
2622 5281 2729 5351 illo,
2749 5290 2992 5350 tempore
3021 5281 3166 5348 quod
3213 5283 3281 5331 ab
3306 5291 3383 5351 _xt

1804 5346 1923 5403 Kal.
1952 5349 2146 5407 Junias
2174 5346 2363 5421 usq'tte'
2386 5346 2452 5406 ad
2487 5368 2516 5404 ν
2543 5351 2669 5404 ltlns
2702 5346 3389 5421 Septe'tltbris;intercedit,

1804 5421 1898 5474 lilii
1929 5422 2046 5489 ejus
2092 5417 2338 5477 Caesares
2387 5432 2600 5476 tantum
2649 5417 2992 5474 dicebautur.
3034 5420 3196 5475 Certe
3243 5417 3391 5472 Cou-

1803 5494 2078 5547 stantiuus
2120 5493 2311 5548 .lunior
2353 5494 2405 5547 in
2437 5492 2664 5562 epistola
2715 5492 2784 5562 ad
2822 5490 3231 5562 Alexandrinos
3263 5499 3391 5562 quas

1806 5563 1929 5614 data
1963 5573 2049 5616 est
2085 5572 2206 5633 pust
2240 5557 2684 5633 obitum'patris,
2743 5557 3019 5633 Feliciano
3067 5567 3143 5633 et_
3171 5557 3390 5633 Titiano

1806 5646 1972 5694 coss.,
2003 5626 2182 5687 die-15
2210 5632 2327 5687 Kal.
2354 5626 2555 5698 Iulias,
2596 5631 2781 5687 Ctesar
2829 5631 3093 5685 duntaxat
3132 5626 3391 5698 inscribi-

1806 5711 1913 5757 tur.
1945 5702 2139 5757 Exstat
2164 5704 2277 5758 hxe
2308 5704 2536 5773 epistola
2569 5703 2711 5773 apud
2745 5701 3106 5756 Athanasium
3130 5697 3391 5769 Apologia

1806 5789 1868 5836 II,
1898 5778 2001 5830 sub
2031 5775 2218 5831 ﬁnem.
