3884 6518
525 410 671 470 ιω
1233 408 1505 467 EUSEBII
1541 408 2028 469 CESARIENSIS
2066 409 2220 467 OPP.
2259 408 2440 469 PARS
2478 413 2519 468 I.
2561 446 2633 456 —
2667 412 3061 472 IIISTOBICA.
3638 421 3745 475 litt

525 531 696 587 abeo
723 544 1016 587 concessus
1043 536 1148 587 est.
1207 527 1420 601 Quippe
1472 545 1596 585 cum
1649 530 1799 586 solus
1851 530 1945 585 ille
1995 546 2079 601 pra

2206 531 2304 587 λέα
2331 532 2466 588 Θεὸν
2484 574 2499 599 ,
2545 535 2638 588 καὶ
2667 530 2757 587 τὸν
2780 535 3018 602 Χριστὸν
3050 534 3212 589 αὐτοῦ
3241 536 3530 601 παντοίαις
3551 539 3744 610 τιμήσας

523 621 740 676 caeteris
790 621 1230 690 imperatoribus,
1269 620 1435 675 Deum
1467 620 1711 676 omnium
1740 636 1915 691 regem
1944 620 2079 676 Cltri

2203 623 2486 694 πράξεσιν,
2517 624 2742 688 εἰκότως
2765 624 2971 679 τούτων
2997 625 3153 698 ἔλαχε
3185 627 3369 698 μόνος,
3398 629 3494 681 καὶ
3516 628 3576 680 τὺ
3595 628 3744 699 θνητὸν

523 720 774 781 stumque
793 710 909 777 ejus
939 709 1107 764 ﬁlium
1147 710 1316 765 variis
1348 710 1610 780 cujusque
1642 713 1861 779 generis
1888 711 2079 765 actibu:

2200 713 2362 767 αὐτοῦ
2400 713 2705 784 βασιλεύειν
2752 716 2809 767 ἐν
2851 714 3157 787 ἀνθρώποις
3195 720 3225 770 ὁ
3257 719 3351 771 ἐπὶ
3382 718 3596 771 πάντων
3628 719 3744 788 ἠξίου

523 800 863 864 lionorasset,
891 798 1014 868 jure
1044 800 1238 855 merito
1266 800 1353 855 bis
1375 799 1677 856 honoribus
1703 801 1851 856 solus
1874 799 2079 857 affectu:

2199 806 2353 869 Θεὸς,
2384 799 2476 860 ὧδ’
2501 805 2813 870 ἐπιδεικνὺς
2840 805 2938 877 τὴν
2967 807 3159 878 ἀγήρω
3185 808 3279 861 καὶ
3302 807 3648 881 ἀτελεύτητον
3669 812 3742 883 τῆς

521 898 605 943 est
660 904 676 942 :
736 889 897 957 idque
956 889 1029 943 illi
1086 891 1327 945 tribuere
1390 892 1648 961 dignatus
1704 903 1788 948 est
1852 908 2079 948 summu:

2201 898 2381 968 ψυχῆς
2435 896 2713 968 βασιλείαν
2764 901 2879 963 τοῖς
2935 898 3009 971 μὴ
3058 899 3149 952 τὸν
3202 898 3328 953 νοῦν
3383 898 3739 972 λελιθωμένοις.

518 981 758 1033 omnium
788 980 950 1044 Deus,
1012 990 1072 1035 ut
1097 982 1334 1037 cadaver
1374 981 1493 1052 ejus
1520 984 1574 1037 in
1603 984 1765 1039 terris
1812 983 2079 1053 imperiuu‘

2216 985 2376 1038 Ἀλλά
2402 984 2577 1040 ταῦτα
2607 985 2710 1058 μὲν
2734 980 2839 1042 ὧδέ
2869 1004 2945 1058 πη
2982 987 3334 1043 συνετελεῖτο.

514 1073 804 1129 obtineret.
853 1072 971 1140 Quo
1023 1077 1242 1146 quidem
1296 1077 1496 1154 indicio
1546 1078 1613 1133 iis
1661 1080 1752 1148 qui
1793 1094 1902 1134 non
1951 1082 2111 1148 plane
2147 1080 2344 1148 stupidi
2394 1090 2557 1150 atque
2606 1083 2831 1138 hebetes
2884 1092 3089 1150 essent,
3125 1087 3413 1155 perspicue
3463 1086 3746 1156 signiﬁcavit

515 1164 679 1233 Deus,
707 1168 945 1221 animam
974 1168 1117 1223 illius
1157 1177 1421 1239 perpetuo
1448 1179 1506 1224 et
1536 1171 1832 1227 immortali
1864 1172 2096 1242 imperio
2126 1171 2255 1226 frui.
2310 1173 2375 1228 Et
2417 1174 2534 1230 haec.
2564 1175 2782 1244 quidem
2812 1187 2969 1246 gesta
3008 1186 3137 1230 sunt
3180 1178 3232 1231 in
3260 1177 3408 1232 hunc
3437 1180 3660 1236 modum.

1051 1258 1281 1318 CAPUT
1319 1260 1553 1318 LXVIII.

2715 1268 3112 1323 ΚΕΦΔΛΑῙΟΝ
3145 1267 3272 1323 ΞΗν.

516 1351 791 1418 Quomodo
818 1353 1079 1408 exercitus
1122 1353 1355 1424 judicia,
1402 1355 1505 1434 filii
1553 1354 1671 1425 ejus
1705 1354 1929 1426 Augusti
1973 1372 2079 1411 stin.

2253 1359 2443 1425 Ὅπως
2476 1360 2861 1434 Αὐγυρστους
2903 1357 3057 1434 εἶναι
3111 1361 3334 1434 ficu-tor
3370 1363 3516 1430 τοὺς
3552 1367 3699 1434 υίοὺς

1156 1425 1462 1493 nuncupati.
1794 1425 1799 1426 7

2478 1425 2663 1484 αὐτοῦ
2696 1430 2761 1484 τὸ
2798 1425 3210 1499 στρατόπεδον
3236 1425 3499 1500 ἔκρινεν-ξ

580 1514 789 1570 Interea
830 1516 1031 1571 tribuni
1087 1515 1261 1573 lectos
1311 1518 1575 1587 quosdam
1650 1532 1719 1571 ex
1771 1517 2079 1573 militaribus

2198 1552 2210 1563 -
2266 1520 2401 1574 Τῶν.
2416 1521 2471 1574 δὲ
2495 1523 2902 1594 στρατιωτικῶν
2924 1523 3222 1594 ταγμάτων
3245 1525 3537 1594 ἐκκρίτους
3559 1523 3739 1598 ἄνδρας,

511 1610 774 1676 numeris,
795 1611 887 1679 qui
920 1610 1045 1665 fidei
1070 1626 1135 1665 ac
1165 1609 1558 1666 benevolentiae
1582 1626 1748 1666 causa
1778 1610 1907 1664 olim
1934 1612 2079 1678 prin-

2198 1611 2375 1667 πίστει
2408 1615 2499 1667 καὶ
2530 1616 2713 1687 εὐνοίᾳ
2744 1615 2914 1669 πάλαι
2960 1615 3171 1686 βασιλεῖ
3204 1617 3550 1688 γνωρίμους,
3593 1621 3637 1671 οἰ
3668 1637 3743 1672 τα-

508 1704 873 1773 eipi.accepti
914 1702 1169 1766 fuissent.
1199 1703 1267 1758 ad
1314 1701 1562 1759 Caesares
1602 1704 1843 1767 mittunt,
1889 1713 2079 1760 cuncta

2191 1703 2398 1775 ξίαρχοι
2426 1705 2809 1777 διεπέμποντο,
2832 1707 2902 1761 τὰ
2928 1710 3296 1780 πεπραγμένα
3327 1713 3443 1771 τοῖς
3474 1709 3740 1779 Καίσαρσιν

507 1795 589 1849 eis
621 1810 741 1864 quae
773 1804 923 1864 gesta
952 1805 1111 1849 erant
1140 1795 1504 1850 nuntiaturus.
1526 1795 1591 1849 Et
1612 1796 1726 1850 haec
1759 1794 1973 1864 quidem
2009 1794 2079 1849 illi

2190 1795 2389 1867 ἔκδηλα
2432 1795 2815 1861 καθιστῶντες.
2866 1799 2978 1852 Καὶ
3021 1799 3130 1852 οἵδε
3179 1800 3279 1871 μὲν
3324 1799 3443 1852 τάδ’
3480 1799 3738 1871 ἕπραττον’

508 1899 641 1941 tunc
689 1896 940 1956 egerunt.
987 1885 1189 1941 Omnes
1239 1901 1374 1941 vero
1425 1887 1733 1956 ubicunque
1772 1886 2079 1953 exercitus,

2308 1853 2319 1867 ,
2777 1853 2792 1861 ,
3179 1853 3193 1871 ,
3552 1853 3562 1871 ι
3676 1853 3681 1854 ,

2189 1885 2377 1959 ὥσπερ
2402 1888 2446 1941 δ’
2472 1888 2532 1953 ἐξ
2554 1890 2838 1953 ἐπιπνοίας
2863 1890 3193 1962 κρείττονος,
3219 1891 3288 1943 τά
3314 1889 3587 1960 πανταχοῦ
3610 1908 3741 1961 etpa-

502 1978 660 2047 (ιιιοεί
692 1978 879 2031 divino
907 1977 1144 2046 quodam
1206 1977 1402 2046 spiritu
1461 1978 1692 2044 incitati,
1718 1977 1880 2033 simul
1923 1987 2079 2048 atque

2188 1982 2389 2035 τόπεδα
2413 1980 2504 2035 τὸν
2538 1981 2803 2052 βασιλέως
2833 1981 3115 2052 πυθόμενοι
3156 1982 3412 2049 θάνατον,
3457 1984 3581 2053 μιᾶς
3606 1983 3739 2053 ἐκρά-

507 2072 578 2126 de
610 2070 959 2140 imperatoris
997 2079 1172 2125 morte
1206 2071 1512 2161 nuptiatum
1551 2078 1656 2135 est,
1685 2084 1792 2126 uno
1817 2085 2079 2127 consensu

2188 2090 2271 2126 τει
2300 2071 2545 2144 γνώμης,
2576 2071 2777 2126 ὡσανεὶ
2818 2071 3020 2137 ζῶντος
3064 2074 3248 2137 αὐτοῖς
3279 2072 3375 2126 τοῦ
3414 2073 3636 2144 μεγάλου
3665 2074 3740 2141 βα-

508 2162 904 2226 decreverunt,
972 2175 1198 2230 prorsus
1247 2162 1401 2230 quasi
1467 2162 1739 2216 maximus
1794 2162 2089 2231 imperator

506 2252 686 2307 adhuc
716 2261 1045 2321 superesset,
1089 2252 1362 2308 neminem
1396 2267 1457 2307 se
1506 2265 1705 2322 prater
1736 2252 1853 2322 ejus
1886 2252 2086 2307 liberos

506 2343 717 2412 imperii
766 2343 999 2399 Romani
1058 2345 1357 2415 principem
1409 2344 1568 2417 561
1628 2346 1927 2402 habituros.
1977 2346 2089 2403 Nec

506 2433 679 2490 multo
711 2444 856 2507 post,
893 2435 1110 2490 eosdem
1144 2450 1249 2490 non
1298 2434 1543 2490 Caesares
1604 2436 1859 2505 appellari
1910 2437 2089 2493 volueo

506 2536 654 2592 runt,
694 2528 792 2582 sed
831 2527 1137 2597 Augustos;
1180 2528 1323 2596 quod
1375 2542 1571 2581 nomen
1617 2528 1815 2583 summi
1873 2528 2084 2599 imperii

508 2619 657 2672 velut
713 2619 983 2689 quoddam
1040 2619 1253 2688 insigne
1299 2629 1405 2674 est.
1440 2618 1506 2672 Et
1546 2619 1820 2674 exercitus
1868 2621 2083 2691 quidem

505 2709 760 2780 suli‘ragia
821 2725 924 2763 sua
968 2717 1130 2779 atque
1170 2708 1592 2765 acclamationes
1628 2710 1731 2765 sibi
1767 2719 1953 2765 mutuo
1990 2725 2087 2781 per

505 2798 715 2856 litteras
745 2800 1124 2870 signiﬁcarqu
1175 2818 1189 2854 :
1224 2810 1276 2856 et
1322 2801 1601 2856 unanimis
1651 2801 1923 2873 legionum
1955 2817 2086 2859 con-

501 2906 719 2956 sensus,
770 2907 875 2946 uno
908 2893 1212 2963 eodemque
1252 2892 1510 2963 temporis
1545 2902 1821 2950 momento
1874 2894 2086 2950 cunctis

503 2982 829 3053 ubicumque
862 2985 1149 3054 agentibus
1180 2986 1436 3039 innotuit.

1047 3073 1278 3131 CAPUT
1318 3074 1479 3131 LXIX
1494 3118 1507 3131 .

503 3167 686 3224 Romae
724 3166 896 3222 luctus
924 3168 987 3222 ob
1020 3176 1260 3262 mortelm‘
1273 3168 1631 3262 Constantini,
1660 3180 1708 3225 et
1741 3167 1998 3242 imagines
2028 3173 2078 3227 ei
2106 3205 2149 3262 ο

1168 3238 1407 3294 decretae.

568 3331 640 3385 At
671 3331 725 3384 in
757 3330 891 3385 urbe
925 3329 1099 3401 regia,
1145 3338 1370 3386 senatus
1417 3333 1760 3404 populusque
1804 3334 2078 3390 Romanus

498 3431 777 3491 comperta
826 3422 1175 3490 imperatoris
1229 3432 1429 3487 morte,
1489 3426 1876 3495 gravissimum
1935 3428 2079 3481 hunc

500 3516 747 3567 nuntium
801 3520 857 3566 et
909 3512 1106 3583 quavis
1156 3512 1479 3570 calamitate
1556 3517 1894 3572 acerbiorem
1947 3516 2078 3579 rati,

502 3604 708 3659 nullum
769 3604 941 3659 luctui
990 3605 1211 3659 modum
1263 3605 1462 3662 fecere.
1505 3607 1718 3678 Quippe
1772 3608 1970 3663 balnea
2021 3617 2079 3664 et

502 3694 618 3749 {ora
649 3710 831 3750 rerum
867 3695 1138 3749 venalium
1172 3696 1357 3751 clausa
1385 3712 1400 3750 :
1436 3698 1652 3768 publica
1682 3698 1809 3752 item
1865 3710 2080 3767 specta-

500 3784 644 3849 cuia,
678 3796 734 3840 et
768 3800 1111 3856 quacunque
1170 3788 1274 3841 alia
1308 3789 1430 3842 vita:
1468 3788 1863 3845 oblectamenta
1902 3791 2077 3845 homi-

507 3894 601 3934 nes
629 3879 682 3932 in
717 3878 830 3932 otio
859 3879 1118 3949 degentes
1148 3881 1453 3934 consectari
1510 3880 1706 3943 solent,
1744 3890 1977 3936 remota.
2012 3880 2077 3935 Et

502 3972 597 4041 qui
626 3975 775 4042 prius
812 3970 1022 4025 deliciis
1049 3970 1416 4034 dillluxerant,
1451 3974 1632 4026 mmsti
1676 3983 1803 4028 tunc
1833 3990 1931 4043 per
1959 3976 2076 4030 vias

504 4064 856 4119 incedebant.
887 4060 1098 4117 Omnes
1137 4063 1523 4132 imperatorem
1553 4066 1773 4119 beatum
1796 4106 1814 4133 ,
1849 4067 1961 4121 Deo
1986 4082 2076 4123 ca-

504 4170 649 4223 rum,
677 4164 733 4210 et
759 4171 984 4225 prorsus
1016 4155 1245 4224 imperio
1275 4155 1651 4226 dignissimum
1687 4159 2073 4224 prmdieabant.

505 4248 691 4319 Neque
740 4251 857 4304 haec
903 4263 1042 4304 voce
1090 4257 1304 4302 tantum
1345 4249 1484 4302 nuda
1535 4249 1927 4305 declarabant:
1979 4252 2075 4307 sed

501 4340 836 4413 imaginibus
890 4339 1161 4395 dedicatis
1200 4346 1477 4395 mortuum
1530 4342 1756 4409 perinde
1785 4358 1848 4396 ac
1886 4357 2078 4413 super-

500 4435 685 4488 stitem
726 4433 1094 4489 honorabant.
1122 4433 1181 4488 In
1206 4433 1404 4504 quibus
1431 4449 1555 4488 cum
1591 4432 1715 4490 caeli
1755 4434 2078 4491 similitudi-

2191 2162 2400 2226 σιλέως,
2437 2162 2638 2233 μηδένα
2673 2162 2961 2234 γνωρίζειν
2990 2162 3199 2235 ἕτερον,
3235 2164 3270 2234 ἢ
3304 2163 3500 2233 μόνους
3524 2164 3639 2227 τοὺς
3664 2165 3741 2216 αὐ-

2185 2253 2281 2307 τοῦ
2314 2253 2508 2317 παῖδας
2537 2253 2826 2323 Ῥωμαίων
2856 2252 3288 2324 αὐτοκράτορας.
3322 2255 3436 2307 Οὐκ
3460 2256 3539 2313 εἰς
3564 2253 3739 2325 μακρὸν

2186 2343 2230 2397 δ’
2254 2342 2457 2413 ἠξίουν,
2497 2342 2571 2414 μὴ
2606 2342 2922 2413 Καίσαρας,
2963 2341 3213 2395 ἐντεῦθεν
3241 2342 3286 2394 δ’
3315 2342 3417 2413 ιἤδη
3452 2344 3571 2406 τούς
3598 2342 3739 2395 ᾶπαν-

2186 2453 2286 2500 in;
2317 2434 2676 2507 χρηματίζειν
2700 2433 3075 2503 Αὐγούστους’
3111 2433 3141 2487 δ
3173 2433 3237 2506 δὴ
3272 2435 3368 2488 καὶ
3402 2433 3638 2505 μέγιστον
3658 2434 3736 2502 τῆς

2185 2529 2445 2583 ἀνωτάτω
2477 2527 2753 2598 βασιλείας
2781 2526 3007 2596 γίγνοιτ’
3034 2526 3101 2580 ἂν
3136 2526 3427 2597 σύμϐολον.
3461 2528 3521 2580 Οί
3552 2526 3641 2598 μὲν
3661 2521 3735 2579 οὖν

2184 2618 2335 2672 ταῦτ’
2367 2618 2670 2690 ἔπραττον,
2717 2615 2815 2680 τὰς
2852 2614 3059 2678 οἰκείας
3087 2614 3305 2686 ψήφους
3350 2631 3409 2668 τε
3457 2614 3548 2668 καὶ
3583 2612 3736 2683 φωνὰς

2184 2711 2271 2766 διὰ
2318 2710 2537 2782 γραφῆς
2579 2708 2831 2781 ἀλλήλοις
2877 2705 3319 2777 διαγγέλλοντες·
3376 2705 3482 2759 ὐπὸ
3529 2704 3645 2775 μίαν
3686 2717 3736 2756 τε

2186 2803 2379 2877 καιροῦ
2427 2802 2597 2875 ῥοπὴν
2642 2805 2754 2866 τοῖς
2803 2797 3120 2871 ἁπανταχοῦ
3164 2799 3335 2852 πᾶσιν
3380 2795 3738 2869 ὲγνωρίζετοή

2185 2896 2294 2949 τῶν
2328 2895 2703 2967 στρατοπέδων
2736 2891 3045 2964 συμφωνία.

2699 3065 3100 3120 ΚΕΦΑΛΑΙΟΝ
3139 3061 3262 3119 ΞΘ⁹.

2197 3162 2425 3235 Ῥώμης
2457 3162 2554 3215 ἐπὶ
2595 3162 3033 3235 Κωνσταντίνφ
3072 3159 3315 3235 πένθος,
3353 3160 3452 3214 καὶ
3499 3157 3591 3211 διὰ
3638 3154 3736 3210 τῶν

2506 3234 2761 3286 εἰκόνων
2793 3231 2933 3301 τιμὴ
2968 3232 3121 3301 μετὰ
3160 3232 3443 3285 θάνατον.

2250 3324 2313 3377 Oi
2333 3323 2389 3376 δὲ
2409 3324 2508 3395 τὴν
2546 3322 2797 3393 βασιλίδα
2820 3322 2973 3376 πόλιν
3000 3321 3297 3386 οἰκοῦντες,
3327 3321 3463 3392 αὐτῇ
3488 3318 3734 3400 συγκλήτῳ

2181 3418 2277 3470 καὶ
2306 3416 2462 3487 δήμῳ
2491 3415 2780 3485 Ῥωμαίων
2807 3451 2822 3479 ,
2860 3413 2936 3477 ὼς
2984 3412 3083 3484 τὴν
3137 3412 3407 3483 βασιλέως
3454 3409 3730 3477 ἐπέγνωσαν

2179 3507 2453 3577 τελευτὴν,
2489 3505 2666 3577 δεινὴν
2707 3506 2802 3559 καὶ
2834 3504 3016 3576 πάσης
3050 3504 3338 3575 συμφορᾶς
3374 3501 3619 3556 ἐπέκεινα
3653 3498 3731 3567 τὴν

2181 3600 2347 3671 ἀκοὴν
2372 3599 2609 3670 θέμενοι,
2645 3598 2838 3662 πένθος
2862 3584 3089 3669 ἄσχετον
3125 3594 3411 3649 ἐποιοῦντο
3435 3612 3446 3625 ο
3476 3593 3658 3663 λουτρὰ
3680 3590 3728 3658 δὴ

2181 3693 2496 3748 ἀπεκλείετο
2520 3692 2616 3746 καλ⁵
2644 3692 2843 3763 ἀγοραὶ
2860 3733 2876 3758 ,
2911 3689 3184 3761 πάνδημοί
3221 3706 3282 3741 τε
3313 3687 3455 3752 θέαι,
3484 3686 3575 3740 καὶ
3600 3678 3727 3736 πάνθ’

2179 3787 2259 3839 δσ⁹
2289 3786 2383 3839 ἐπὶ
2417 3782 2667 3857 ῥαστώνῃ
2703 3782 2820 3853 βίου
2866 3785 2980 3846 τοῖς
3031 3779 3460 3851 εὐθυμουμένοις
3510 3776 3725 3848 πράττειν

2180 3878 2301 3942 ἔθος
2331 3873 2421 3949 ἦν.
2454 3878 2735 3947 Κατηφεῖς
2769 3875 2814 3928 δ’
2847 3877 2896 3929 οἱ
2931 3873 3098 3927 πάλαι
3127 3871 3430 3944 τρυφηλοὶ,
3472 3871 3563 3934 τὰς
3595 3865 3727 3939 προό-

2179 3972 2306 4034 δους
2327 3968 2607 4024 ἐποιοῦντο
2623 3984 2636 3998 ·
2671 3966 2807 4038 ὁμοῦ
2829 3967 2872 4020 δ’
2897 3967 2948 4019 οἰ
2979 3966 3182 4027 πάντες
3202 3964 3293 4016 τὸν
3321 3962 3579 4034 μακάριον
3600 3961 3725 4012 ἀνεν-

2181 4065 2396 4135 φήμουν
2416 4103 2433 4128 ,
2464 4061 2556 4116 τὸν
2587 4059 2844 4130 θεοφιλῆ,
2882 4057 2975 4111 τὸν
3012 4058 3088 4121 ὡς
3118 4054 3337 4125 ἀληθῶς
3364 4054 3464 4125 τῆς
3492 4048 3726 4124 βασιλείας

2181 4154 2403 4221 ἐπάξιον
2424 4170 2439 4185 ⁸
2492 4154 2590 4208 καὶ
2627 4153 2689 4208 οὐ
2738 4152 2913 4206 ταῦτα
2963 4150 3115 4222 βοαῖς
3156 4148 3400 4219 ὲφώνουν
3448 4147 3623 4218 μόνον,
3663 4144 3725 4203 εἰς

2181 4249 2315 4320 ἔργα
2334 4248 2391 4301 δὲ
2411 4245 2736 4319 χωροῦντες,
2761 4244 2967 4307 εἰκόνος
2983 4240 3332 4311 ἀναθήμασιν
3351 4234 3441 4292 οἷά
3460 4255 3557 4306 περ
3579 4234 3731 4300 ζῶντα

2182 4341 2274 4395 καὶ
2306 4339 2611 4411 τεθνηκότα
2657 4336 2821 4391 αὐτὸν
2870 4334 3105 4405 ἐτίμων,
3153 4331 3387 4404 οὐρανοῦ
3436 4331 3527 4401 μὲν
3569 4325 3731 4396 σχῆμα

2179 4430 2615 4493 διατυπώσαντες
2657 4430 2715 4483 ὲν
2756 4426 3063 4500 χρωμάτων
3109 4426 3337 4496 γραφῇ,
3380 4422 3515 4492 ὑπὲρ
3554 4416 3731 4486 ἀψίδων

505 4540 627 4579 nem
658 4524 1059 4596 expressissent
1091 4527 1147 4579 in
1166 4503 1376 4591 tabula,
1416 4524 1593 4594 ipsum
1622 4541 1783 4595 supra
1825 4526 2077 4582 caelestes

2188 4525 2447 4597 οὐρανίων
2482 4525 2540 4575 ὲν
2570 4520 2801 4591 αἰθερίῳ
2830 4517 3080 4590 διατριϐῇ
3109 4514 3566 4584 διαναπαυόμενον
3591 4503 3730 4606 αὐτὴν

504 4613 767 4679 furnices,
800 4614 855 4668 in
895 4615 1135 4669 aztltereo
1164 4614 1440 4670 domicilio
1481 4615 1913 4685 requiescentem
1950 4616 2076 4687 pin-

507 4721 656 4761 xere.
689 4705 829 4772 Quin
853 4706 1019 4760 etiam
1052 4705 1157 4775 ipsi
1188 4706 1394 4761 liberos
1432 4705 1570 4773 ejus,
1600 4707 1961 4777 imperatores
1988 4717 2075 4762 at-

502 4812 609 4865 que
633 4797 906 4868 Augustos
953 4798 1101 4853 solos
1151 4798 1273 4853 sine
1322 4799 1642 4868 cujusquam
1679 4799 1909 4855 alterius
1936 4814 2073 4854 con-

501 4888 673 4944 sortio
704 4892 1089 4959 nuncupabant
1115 4908 1130 4945 :
1167 4890 1492 4960 magnisque
1519 4890 1852 4946 clamoribus
1881 4905 2075 4962 postu-

502 4979 713 5045 la’bant,
743 4989 803 5034 ut
832 4980 1179 5051 imperatoris
1209 4982 1293 5035 sui
1321 4978 1489 5035 funus
1532 4980 1674 5050 apud
1701 4994 1762 5034 se
1794 4981 2075 5046 baberent,

501 5086 557 5131 ct
586 5075 642 5130 in
672 5074 823 5145 regia
853 5075 991 5132 urbe
1024 5077 1379 5146 deponerent.

1076 5166 1309 5224 CAPUT
1350 5165 1515 5220 LXX.

575 5258 850 5326 Quomodo
874 5258 1038 5329 [unus
1069 5257 1533 5384 C((Jznstantinomli
1556 5257 1848 5324 depositum
1878 5259 1949 5312 sit
1969 5274 2001 5311 a

1164 5341 1452 5384 anstanuo.

1164 5341 1452 5385 οηδιαηιιο.

574 5421 731 5477 Hunc
781 5421 1011 5491 principi
1059 5437 1090 5476 a
1141 5421 1253 5477 Deo
1299 5423 1588 5486 honorato,
1637 5420 1801 5474 etiam
1843 5417 2073 5474 Romani

504 5512 766 5570 honorem
806 5515 1194 5574 exhibuerunt.
1221 5517 1296 5571 At
1321 5516 1601 5572 secundus
1622 5527 1690 5568 ex
1722 5511 1845 5566 [iliis
1882 5513 1949 5566 ad
1979 5526 2074 5581 pa-

574 5649 685 5720 (7l)
730 5649 800 5705 Τὸ
841 5648 1070 5721 σκῆνος
1104 5651 1210 5707 τοῦ
1238 5666 1412 5721 σφων
1436 5649 1759 5721 βασιλέως.
1800 5648 1945 5721 Idem
1992 5655 2072 5700 te-

2182 4594 2263 4688 τῇ-
2289 4616 2472 4688 γραφῇ
2515 4613 2937 4686 παραδιδόντες’
2979 4610 3107 4672 τοὺς
3150 4609 3196 4662 δ’
3236 4607 3405 4661 αὐτοῦ
3447 4602 3622 4663 παῖδας
3648 4594 3733 4650 καὶ

2181 4704 2324 4765 οὗτοι
2374 4703 2565 4779 μόνους
2594 4707 2687 4760 καὶ
2718 4704 2828 4759 οὐδ’
2858 4703 3067 4765 ἄλλους,
3102 4701 3507 4771 αὐτοκράτορας
3538 4697 3623 4747 καὶ
3646 4690 3735 4742 Σεο

2183 4799 2414 4862 ϐαστούς
2460 4797 2755 4851 ἀνεκάλουν
2780 4836 2794 4861 ,
2853 4793 3002 4864 βοαῖς
3051 4793 3103 4845 τ’
3155 4790 3399 4862 ἐχρῶντο
3450 4781 3730 4854 ἱκετηρίας.

2182 4894 2242 4946 τὸ
2278 4892 2473 4962 σκῆνος
2513 4890 2608 4944 τοῦ
2641 4905 2790 4958 σφων
2829 4885 3091 4955 βασιλέως
3131 4884 3249 4955 (71)
3292 4882 3420 4954 παρ’
3448 4880 3612 4938 αὐτοῖς
3643 4887 3735 4923 ιο-

2185 4982 2469 5055 μίζοντες,
2515 4983 2611 5036 καὶ
2657 4983 2724 5053 τῇ
2759 4977 2983 5051 βασιλίδι
3026 4976 3177 5030 πόλει
3218 4968 3589 5028 κατατίθεσθαι
3613 4977 3737 5016 τιστ-

2182 5072 2458 5147 νιὼμενοι.

2721 5158 3114 5216 ΚΕΦΑΛΑΙΟΝ
3148 5159 3225 5212 0'.

2183 5255 2514 5321 Κατάθεσις
2569 5252 2677 5307 τοῦ
2735 5251 3127 5320 σκηνώματος
3178 5247 3300 5302 ὑπὸ
3344 5238 3735 5303 Κωνστωτίσυ

2469 5325 2685 5390 παιδὸς
2710 5325 2782 5377 ἐν
2820 5320 3473 5376 Κωνσταντινουπόλει.

2263 5416 2422 5472 Ἀλλὰ
2450 5416 2550 5471 καὶ
2590 5414 2699 5468 οἵδε
2746 5411 2921 5483 ταύτῃ
2967 5411 3059 5464 τὸν
3103 5409 3259 5481 παρὰ
3300 5398 3739 5498 (isdemnec:

2180 5508 2445 5579 ἐκόσμουν
2470 5523 2485 5535 ⁸
2529 5507 2559 5559 ὁ
2591 5504 2650 5559 δὲ
2692 5501 2803 5557 τῶν
2846 5500 3053 5555 παίδων
3095 5499 3351 5569 δεύτερος
3395 5493 3499 5560 (Ἰῖ)
3533 5493 3601 5557 τῷ
3629 5498 3739 5534 του

2181 5644 2345 5699 menti
2375 5642 2608 5708 imperio
2637 5640 2794 5710 quasi
2829 5648 3077 5694 novatam
3115 5638 3306 5693 urbem
3338 5635 3604 5689 Romanam
3633 5634 3743 5673 δι’·

506 5716 681 5773 statur
707 5716 957 5775 Aurelius
991 5716 1174 5776 Victor
1204 5716 1300 5776 Ιιὶέ
1317 5723 1500 5776 verbis
1525 5761 1541 5776 .
1575 5740 1593 5770 ι
1625 5718 1809 5776 Funus
1841 5717 2067 5771 relatum
2177 5716 2496 5769 bitrarctnr.
2533 5730 2551 5760 ι

508 5789 563 5841 in
594 5789 778 5869 urbem
805 5790 1165 5871 suinnominis.
1190 5792 1342 5870 Quod
1375 5805 1507 5846 sane
1533 5788 2069 5871 populusilomaqus

508 5858 787 5925 aegerrime
818 5858 936 5913 tulit
969 5880 981 5913 :
1021 5856 1234 5932 quippe
1256 5860 1413 5929 cujus
1450 5856 1640 5930 armis,
1685 5859 1915 5931 legibus,
1954 5856 2069 5912 cle-
2107 5938 2113 5943 _

2242 5759 2571 5854 mea
2616 5779 2737 5834 τῶν
2788 5778 3021 5854 παίδων
3061 5778 3363 5854 δεύςερος.
3408 5759 3744 5854 ϐοηξξρβιιῇξε

2175 5836 2377 5919 ειέδεηί,
2416 5867 2577 5921 quem
2611 5862 2762 5923 pater
2795 5850 3004 5906 Orienti
3045 5836 3398 5920 praefecerat,
3438 5836 3596 5897 audita
3622 5844 3742 5900 pa-
