3884 6494
463 497 600 551 1⁸235

1173 493 1440 550 EUSEBII
1477 492 1958 550 CzESARIEhSlS
1997 492 2025 548 ί

2132 533 2146 546 .
2188 491 2373 547 PARS
2411 491 2451 544 l.
2492 521 2562 532 —
2599 489 2996 548 HISTORICA.

3574 491 3704 545 i256

458 630 580 669 cum
610 623 798 669 natura
829 621 949 682 apte
979 613 1354 680 consentiens;
1375 613 1599 668 invaluit
1629 624 1808 668 autem
1840 624 2024 683 postea

2132 615 2186 668 οὗ
2223 612 2331 683 (89)
2390 613 2621 684 μετρίως
2661 612 2865 685 ἂπαρὰ
2880 613 3059 682 φύσιν,
3087 612 3178 667 τὸν
3193 613 3304 668 τῶν
3334 611 3553 666 πάντων
3580 613 3702 666 Θεὸν

460 711 511 762 id
544 708 684 778 quod
729 720 951 776 prorsus
984 714 1192 758 natura!
1232 704 1566 758 contrarium
1609 714 1728 768 est,
1759 716 1816 758 ut
1865 707 2030 759 Deum

457 801 698 854 omnium
727 806 1003 851 auctorem
1037 809 1196 849 nemo
1217 810 1461 864 congruo
1485 796 1634 849 cultu
1659 807 2029 861 veneraretur,

458 902 764 958 cunctaque
795 905 900 943 non
929 889 1098 942 divini
1123 887 1370 942 Numinis
1397 890 1761 959 providentia,
1785 891 1878 944 sed
1901 907 2030 944 casu

456 979 688 1046 quodam
744 992 808 1030 ac
858 988 1061 1031 temere
1111 979 1223 1047 geri
1278 990 1620 1047 putarentur.
1674 979 1741 1033 Et
1783 983 2032 1050 quamvis

457 1069 727 1136 propheta:
759 1069 945 1124 divino
995 1069 1199 1137 Spiritu
1235 1071 1396 1124 alllati
1431 1071 1662 1141 idipsum
1696 1073 1902 1128 diserte
1935 1089 2032 1127 an-

399 1205 408 1216 .
454 1161 793 1224 nuntiarent,
827 1177 1058 1230 quorum
1096 1163 1443 1216 sermonibus
1485 1164 1620 1218 fides
1649 1165 1899 1220 adhiberi
1931 1166 2029 1220 de-

452 1250 640 1304 but-rat
664 1292 680 1314 ,
714 1263 894 1307 tamen
933 1253 1116 1323 iniqua
1149 1254 1400 1322 impietas
1436 1257 1611 1310 modis
1651 1258 1908 1312 omnibus
1942 1274 2028 1314 re-

451 1345 728 1410 pugnabat
759 1363 771 1398 :
807 1344 980 1412 ipsam
1019 1345 1237 1414 quidem
1265 1347 1515 1402 veritatis
1545 1347 1717 1402 lucem
1751 1350 1875 1404 odio
1907 1366 2030 1420 pro-

449 1450 723 1503 sequens,
776 1437 1220 1506 impenetrabiles
1270 1447 1450 1494 autem
1513 1441 1764 1495 tenebras
1823 1443 2030 1496 erroris

448 1527 806 1595 amplectens.
831 1527 1016 1598 Neque
1043 1544 1170 1582 vero
1198 1528 1279 1582 vis
1302 1545 1365 1584 ac
1395 1531 1600 1585 saevitia
1642 1532 1814 1587 abfuit
1837 1575 1850 1598 ,
1886 1548 2030 1603 pran-

449 1621 636 1673 sertitu
665 1636 789 1674 cum
834 1622 1187 1677 temerarium
1221 1625 1477 1694 impetum
1533 1625 1674 1691 vulgi
1723 1625 2025 1693 principum

449 1713 751 1764 auctoritas
779 1712 1099 1780 adiuvaret,
1144 1725 1256 1781 aut,
1287 1725 1345 1770 ut
1385 1718 1568 1771 verius
1595 1717 1767 1770 dicam
1787 1757 1802 1780 ,
1839 1717 1937 1786 ipsi
1969 1731 2028 1771 se

449 1801 746 1869 importuni
778 1799 981 1858 furoris
1030 1803 1195 1858 duces
1226 1805 1549 1874 praeberent.
1579 1803 1769 1874 Itaque
1800 1807 1913 1861 haec
1941 1808 2025 1860 vi-

451 1893 605 1947 vendi
658 1894 800 1947 ratio
837 1893 1072 1962 plurium
1125 1907 1343 1951 aetatum
1386 1914 1484 1953 usu
1525 1899 1872 1962 conﬁrmata,
1905 1899 2024 1953 illo-

2135 705 2398 770 καταξίαν
2422 705 2596 758 σέϐειν
2616 705 2841 776 μηδένα,
2855 703 3166 776 νομίζεσθαί
3181 723 3238 758 τε
3256 704 3330 776 μὴ
3351 707 3417 758 ἐκ
3434 704 3700 776 προνοίας,

2134 795 2246 849 ἀλλ’
2278 796 2354 858 ὼς
2402 796 2608 866 ἔτυχεν,
2640 797 2889 859 ἀτάκτως
2904 813 2959 849 τε
2979 798 3070 848 κα)⁵
3114 796 3453 866 πλημμελῶς
3476 795 3545 848 τὰ
3580 797 3700 849 πάν-

2133 905 2200 941 τα
2234 891 2571 941 συνεστάναι.
2611 889 2716 941 Καὶ
2747 887 2920 942 ταῦτα
2949 888 3377 957 ἐξαγγελλοῦσης
3395 889 3702 942 καθέκαστα

2134 979 2279 1043 θείας
2314 981 2599 1043 ἐπιπνοίας
2629 979 2715 1033 διά
2765 981 3086 1051 προφητῶν,
3130 975 3212 1043 οἷς
3244 980 3350 1033 ἔδει
3388 979 3663 1035 πείθεσθαι
3685 1021 3698 1044 ,

2132 1071 2418 1123 ἀνθίστατο
2448 1072 2723 1134 παντοίαις
2753 1073 3020 1142 μηχαναῖς
3053 1071 3234 1123 άδικία
3267 1070 3560 1140 δυσσεϐὴς,
3589 1070 3697 1122 δια-

2134 1162 2444 1232 ϐεϐλημένη
2482 1164 2579 1233 μὲν
2616 1163 2749 1234 πρὸς
2773 1163 2835 1215 τὸ
2860 1163 2956 1232 τῆς
2989 1162 3244 1231 ἀληθείας
3281 1163 3428 1231 φῶς,
3472 1162 3699 1225 ἀσπαζο-

2135 1253 2266 1324 μένη
2301 1255 2359 1307 δὲ
2382 1255 2441 1307 τὸ
2471 1255 2820 1323 δυσέλεγκτον
2851 1255 2946 1308 τοῦ
2983 1257 3224 1317 σκότους.
3256 1254 3394 1307 Ἀλλ’
3411 1255 3532 1306 οὐδὲ
3557 1253 3696 1306 τοῦτο

2131 1349 2299 1417 χωρὶς
2358 1346 2478 1416 βίας
2531 1347 2621 1398 καὶ
2666 1347 2981 1418 ὠμότητος,
3038 1347 3332 1418 ἐξαιρέτως
3385 1347 3471 1399 ὅτι
3503 1349 3569 1415 τῇ
3600 1346 3696 1397 τῶν

2131 1438 2364 1508 χυδαίων
2396 1439 2582 1510 δήμων
2627 1439 2923 1511 ἀπροόπτῳ
2955 1442 3096 1511 φορᾷ
3127 1443 3158 1510 ἡ
3200 1439 3308 1492 τῶν
3354 1438 3693 1492 δυναστευόν-

2128 1546 2236 1582 των
2267 1529 2462 1600 γνώμη
2518 1529 2922 1600 συνελάμϐανε,
2976 1529 3170 1600 μᾶλλον
3217 1531 3275 1584 δὲ
3326 1530 3426 1599 τῆς
3480 1529 3692 1600 ἀκαίρου

2133 1623 2329 1692 μανίας
2375 1621 2510 1694 αὕτη
2556 1621 2866 1693 καθηγεῖτο.
2913 1623 3004 1675 Διὸ
3044 1623 3109 1694 δὴ
3151 1622 3372 1686 πολλαῖς
3418 1625 3628 1690 γενεαῖς
3669 1625 3694 1674 6

2128 1716 2366 1780 τοιοῦτος
2390 1717 2502 1787 βίος
2529 1716 2874 1788 κρατυνθεὶς,
2913 1716 3180 1786 μεγίστων
3211 1716 3407 1784 γέγονε
3440 1719 3552 1781 τοῖς
3589 1717 3692 1769 τότε

2130 1807 2316 1862 κακῶν
2358 1807 2547 1870 αίτιος.
2598 1807 3012 1877 Ἐπιλαμψάσης
3039 1806 3098 1860 δὲ
3128 1808 3449 1879 παραυτίκα
3476 1809 3573 1878 τῆς
3608 1806 3691 1860 τοῦ

2129 1899 2380 1970 Σωτῆρος
2412 1899 2754 1968 ἐπιφανείας.
2776 1898 2900 1969 δίκη
2952 1895 3048 1966 μὲν
3091 1897 3149 1963 ἐξ
3179 1899 3379 1952 άδίκων
3414 1900 3608 1971 ἔργων,
3639 1902 3693 1952 ἐκ

449 1999 571 2037 rum
600 1991 903 2052 temporum
935 1986 1248 2042 hominibus
1276 1990 1538 2056 plurimas
1569 1993 1771 2045 invexit
1797 1993 2025 2047 calami-

2132 1993 2182 2045 δὲ
2211 1991 2551 2046 παντοδαποῦ
2574 1991 2842 2054 κλύδωνος
2863 1991 3067 2062 γαλήνη
3099 1992 3407 2055 συνίστατο,
3435 1993 3530 2045 καὶ
3551 1991 3691 2046 πάνθ’

449 2086 608 2132 tates.
640 2076 841 2132 Verum
876 2078 964 2132 ubi
994 2082 1230 2150 primum
1256 2081 1565 2140 Servatoris
1585 2087 1758 2144 nostri
1789 2101 2025 2154 praesen-

449 2170 522 2223 tia
556 2169 758 2236 illuxit,
782 2171 963 2226 statim
995 2190 1093 2242 pro
1119 2174 1380 2244 iniustitia
1410 2177 1660 2245 aequitas,
1680 2192 1779 2247 pro
1812 2179 2026 2249 gravis-

446 2260 582 2314 sima
613 2271 930 2332 tempestate
957 2263 1122 2336 568
1145 2266 1412 2321 serenitas
1433 2266 1622 2322 oborta
1647 2281 1731 2323 est
1756 2285 1771 2334 ;
1802 2280 1858 2323 et
1881 2286 2027 2340 quae-

445 2368 664 2423 cunque
711 2370 740 2409 a
776 2357 1058 2426 prophetis
1086 2359 1340 2428 praedicta
1364 2359 1601 2434 fuerant,
1633 2362 1855 2431 impleta
1877 2373 2022 2417 sunt.

444 2443 740 2518 Postquam
765 2448 911 2502 enim
955 2449 1098 2504 idem
1139 2450 1230 2506 ille
1260 2449 1522 2506 Servator
1545 2461 1730 2509 noster
1753 2456 1820 2508 ad
1847 2455 2026 2512 Patris

445 2540 528 2594 sui
553 2539 800 2595 sublatus
824 2549 908 2595 est
928 2541 1258 2598 domicilium
1279 2585 1294 2610 ,
1322 2556 1434 2600 toto
1459 2556 1725 2602 terrarum
1748 2547 1882 2602 orbe
1898 2563 2026 2603 con-

448 2632 694 2686 tincntia:
737 2647 804 2688 ac
853 2634 1134 2692 modestia:
1172 2638 1338 2693 radiis
1384 2638 1680 2704 illustrato,
1725 2639 2022 2696 Ecclesiam

445 2739 601 2776 suam
638 2723 792 2794 quasi
843 2739 1057 2780 sacrum
1096 2728 1364 2795 quoddam
1413 2730 1632 2784 virtutis
1679 2729 1930 2800 templum
1970 2731 2022 2785 in

449 2815 614 2869 terris
637 2815 948 2880 constituit,
971 2816 1132 2885 idque
1151 2827 1411 2873 aeternum
1447 2829 1501 2874 et
1531 2820 1902 2887 incorruptum
1924 2862 1938 2887 ,
1969 2821 2022 2874 in

446 2923 555 2978 quo
591 2917 703 2962 tum
764 2923 980 2963 summo
1017 2909 1130 2964 Deo
1180 2925 1244 2965 ac
1283 2910 1428 2965 Patri
1463 2912 1698 2980 debitus,
1752 2922 1864 2966 tum
1922 2913 2020 2982 ipsi

445 3019 662 3072 quoque
714 3006 1048 3061 conveniens
1102 3006 1281 3062 cultus
1330 3008 1432 3062 rite
1481 3009 1850 3064 exhiberetur.
1915 3009 2021 3063 Sed

443 3095 571 3164 quid
607 3105 732 3164 post
781 3099 897 3154 haec
944 3113 1143 3153 vesana
1180 3099 1421 3170 gentium
1470 3100 1676 3154 malitia
1711 3103 2020 3156 machinata

442 3189 567 3245 est?
595 3190 796 3246 Christi
832 3193 1096 3249 beneﬁcia
1144 3209 1208 3248 ac
1247 3194 1384 3249 dona
1426 3195 1720 3266 projicere,
1749 3206 1802 3252 et
1833 3195 2022 3251 Eccle-

443 3282 580 3336 siam
611 3283 705 3338 Dei
739 3285 806 3340 ad
841 3285 1073 3340 salutem
1115 3287 1356 3341 omnium
1388 3289 1740 3343 constitutam
1772 3301 2019 3344 evertere
2045 3325 2092 3387 ο

440 3374 672 3439 studuit,
701 3390 767 3431 ac
792 3392 944 3433 suam
969 3378 1411 3448 superstitionem
1442 3380 1495 3434 in
1528 3380 1646 3450 ejus
1673 3380 1850 3435 locum
1888 3381 2018 3434 sub-

441 3466 688 3522 stituere.
717 3465 916 3523 lterum
961 3470 1291 3538 seditiones;
1325 3473 1519 3526 iterum
1545 3487 1736 3542 pugna:
1761 3482 1817 3526 et
1838 3471 1972 3525 bella
2000 3489 2017 3538 ;

442 3559 640 3614 iterum
676 3563 966 3615 morositas
1009 3571 1064 3618 et
1121 3562 1413 3617 uxuriosus
1444 3563 1568 3617 vitae
1601 3572 1924 3632 apparatus,
1962 3573 2017 3616 et

441 3649 714 3718 cupiditas
745 3650 1059 3705 divitiarum
1093 3672 1106 3708 :
1137 3669 1256 3730 quae
1289 3656 1508 3724 quidem
1541 3664 1740 3726 prater
1767 3663 2017 3709 naturam

2127 2085 2228 2138 ὅσα
2259 2085 2344 2138 διὰ
2379 2085 2669 2156 προφητῶν
2711 2085 3022 2156 προείρητο,
3059 2085 3385 2157 ἐπληροῦτο.
3421 2086 3692 2157 Τοιγάρτοι

2130 2178 2418 2247 μετάρσιος
2447 2179 2526 2241 είς
2544 2178 2640 2249 τὴν
2668 2176 2924 2250 πατρῴαν
2955 2176 3138 2230 ἐστίαν
3167 2177 3378 2248 ἀρθεὶς,
3413 2178 3593 2241 αἰδοῦς
3612 2179 3690 2232 καὶ

2128 2269 2482 2342 σωφροσύνης
2514 2271 2848 2340 ἀγλαῖσμασι
2874 2270 2971 2340 τὴν
2993 2272 3316 2341 οίκουμένην
3345 2273 3686 2342 περιστήσας,

2127 2364 2269 2434 ἱερόν
2300 2380 2420 2418 τινα
2451 2362 2586 2416 νεὼν
2616 2363 2837 2435 ἀρετῆς,
2865 2363 2965 2433 τὴν
3009 2361 3337 2433 Ἐκκλησίαν
3369 2365 3462 2416 ἐπὶ
3488 2365 3582 2434 τῆς
3602 2365 3687 2433 γῆς

2127 2455 2398 2526 ἱδρύσατο,
2435 2455 2626 2517 ἀΐδιον,
2667 2455 2965 2526 ἄφθαρτον,
3002 2455 3060 2507 ἐν
3100 2448 3145 2522 ᾧ
3182 2455 3252 2509 τά
3287 2473 3347 2508 τε
3395 2455 3474 2526 τῷ
3517 2455 3687 2526 ἐξοχω-

2125 2548 2270 2619 τάτῳ
2324 2549 2498 2621 Harp!
2547 2548 2666 2618 Θεῷ
2713 2548 2922 2610 δέοντα,
2972 2547 3044 2601 τά
3088 2547 3136 2600 θ’
3164 2548 3347 2618 ἐαυτῷ
3401 2548 3685 2618 καθήκοντα

2125 2639 2359 2693 ἐτελεῖτο
2397 2643 2510 2712 μετ’
2531 2639 2832 2703 εὐσεϐείας.
2872 2640 2936 2692 Τί
2964 2639 3028 2711 δὴ
3077 2640 3218 2711 μετὰ
3244 2640 3422 2693 ταῦτα
3451 2643 3484 2711 ἡ
3519 2641 3684 2711 ἄφρων

2124 2733 2232 2786 τῶν
2263 2732 2433 2786 ἐθνῶν
2474 2734 2785 2804 ἐμηχανᾶτο
2811 2733 3076 2804 πονηρία;
3115 2732 3458 2804 Ἐπετήδευε,
3489 2731 3584 2794 τὰς
3605 2732 3683 2786 τοῦ

2125 2824 2360 2897 Χριστοῦ
2411 2827 2636 2896 χάριτας
2671 2825 3028 2889 ἐκϐάλλουσα,
3075 2827 3171 2878 καὶ
3196 2826 3297 2896 τὴν
3333 2826 3428 2877 ἐπὶ
3463 2824 3681 2894 σωτηρία

2123 2917 2232 2970 τῶν
2265 2917 2479 2970 πάντων
2512 2917 2867 2972 συσταθεῖσαν
2907 2917 3233 2988 Ἐκκλησίαν
3284 2917 3570 2989 πορθῆσαι,
3605 2919 3681 2970 ἁν-

2126 3008 2321 3079 έτρεπε
2368 3009 2544 3080 δὲτὴν
2583 3011 2788 3064 οίκείαν
2816 3009 3250 3080 δεισιδαιμονίαν.
3304 3010 3538 3072 Ἀνόσιος
3586 3008 3679 3078 (90)

2125 3098 2279 3164 αὖθις
2307 3102 2513 3164 στάσις,
2537 3102 2782 3172 πόλεμοι,
2818 3102 3006 3174 μάχαι,
3038 3101 3410 3173 δυστραπελία
3445 3100 3678 3170 (91),βίου

2126 3194 2468 3265 παρασκευὴ,
2504 3193 2799 3264 χρημάτων
2832 3193 2970 3263 ἔρως
2990 3209 3002 3222 ·
3037 3193 3066 3245 ὃ
3089 3194 3184 3246 καὶ
3205 3193 3267 3246 οὐ
3305 3193 3546 3262 φυσικῶς
3572 3191 3679 3243 ἴδιον

2124 3288 2408 3360 πονηρίας,
2445 3286 2573 3339 ποτὲ
2599 3287 2694 3356 μὲν
2716 3287 2894 3340 ἐλπίσι
2922 3287 3465 3357 κεκαλλωπισμέναις
3490 3285 3674 3352 θέλγοι,

2125 3379 2255 3432 ποτὲ
2281 3380 2338 3433 δὲ,
2363 3379 2510 3450 φόϐῳ
2525 3379 2908 3450 καταπλήττοι.
2941 3380 3077 3432 Ἀλλ’
3093 3379 3231 3450 αῦτη
3265 3381 3366 3449 μὲν
3398 3379 3508 3448 (92)
3528 3378 3677 3449 χαμαὶ

2125 3470 2346 3535 κείσθω,
2377 3470 2671 3542 ἡττηθεῖσα
2695 3472 2787 3524 ὑπ’
2818 3471 3040 3543 ἀρετῆς,
3071 3466 3105 3545 ᾖ
3141 3471 3330 3543 θέμις,
3375 3471 3674 3543 διαρρηγνυ-

2128 3562 2283 3634 μένη,
2336 3563 2750 3635 σπαραττομένη
2795 3581 2854 3616 τι
2888 3563 2993 3618 ὑπὸ
3033 3565 3415 3635 μεταμελείας.
3457 3565 3604 3634 Ἡμῖν
3629 3561 3674 3616 δὲ

2124 3653 2218 3707 νῦν
2241 3654 2309 3707 τὰ
2334 3657 2678 3726 προσήκοντα
2710 3655 2790 3727 τῷ
2822 3657 2949 3727 θείῳ
2975 3656 3119 3727 λόγῳ
3148 3658 3343 3727 ῥητέον
3363 3657 3496 3727 (93).

442 3741 497 3811 in
518 3740 832 3797 hominibus
867 3745 1136 3801 exsistens
1161 3746 1324 3818 (quod
1368 3748 1649 3818 proprium
1676 3757 1759 3803 est
1787 3747 2173 3817 malitize)uunc
2200 3764 2296 3819 spe
2331 3748 2510 3804 fucata
2553 3748 2810 3815 oblectat,
2860 3764 3004 3803 nunc
3047 3751 3242 3804 timore
3289 3751 3546 3818 percellit.
3586 3746 3675 3802 Sed

443 3837 560 3894 hinc
591 3840 830 3923 quidem,
858 3850 916 3894 ut
946 3843 1172 3909 aequitas
1195 3843 1448 3911 postulat,
1471 3845 1618 3898 humi
1657 3845 1858 3914 jaceat,
1915 3859 1947 3899 a
1989 3844 2184 3899 virtute
2221 3845 2456 3909 devicta,
2481 3855 2538 3899 et
2583 3860 2692 3914 prae
2740 3845 3057 3914 paenitentia
3093 3847 3327 3913 seipsam
3363 3846 3672 3915 disrumpens

445 3939 607 4023 atque
633 3931 958 4009 dilacerans.
978 3932 1146 3992 Nobis
1175 3950 1306 4005 vero
1343 3950 1408 3990 ea
1434 3950 1555 4007 quae
1579 3936 1773 4007 divinae
1792 3937 2052 4008 doctrinae
2069 3937 2420 4002 conveniunt,
2447 3937 2936 4007 impraesentiarum
2964 3936 3194 3993 dicenda
3227 3947 3375 3994 sunt.

449 4153 516 4175 ι-
558 4132 874 4208 Lectionem
937 4138 970 4207 ἡ
1022 4135 1164 4191 κατὰ
1221 4136 1380 4208 φύσιν
1437 4136 1548 4208 ζωή
1617 4135 1775 4208 unice
1836 4153 2017 4195 veram

445 4207 840 4278 esseadoceut
878 4206 1158 4276 sequentia
1193 4248 1208 4273 ,
1267 4206 1304 4260 ἃ.
1365 4206 1545 4278 παρα
1588 4207 1772 4278 φῦσιν.
1838 4207 2020 4276 Neque

445 4277 712 4345 perspicio
752 4292 848 4330 cur
903 4287 1187 4338 tantopere
1238 4277 1475 4332 oﬂ'ensus
1526 4279 1597 4332 sit
1647 4277 1890 4334 Valesius
1932 4280 2025 4333 illo

444 4349 480 4419 ὴ
505 4347 644 4401 κατὰ
672 4347 833 4416 φύσιν
872 4348 1006 4413 ζωή.
1041 4348 1195 4404 Patet
1217 4350 1362 4403 enim
1395 4348 1807 4402 Constantinum
1843 4349 2026 4403 ludere

447 4419 499 4472 iu
544 4433 676 4471 voce
707 4419 868 4488 φύσις
903 4420 1167 4488 ᾳυοάίὺὶε
1195 4421 1408 4474 diverso
1437 4434 1596 4473 sensu
1631 4421 1860 4485 positum
1887 4421 2028 4472 hanc

445 4489 772 4543 sententiam
799 4487 959 4544 alfert
991 4508 1004 4543 :
1041 4487 1431 4544 Ornameutum
1469 4499 1694 4554 naturae,
1733 4491 1784 4543 id
1819 4501 1901 4544 est
1934 4493 2028 4542 ho-

445 4562 650 4612 minum
699 4576 726 4611 a
778 4561 888 4614 Deo
933 4573 1262 4625 creatorum,
1298 4571 1380 4616 est
1414 4561 1520 4613 vita
1569 4571 1773 4614 natura:
1797 4574 2026 4614 consen-

446 4631 606 4684 tiens.
653 4629 973 4685 Ilemtcncu.

518 4699 630 4768 (89)
675 4701 828 4769 Vulg.
875 4701 1304 4769 ἐπικεκράτηκε
1346 4702 1474 4770 γάρ.
1523 4701 1875 4754 Scrihendum
1912 4703 2029 4753 ἐπι-

444 4772 767 4843 κεκράτηκε
785 4771 842 4824 δὲ
889 4773 954 4843 οὑν
979 4772 1213 4842 μετρίως
1236 4772 1296 4824 ὃν
1329 4772 1478 4843 παρὰ
1515 4771 1697 4841 φύσιν,
1732 4772 2032 4843 etc._Cerle

446 4840 501 4893 in
525 4842 644 4913 cod.
675 4841 808 4913 lf‘uk.
833 4839 1512 4913 ερτίὺίιιιιέὲπικεκράτηκε
1531 4839 1666 4894 δὀὐ
1699 4841 1934 4912 μετρίως
1963 4839 2030 4893 τά

448 4910 601 4978 παρὰ
635 4911 816 4978 φύσιν,
848 4913 938 4964 τὸν
969 4912 1076 4964 τῶν
1096 4910 1356 4966 ἁπάντων
1382 4910 1534 4974 Θεὸν,
1563 4923 1666 4965 etc.

541 4982 630 5052 90)
671 4982 826 5050 Vulg.
873 4982 1342 5052 δεισιδαιμονίαν
1367 4983 1435 5036 δὲ
1463 4984 1729 5050 ἀνόσιος.
1764 4982 1818 5036 In
1847 4981 2032 5037 codice

449 5051 621 5117 Regio
647 5053 845 5105 desunt
859 5055 976 5105 dum
991 5051 1274 5118 postrema:
1289 5069 1464 5114 voces.
1481 5065 1535 5107 et
1551 5069 1778 5106 vacuum
1796 5053 2028 5120 spatium

448 5123 699 5176 relictqu
727 5133 831 5186 est,
865 5122 1028 5176 unius
1064 5123 1308 5176 vocabuli
1334 5139 1523 5189 capax.
1555 5123 1666 5192 Ego
1696 5140 1800 5176 non
1841 5123 2029 5175 dubito

450 5193 583 5264 quin
614 5192 900 5259 legendqu
920 5193 1007 5254 sit,
1028 5192 1125 5263 τὴν
1156 5194 1364 5246 οἰκείαν
1384 5194 1800 5264 δεισιδαιμονίαν
1830 5194 2031 5264 ἀντεισ-

448 5263 643 5336 ἀγεινέ
671 5271 941 5330 expuncto
961 5262 1146 5336 _verbo
1179 5262 1768 5336 ἰΙΙοᾷάνέτρεπείᾳιιοιΙ
1809 5262 2030 5336 omnino

447 5331 776 5402 superﬂuum
807 5343 912 5386 est.
961 5333 1014 5385 In
1051 5336 1236 5387 codice
1270 5334 1404 5388 Fuk.
1431 5331 1499 5388 ita
1545 5334 1803 5387 scribitur
1827 5333 1914 5386 hic
1949 5331 2028 5382 lo-

447 5420 544 5477 cus
565 5401 936 5477 [Ἐκκλησίαν
965 5404 1262 5477 πορθῆσαν.
1285 5404 1574 5477 Ἀνετρεπέ
1599 5405 1780 5477 τε-τὴν
1823 5402 2028 5456 οίκείαν

447 5472 891 5544 δεισιδαιμονίαν,
921 5472 1094 5538 νότιος
1125 5472 1314 5544 αὖθις.
1347 5472 1454 5529 ριοξ
1491 5476 1545 5528 In
1595 5472 1806 5529 schedis
1847 5483 2025 5526 autem

450 5543 633 5613 Regiis
657 5543 915 5614 scriptum
933 5544 1030 5598 'est
1045 5547 1198 5607 νόσος
1220 5543 1393 5608 αὖθις,
1413 5555 1516 5598 etc.
1533 5545 1765 5614 Savilius
1783 5545 1854 5614 ad
1876 5559 2028 5614 oram

448 5612 574 5690 libri
625 5615 706 5668 sui
737 5612 1064 5690 eiueudavit,
1095 5617 1371 5690 ἀνέτρεπεΔ
1393 5615 1450 5668 δὲ
1478 5615 1576 5690 τὴν
1600 5613 1805 5690 οἰκείαν
1838 5612 2024 5690 δεισιδ.

451 5683 584 5750 Ego,
617 5698 674 5738 re
705 5687 968 5738 attentius
985 5683 1331 5748 exatttiuzita,
1362 5687 1503 5738 hunc
1535 5683 1732 5738 locum
1764 5685 1836 5735 ita
1871 5685 2028 5736 resti-

454 5754 710 5825 tuendum
741 5769 860 5825 esse
903 5756 1191 5810 existimo:
1231 5755 1552 5825 Ἐκκλησίαν
1578 5753 1864 5825 πορθῆσαι,
1913 5752 2030 5805 ἀνέ-

451 5837 621 5898 ⁶τρεπε
742 5823 842 5898 τὴν
872 5822 1484 5898 οἰκείαν-εὐδαιμονίαν.
1510 5822 1683 5888 Νόσος
1711 5822 1884 5888 αὖθις,
1918 5835 2023 5876 etc.

457 5893 510 5942 id
541 5903 645 5952 est,
671 5892 897 5946 Gentiles
919 5911 1038 5947 cum
1075 5892 1364 5951 Ecclesium
1411 5897 1608 5950 Christi
1638 5907 1841 5950 uastare
1872 5904 2026 5963 atque

457 5975 681 6017 rvertere
712 5964 1079 6033 instituissent,
1111 5984 1257 6021 suam
1301 5969 1531 6032 ipsorum
1557 5967 1860 6036 felicitatem
1897 5968 2024 6018 sub-

2125 4148 2407 4193 uerterant.
2429 4135 2486 4191 ll
2491 4136 2603 4191 orbi
2621 4137 2808 4189 iterum
2823 4152 2884 4187 ac
2898 4135 3198 4198 seditiones,
3220 4145 3325 4190 etc.
3341 4137 3517 4193 Potest
3533 4137 3670 4193 etiam

2131 4209 2345 4263 retineri
2381 4224 2481 4262 vox
2514 4206 2951 4276 δεισιδαιμονίαν,
2991 4215 3050 4259 ιιι
3089 4222 3284 4262 sensus
3341 4215 3444 4272 sit,
3476 4209 3671 4277 gentiles

2127 4280 2253 4333 dum
2287 4278 2582 4333 Ecclesiam
2618 4285 3102 4346 persequerentur,
3135 4291 3290 4331 suam
3341 4280 3570 4343 ipsorum
3600 4293 3670 4328 re.

2128 4348 2381 4419 ligionem
2413 4347 2881 4419 pessumdedisse._
2910 4346 3118 4412 Quippe
3160 4347 3403 4403 Ecclesia
3449 4349 3532 4419 Dei
3565 4361 3670 4414 per-

2129 4417 2500 4474 sécutiuuibus
2551 4417 2828 4488 gentilium
2872 4417 3223 4488 impugnata,
3261 4418 3665 4488 superstitionem

2129 4491 2443 4556 cultumque
2471 4486 2724 4541 falsorum
2766 4486 3046 4540 numinum
3071 4487 3290 4542 devicit.

2202 4559 2312 4631 (91)
2351 4558 2791 4631 At)0‘_‘tpa:t€.1[c_t._
2813 4556 3102 4631 Turnebus
3147 4557 3214 4610 ad
3261 4575 3414 4631 oram
3455 4560 3570 4631 libri
3604 4557 3674 4631 sit",

2133 4625 2436 4693 ostientlavit
2465 4625 2870 4699 δυστραπελίαρ
2909 4625 3140 4699 certoin
3171 4629 3364 4683 codice
3396 4629 3519 4686 Fuk.
3555 4629 3670 4682 scri-

2063 4685 2103 4736 D
2136 4690 2276 4752 hitur
2297 4685 2713 4770 δυστραπελίας.
2749 4701 2806 4770 lu
2839 4696 3027 4770 Regiis
3048 4706 3226 4751 autem
3264 4700 3478 4755 schedis
3506 4701 3672 4769 legitur

2131 4769 2517 4840 δυστράπελος,
2540 4771 2734 4823 deinde
2755 4769 2957 4837 aliquot
2998 4769 3152 4840 lineas
3198 4780 3326 4840 sunt
3360 4772 3578 4824 omissae.
3604 4772 3669 4840 Ac

2133 4838 2362 4894 fluitasse
2386 4841 2725 4893 scribentium
2747 4850 2826 4902 est
2865 4852 2981 4911 uno
3007 4839 3166 4891 ductu
3201 4838 3559 4911 δυστράπελος
3573 4839 3669 4909 βίου

2132 4913 2472 4982 παρασκευή,
2496 4911 2546 4963 id
2574 4922 2662 4982 est
2684 4925 2918 4982 morosus
2937 4909 3054 4982 vitae
3081 4909 3520 4982 apparatusiNisi
3549 4912 3669 4962 enim

2133 4978 2225 5034 ita’
2264 4978 2538 5049 legamus,
2574 4979 2703 5048 quid
2751 4982 2854 5033 erit
2883 4978 3023 5043 quod
3071 4979 3316 5046 sequitur
3355 4980 3466 5049 βίου
3521 4996 3670 5049 παρι-

2134 5055 2512 5122 σκευηῖίμιειῐηί
2529 5051 2791 5122 inter_res
2820 5052 2984 5122 malas
3009 5059 3258 5122 numerat
3293 5050 3668 5122 Constantinus.

2131 5117 2401 5175 Musculus
2426 5121 2642 5189 quidem
2685 5119 2888 5190 legisse
2931 5119 3143 5171 videtur
3173 5117 3348 5188 βίαιος
3379 5121 3489 5190 βίου
3518 5135 3671 5190 παρα-

2133 5193 2324 5262 σκευή’
2363 5193 2524 5262 vertit
2579 5191 2733 5262 enimg
2787 5189 3011 5262 violenta
3065 5191 3233 5262 victus
3259 5189 3528 5262 ustructio.
3565 5189 3666 5262 Mox

2132 5257 2300 5317 cullei
2333 5261 2466 5316 Fuk.
2505 5261 2682 5325 habet,
2711 5260 2739 5312 ὂ
2761 5260 2856 5313 καὶ
2881 5259 2942 5312 οὺ
2974 5257 3239 5330 φυσικῶς,
3286 5259 3416 5313 ίδιον
3435 5258 3671 5330 πονηρίας

2130 5331 2211 5392 ὃν,
2231 5332 2378 5392 ποτέ,
2403 5343 2508 5388 etc.

2197 5374 2508 5472 ἱέὲίᾌῦὲῖἦ
2551 5400 2685 5470 μέν.
2733 5401 2788 5454 In
2837 5401 2974 5455 libro
3023 5403 3200 5457 Μοτωί
3251 5397 3666 5472 ρετῑηάωιοᾶῐι

2130 5466 2360 5530 editione
2375 5466 2671 5546 Getteveitsi
2701 5472 2766 5525 ad
2793 5475 3084 5546 marginem
3101 5466 3534 5546 euien'daturdtlic
3550 5466 3665 5546 alia?)

2133 5546 2251 5615 μὲν,
2279 5556 2384 5598 etc.
2417 5542 2649 5612 Optime,
2678 5552 2737 5615 ut
2787 5540 2978 5615 norunt
3021 5543 3229 5615 lingua!
3269 5543 3468 5599 Graeca:
3511 5540 3662 5615 periti.

2131 5605 2661 5668 Stib'auditur'autem
2686 5613 2719 5681 ὴ
2747 5613 2997 5682 πονηρία.
3020 5613 3076 5669 In
3094 5605 3288 5670 ὠιίίω
3316 5605 3521 5682 quoque
3544 5605 3662 5662 Fuk.

2129 5700 2192 5739 ac
2220 5684 2453 5756 Turnehi
2487 5684 2680 5750 legitur
2701 5682 2816 5756 αλλ’
2845 5681 3003 5756 αῦτη.

2201 5753 2311 5824 (95)
2349 5753 2500 5824 Vulg.
2528 5745 2840 5824 ξηρητέον.
2870 5745 3036 5819 ΙΙιῃῖιε
3064 5751 3189 5824 loci
3209 5751 3505 5824 emendatio
3530 5745 3665 5824 debeo

2130 5817 2217 5880 tur
2245 5817 2417 5878 codici
2452 5817 2676 5879 Fukfin
2704 5841 2812 5892 quo
2850 5817 3050 5878 diserte
3093 5823 3294 5892 legitur
3329 5821 3526 5894 ῥητέον.
3561 5817 3660 5882 Qua

2128 5897 2345 5967 quidem
2380 5893 2758 5951 emendatione
2788 5894 2921 5948 nihil
2953 5894 3176 5950 certius.
