3884 6482
132 486 149 539 Ι
160 484 247 539 245

855 456 1339 536 .CONSTANTINI
1377 478 1636 536 onmo
1672 478 1764 534 AD
1802 475 2222 535 sancronuu
2258 475 2549 535 cassum.

3226 473 3359 531 ΕΛΘ

126 603 207 673 τὴς
239 600 332 657 καὶ
360 601 464 671 τῆς
508 600 574 653 ὲκ
619 597 728 654 τῶν
769 599 1030 655 κινδύνων
1064 602 1338 675 σωτηρίας
1376 603 1577 673 φυσική
1611 619 1672 656 τις

1796 603 1928 659 mite
1978 603 2248 673 ingenium
2276 611 2331 657 et
2352 602 2656 671 obsequens
2684 598 2890 654 homini
2919 615 2934 653 :
2965 600 3019 654 in
3071 598 3203 654 feris
3230 614 3360 656 vero

126 692 347 764 πρόνοια.
381 691 496 746 Καὶ
524 690 743 746 πάντων
792 692 889 763 μὲν
934 693 1157 764 ἡμέρων
1198 693 1525 765 κηδεμονίαν
1565 692 1687 747 τινὰ

121 782 537 856 τοῖςάνθρώποις
590 784 819 849 ἐπέταξε
842 824 857 849 ,
898 786 1035 857 πρὸς
1060 785 1117 838 δὲ
1154 786 1229 839 τάκ
1256 786 1423 858 ἄγρια
1455 784 1686 856 ἆμιλλάν

120 895 223 931 τινα
252 877 623 949 νομοθετήσας
642 894 657 907 ·
691 876 829 948 μετὰ
864 876 921 929 δὲ
949 877 1124 933 ταῦτα
1153 880 1255 948 τὴν
1291 877 1400 931 τῶν
1428 876 1686 931 πετεινῶν

119 970 290 1039 γενεὰν
338 972 710 1040 συνεστήσατο
730 1010 745 1035 ,
779 968 981 1040 πολλὴν
1017 970 1117 1041 μὲν
1148 970 1391 1044 ἀριθμῷ,
1435 970 1595 1041 φύσει
1623 970 1681 1024 δὲ

120 1062 200 1114 καὶ
240 1059 386 1113 ἔθεσι
431 1059 710 1133 διάφορον,
747 1059 1000 1130 ἐκπρεπῆ
1034 1061 1133 1131 μὲν
1164 1062 1473 1134 χρωμάτων
1506 1079 1685 1116 ποικι-

118 1152 213 1222 λίᾳ,
264 1151 535 1222 μουσικῆς
574 1152 618 1205 δ’
673 1151 938 1222 ἁρμονίας
975 1152 1215 1223 ἐμφύτου
1270 1154 1496 1226 μέτοχον
1532 1154 1676 1224 (15)·

119 1242 236 1297 ἄλλα
289 1260 350 1295 τε
417 1244 597 1297 πάντα
647 1244 748 1297 ὅσα
810 1244 1018 1313 κόσμος
1077 1245 1386 1316 περιλαϐὼν
1448 1247 1680 1318 συνέχει,

116 1333 638 1404 διευκρινησάμενος,
669 1335 764 1387 καὶ
792 1334 1003 1397 τούτοις
1032 1336 1197 1388 πᾶσιν
1228 1337 1560 1409 εἱμαρμένον
1589 1336 1683 1390 τοῦ

119 1425 218 1494 βίου
250 1425 453 1495 θεσμὸν
481 1426 694 1497 ὁρίσας,
734 1426 833 1496 τὴν
862 1425 1206 1499 τελειοτάτην
1241 1428 1349 1483 τῶν
1380 1428 1516 1483 ὅλων
1550 1446 1686 1499 συμ-

120 1517 379 1588 πλήρωσιν
406 1518 841 1589 κατεκόσμησεν.

1792 693 1959 748 robur
1986 709 2050 748 ac
2083 693 2359 758 velocitas,
2393 701 2449 747 et
2487 689 2754 745 naturalis
2795 690 3039 767 quantam
3072 690 3359 760 providen-

1790 787 1865 841 tia
1889 801 1994 855 qua
2033 799 2092 840 se
2135 799 2202 839 ex
2246 783 2500 853 periculis
2542 784 2794 853 eripiant.
2832 785 2912 841 Ac
2948 791 3357 836 mansnetorum

1792 878 2009 947 quidem
2036 875 2350 930 animalium
2380 875 2627 931 omnium
2655 888 2842 930 curam
2874 888 2940 929 ac
2961 872 3183 928 tutelam
3215 872 3358 928 Deus

1791 967 2101 1023 hominibus
2134 966 2385 1021 attribuit
2428 982 2444 1021 :
2476 967 2738 1021 adversus
2774 965 2915 1019 feras
2963 963 3129 1020 veluti
3176 975 3356 1019 certa-

1789 1076 1913 1115 men
1942 1060 2213 1129 quoddam
2267 1059 2517 1114 instituit.
2555 1057 2802 1114 Posthaec
2844 1058 3025 1112 avium
3052 1072 3223 1129 genus
3247 1055 3359 1112 for-

1790 1154 1960 1207 mavit
1985 1193 2000 1217 ,
2039 1167 2264 1206 numero
2304 1152 2520 1222 quidem
2560 1151 2862 1221 copiosum.
2893 1159 3087 1204 natura
3118 1164 3249 1204 vero
3293 1162 3358 1203 ac

1788 1243 1969 1313 specie
2025 1242 2346 1311 multiplex,
2405 1241 2599 1311 insigni
2652 1241 2893 1297 colorum
2953 1240 3249 1305 varietate,
3303 1245 3361 1295 et
3464 1296 3473 1317 ι

1791 1333 2023 1389 naturali
2063 1335 2298 1404 quadam
2359 1334 2582 1389 musica:
2637 1331 2864 1389 scientia
2896 1332 3201 1402 praditum.
3237 1330 3357 1385 Cte-

1792 1437 1905 1483 tera
1932 1426 2060 1479 item
2087 1440 2204 1493 qua:
2228 1426 2391 1479 totius
2414 1426 2596 1480 mundi
2624 1426 2828 1488 ambitu
2854 1424 3220 1489 continentur,
3234 1438 3356 1477 cum

1792 1519 2152 1590 pulcherrime
2188 1517 2526 1573 distinxisset
2550 1558 2565 1583 ,
2595 1518 2912 1589 cunctisque
2967 1516 3188 1572 fatalem
3235 1518 3358 1572 vita

121 1616 387 1669 terminum
438 1615 764 1682 detiniisset,
795 1618 1037 1675 universi
1100 1618 1368 1675 fabricam
1425 1620 1679 1675 omnibus
1730 1617 2082 1675 ornamentis
2119 1618 2429 1673 decoratam
2455 1615 2702 1672 absolvit.

624 1774 1021 1829 ΚΕΦΑΛΑΙΟΝ
1068 1779 1161 1845 q'.

117 1862 244 1939 Hegi
265 1861 373 1931 τῆς
396 1840 803 1939 εἱμαρμένης,
844 1867 934 1921 ὅτι
966 1840 1201 1937 ψευδὴς
1244 1872 1278 1923 d
1315 1870 1449 1937 περὶ
1492 1869 1683 1939 αὐτῆς

173 1934 347 2009 λργος
390 1933 729 2009 δείκνιχται,
769 1937 841 2009 ἐκ
897 1933 1113 2009 τες-τῶν
1151 1933 1315 2007 ζτὲαρὰ
1354 1933 1683 2009 ἀνθρώποῶ

174 2005 366 2072 νόμων
411 2005 511 2058 καὶ
548 2004 666 2058 τῶν
707 2008 857 2061 κατὰ
904 2008 1021 2072 τὴν
1069 2004 1301 2063 animi"
1349 2004 1522 2065 ἄτιιῖα
1568 2004 1679 2065 οὐκ

173 2073 472 2156 ἀτάκτως,
514 2076 677 2164 ἀλλά
710 2080 868 2164 acati;
892 2078 1089 2164 ιτάξιν·
1119 2080 1369 2164 κοιζεῒταε
1384 2120 1399 2143 ,
1426 2081 1531 2164 rei":
1573 2085 1680 2164 Δη-
1715 2106 1756 2164 Β

168 2145 452 2215 μιουρΐοῧ
487 2145 595 2200 τὸν
643 2146 785 2216 ὅρον
817 2147 916 2203 διὰ
944 2148 1055 2218 τῆς
1094 2150 1318 2218 τάξεως
1344 2145 1678 2206 ἐπιδεικνύ-

168 2232 332 2283 pem.

174 2332 230 2383 Οἱ
259 2330 313 2382 δὲ
340 2330 589 2384 πλεῖστοι
626 2330 735 2383 τῶν
771 2329 1073 2404 ἀνθρώπων
1102 2332 1336 2406 ἄφρονες
1367 2330 1548 2397 ὄντες,
1580 2331 1679 2402 τῆς

115 2422 209 2476 τῶν
234 2423 453 2477 πάντων
498 2423 916 2495 διακοσμήσεως
954 2424 1054 2495 τὴν
1087 2426 1248 2496 φύσιν
1281 2425 1581 2479 αἰτιῶνται·
1627 2426 1678 2478 οἱ

113 2513 313 2578 δέτινες
345 2512 531 2568 αὐτῶν
558 2513 657 2585 τὴν
679 2515 1044 2586 εἱμαρμένην,
1073 2516 1107 2588 ἢ
1136 2516 1198 2570 τὸ
1226 2516 1550 2587 αὐτόματον,
1580 2516 1678 2587 τὴν

111 2602 296 2657 τούτων
317 2602 574 2668 ἐξουσίαν
596 2604 705 2674 (16)
728 2606 793 2675 τῇ
821 2605 1133 2677 εἱμαρμένῃ
1158 2606 1515 2677 λογιζόμενοι.
1545 2607 1678 2661 Οὐδὲ

116 2700 338 2752 συνιᾶσιν
401 2698 536 2750 ὅταν
602 2696 701 2769 τὴν
754 2699 1097 2771 εἱμαρμένην
1158 2699 1674 2773 προσαγορεύουσιν,

110 2790 267 2863 ὄνομα
312 2791 417 2862 μὲν
462 2790 854 2862 φθεγγόμενοι,
898 2791 1097 2864 πρᾶξιν
1139 2792 1196 2846 δὲ
1242 2793 1518 2865 οὐδεμίαν,
1567 2793 1676 2847 οὐδ’

112 2883 463 2955 ὑποκειμένην
491 2882 619 2937 τινὰ
651 2881 936 2953 δηλοῦντες
969 2882 1178 2937 οὐσίαν.
1213 2884 1310 2948 Τίς
1352 2884 1460 2956 γάρ
1492 2884 1557 2937 ἂν
1588 2883 1674 2954 εἴη

110 2974 234 3047 αὐτὴ
276 2976 397 3029 καθ’
433 2975 636 3047 ἑαυτὴν
670 2976 706 3044 ἡ
745 2973 1076 3046 εἱμαρμένη,
1109 2975 1209 3045 τῆς
1238 2975 1454 3045 φύσεως
1485 2992 1678 3047 γεννηφ

109 3068 268 3139 σάσης
291 3068 362 3122 τά
392 3070 604 3133 nivea;
648 3068 720 3120 "H
746 3067 800 3121 τί
841 3067 907 3121 ἂν
957 3068 990 3138 ἡ
1026 3066 1188 3137 φύσις
1225 3066 1337 3137 (17)
1378 3064 1671 3138 νομίζοιτο,

111 3160 252 3231 εἴπερ
296 3163 325 3215 ὁ
362 3162 465 3232 τῆς
495 3158 837 3232 εἱμαρμένης
872 3158 1074 3231 θεσμὸς
1104 3158 1457 3230 ἀπαράὸατος
1500 3158 1674 3231 ὑπάρ-

107 3268 212 3323 Iit;
265 3251 429 3305 Ἀλλά
472 3251 568 3304 καὶ
611 3250 673 3304 τὸ
703 3249 882 3319 λέγειν
921 3249 1254 3322 εἱμαρμένον
1298 3249 1422 3305 τινὰ
1470 3250 1673 3322 θεσμὸν

107 3340 253 3406 εἱναι,
283 3344 439 3415 δηλοῖ
468 3343 553 3396 ὅτι
583 3341 782 3413 θεσμὸς
815 3344 921 3407 πᾶς
953 3342 1112 3414 ἔργον
1142 3343 1257 3396 ὲστὶ
1284 3341 1379 3396 τοῦ
1414 3341 1673 3414 θεσμοθε-

2405 1778 2637 1835 CAPUT
2670 1778 2759 1834 Vl.

1789 1871 1863 1927 De
1888 1872 2030 1942 fato,
2077 1880 2125 1926 et
2171 1870 2310 1939 quod
2342 1868 2488 1939 falsa
2538 1878 2657 1924 sunt
2679 1885 2810 1942 gnte
2859 1868 2926 1924 de
2967 1885 3028 1923 eo
3068 1869 3358 1942 dicuntur:

1856 1939 2015 2012 idque
2059 1942 2355 1996 ostenditur
2402 1951 2513 1993 tum
2562 1956 2627 1993 ea:
2670 1939 2867 2007 legibus
2916 1941 3204 2012 humanis,
3247 1951 3358 1992 tum

1855 2010 1934 2068 ea!
1956 2016 2106 2066 rebus
2136 2013 2351 2073 creatis,
2376 2025 2495 2080 quae
2542 2026 2643 2080 non
2678 2017 2868 2062 temere
2901 2013 2989 2063 sed
3023 2010 3204 2061 ordine
3247 2025 3358 2060 mn-

1854 2097 2067 2149 ventur,
2120 2084 2217 2136 hoc
2267 2078 2411 2150 facto
2465 2078 2796 2134 declarantes
2852 2080 3122 2134 Creatoris
3173 2093 3358 2148 pneu-

1850 2164 2018 2224 ptum.

1850 2333 2049 2389 Verum
2084 2330 2328 2403 plerique
2369 2330 2621 2387 homines
2655 2330 2835 2385 minus
2863 2329 3357 2399 prudentes,hujns

1780 2438 1963 2478 rerum
1997 2422 2239 2478 omnium
2284 2422 2652 2477 distinctionis
2682 2430 2848 2492 atque
2881 2430 3111 2476 ornatus
3136 2436 3355 2478 causam

1779 2524 1988 2569 natura:
2023 2514 2308 2568 tribuunt:
2338 2513 2428 2568 alii
2475 2512 2588 2568 fato
2640 2512 2724 2567 vel
2769 2512 2998 2567 fortuito
3043 2514 3191 2569 casui
3222 2515 3357 2569 assi-

1778 2616 1944 2676 gnant
1961 2646 1978 2671 ,
1994 2605 2302 2674 huiusmodi
2325 2619 2507 2660 rerum
2532 2613 2851 2675 potestatem
2870 2604 2984 2662 fato
2997 2606 3355 2662 ascribentes.

1779 2697 1963 2768 Neque
1987 2698 2289 2768 intelligunt
2321 2711 2381 2752 se
2404 2738 2419 2762 ,
2454 2712 2576 2751 cum
2613 2696 2782 2751 fatum
2822 2698 3123 2763 nominaut,
3163 2713 3355 2754 nomen

1778 2793 1997 2861 quidem
2026 2790 2272 2860 proferre
2290 2830 2305 2855 ,
2338 2790 2433 2845 sed
2453 2790 2657 2846 nullum
2681 2800 2863 2845 actum
2891 2789 3199 2859 nullamque
3220 2792 3353 2845 sub-

1776 2884 2031 2938 stantiam
2059 2882 2365 2954 designare.
2406 2881 2545 2949 Quid
2585 2883 2727 2937 enim
2757 2884 2931 2952 ipsum
2961 2897 3060 2952 per
3084 2897 3143 2937 se
3182 2881 3350 2936 fatum

1774 2990 1896 3032 esse
1928 2975 2134 3045 possit,
2166 2989 2289 3030 cum
2344 2984 2535 3029 natura
2575 2975 2757 3031 omnia
2801 2973 3224 3044 procreaverit?
3261 2983 3354 3031 aut

1774 3067 1903 3138 quid
1943 3066 2284 3121 censebimus
2317 3080 2437 3121 esse
2481 3074 2751 3129 naturam,
2798 3066 2844 3121 si
2900 3066 2980 3121 lex
3014 3066 3108 3120 fati
3160 3065 3351 3122 violari

1775 3174 1881 3213 non
1913 3158 2127 3229 potest?
2161 3156 2267 3213 Sed
2292 3168 2348 3211 et
2376 3171 2443 3211 ex
2472 3172 2538 3211 eo
2584 3155 2733 3226 quod
2774 3156 2954 3213 fatalis
2994 3158 3081 3212 lex
3110 3172 3234 3213 esse
3275 3159 3352 3213 di-

1773 3251 1914 3305 citur
1941 3293 1957 3318 ,
1990 3265 2110 3304 cum
2136 3250 2315 3304 omnis
2352 3250 2436 3305 lex
2462 3265 2601 3320 opus
2630 3251 2699 3304 sit
2725 3248 2958 3317 alicujus
2999 3250 3348 3319 legislatoris,

1771 3342 1909 3396 satis
1934 3349 2152 3410 apparet
2200 3341 2370 3395 fatum
2422 3342 2619 3411 ipsum,
2646 3343 2691 3397 si
2726 3342 2948 3410 quidem
2988 3340 3071 3396 lex
3113 3350 3217 3406 est.
3245 3342 3343 3398 Dei

106 3435 376 3504 τήσαντος.
406 3434 473 3487 Εί
501 3433 681 3488 τοίνυν
706 3435 741 3504 ἡ
764 3433 1096 3505 εἱμαρμένη,
1121 3432 1282 3505 εἴπερ
1309 3433 1426 3486 ἐστὶ
1448 3431 1667 3504 θεσμὸς,

1779 3445 1907 3499 opus
1935 3442 2099 3500 atque
2136 3430 2410 3484 inventum
2442 3445 2581 3486 esse.
2612 3430 2821 3487 Cuncta
2865 3430 3035 3501 igitur
3080 3429 3192 3486 Deo
3220 3432 3349 3486 sub-

104 3530 228 3583 Θεοῦ
277 3530 345 3584 ἂν
388 3528 602 3602 εὕρεμα
639 3527 760 3599 είη·
818 3528 977 3583 πάντ’
1027 3529 1135 3600 ἄρα
1184 3528 1545 3582 ὑποτέτακται
1594 3526 1671 3598 τῷ

104 3620 233 3694 Θεῷ,
275 3623 370 3676 καὶ
401 3622 555 3675 οὐδὲν
593 3620 822 3692 ἄμοιρον
847 3620 947 3691 τῆς
981 3619 1187 3673 ἐκείνου
1224 3620 1525 3692 δυνάμεως.
1560 3618 1671 3673 Καὶ

102 3714 193 3783 τήν
215 3715 265 3783 γ’
287 3713 633 3785 εἱμαρμένην
666 3712 799 3766 Θεοῦ
829 3707 968 3765 εἶναι
1001 3713 1095 3765 καὶ
1126 3710 1443 3783 νομίζεσθαι
1478 3712 1671 3784 προαί-

105 3800 262 3877 ρεσιῆ
296 3804 678 3878 ἀποδεχόμεθα
700 3823 716 3837 ο
746 3803 886 3858 ἀλλά
926 3803 1044 3868 πῶς
1085 3807 1119 3876 ἡ
1150 3803 1463 3876 δικαιοσύνη
1508 3804 1604 3858 καὶ
1635 3805 1670 3875 ἡ

104 3897 417 3969 σωφροσύνη
452 3897 550 3951 καὶ
588 3897 647 3951 αἱ
683 3895 870 3951 λοιπαὶ
901 3896 1094 3969 ἀρεταὶ
1133 3895 1253 3949 καθ’
1296 3896 1668 3968 εἱμαρμένην;

104 3989 262 4044 Πόθεν
294 3989 352 4042 δὲ
385 3989 578 4052 αὑταῖς
613 3988 848 4054 ἐναντία,
883 3989 918 4059 ἦ
951 4006 1014 4042 τε
1056 3988 1237 4042 ἀδικία
1274 3989 1368 4042 καὶ
1400 3990 1435 4061 ὴ
1473 3988 1670 4041 ἀκολα-

102 4080 213 4148 σία;
256 4082 331 4135 Ἥ
375 4098 436 4134 τε
484 4080 595 4153 γὰρ
634 4082 868 4154 πονηρία
900 4082 1013 4153 (18)
1046 4084 1112 4134 ὲκ
1158 4080 1373 4163 φύσεως
1418 4080 1533 4135 ἀλλ’
1572 4081 1669 4153 ούχ

98 4175 450 4247 εἱμαρμένης,
471 4176 506 4245 ἦ
536 4191 597 4227 τε
624 4175 813 4247 ἀρετὴ,
841 4175 1004 4247 ηθους
1030 4175 1122 4230 καὶ
1147 4174 1363 4246 τρόπων
1392 4174 1510 4227 ἐστὶ
1534 4191 1670 4229 κατ-

98 4266 402 4340 ορθώματα.
453 4265 535 4319 Τά
574 4266 632 4320 δὲ
674 4266 776 4337 τῆς
814 4266 1022 4337 ἀγαθῆς
1072 4267 1167 4319 καὶ
1198 4266 1364 4339 ὀρθῆς
1413 4268 1671 4339 προαιρέ-

101 4376 226 4423 σεως
272 4360 394 4430 ητοι
446 4359 795 4430 πταίσματα,
839 4359 874 4429 ἢ
915 4353 982 4413 αὖ
1035 4357 1196 4412 πάλιν
1245 4358 1665 4430 κατορθώματα,

98 4450 274 4505 ἄλλοτε
324 4451 503 4514 ἄλλως
549 4449 933 4515 ἀποϐαίνοντα,
979 4449 1013 4521 ἦ
1058 4448 1197 4503 κατά
1228 4448 1419 4522 τύχην,
1459 4450 1493 4522 ἢ
1529 4451 1668 4505 κατά

96 4540 461 4614 εἱμαρμένην,
504 4541 614 4594 πᾶν
644 4539 707 4593 τὸ
737 4539 942 4594 δίκαιον
980 4536 1089 4609 (l9)
1120 4538 1216 4591 καὶ
1245 4537 1306 4591 τὸ
1346 4538 1466 4591 κατ’
1512 4537 1666 4605 ἀξίαν

1766 3519 1908 3588 jecta
1933 3528 2061 3576 sunt
2089 3561 2105 3585 ,
2138 3535 2243 3583 nec
2269 3520 2562 3591 qnidquam
2585 3533 2668 3575 est
2694 3521 2813 3589 ejus
2836 3522 3092 3590 potentia:
3126 3536 3343 3592 expers.

1772 3611 2039 3667 Caeterum
2070 3611 2262 3678 fatum,
2298 3612 2391 3667 Dei
2440 3612 2778 3668 voluntatem
2820 3626 2942 3669 esse
3000 3628 3064 3669 ac
3108 3613 3342 3680 censeri,

1773 3703 1992 3758 minime
2049 3703 2436 3773 improbemus.
2474 3704 2581 3759 Sed
2615 3720 2849 3773 quonam
2905 3708 3065 3761 modo
3110 3707 3344 3776 iustitia,

1774 3796 2151 3864 temperantia,
2175 3804 2230 3849 et
2263 3795 2482 3865 reliqua:
2501 3797 2732 3850 virtutes
2756 3795 2866 3851 fato
2888 3799 3163 3852 exsistunt
3185 3796 3210 3851 ἲ
3232 3795 3346 3853 Un-

1770 3887 1966 3943 denam
1990 3901 2120 3942 vero
2147 3888 2427 3942 contraria
2456 3887 2645 3942 iisdem
2670 3888 2822 3955 vitia,
2840 3887 3105 3956 iniustitia
3134 3889 3346 3944 scilicet

1771 3990 1934 4050 atque
1963 3980 2381 4049 intemperantia
2410 3979 2434 4033 ί
2460 3978 2596 4034 Nam
2643 3979 2852 4034 malitia
2889 3980 3105 4050 quidem
3137 3995 3204 4035 ex
3244 3995 3344 4036 vo-

1771 4073 1976 4127 luntate
2016 4073 2300 4138 nascitur;
2333 4073 2507 4127 virtus
2537 4088 2665 4128 vero
2705 4072 2836 4127 nihil
2882 4073 3028 4127 aliud
3057 4083 3141 4127 est
3178 4086 3341 4141 quam

1771 4173 1916 4220 recta
1942 4164 2086 4219 actio
2114 4166 2180 4219 ad
2216 4179 2396 4220 mores
2426 4175 2680 4236 spectans
2700 4165 2725 4218 Υ
2742 4163 2875 4230 Quae
2892 4174 3073 4217 autem
3100 4176 3169 4217 ex
3197 4161 3343 4217 bono

1770 4257 1937 4312 animi
1968 4257 2243 4327 proposito
2265 4267 2410 4313 recte
2432 4297 2448 4321 .
2468 4257 2550 4312 vel
2571 4272 2693 4326 qua:
2727 4270 2885 4311 secus
2912 4256 3046 4308 llum
3064 4295 3080 4321 ,
3101 4253 3148 4307 si
3173 4253 3340 4307 alium

1769 4359 1931 4419 atque
1958 4350 2120 4404 alium
2139 4351 2340 4405 exitum
2361 4351 2683 4415 sortiuntur,
2700 4359 2857 4420 prout
2873 4349 2983 4403 fato
3000 4358 3090 4401 aut
3113 4349 3342 4400 fortuna:

1770 4444 1943 4498 visum
1999 4438 2158 4515 5‘73
2200 4455 2324 4510 est;
2359 4444 2448 4513 jus
2498 4457 2676 4506 omne.
2706 4451 2761 4496 et
2806 4456 2963 4497 suum
3013 4441 3207 4511 cuique
3240 4439 3339 4494 tri-

1769 4536 1958 4604 buere,
1982 4537 2252 4607 quomodo
2293 4552 2359 4591 ex
2394 4536 2505 4592 fato
2535 4536 2675 4590 erit?
2702 4533 2821 4590 Jam
2843 4549 2969 4590 vero
2986 4532 3130 4605 leges
3146 4541 3341 4587 etora-

160 4738 272 4809 (l5)
297 4736 465 4809 Vulg.
520 4739 811 4808 ἁρμονίας
844 4738 1113 4809 ἐμφύτου
1157 4736 1411 4809 μετοχῇ.
1474 4735 1666 4792 Scribo

1779 4740 2195 4795 Videturtamen
2228 4740 2341 4794 haec
2375 4754 2496 4796 esse
2535 4738 2931 4807 argumentatio
2969 4734 3333 4809 Constantini;

115 4803 339 4880 ιέτοχον,
366 4803 432 4880 ut
454 4803 652 4880 legitur
692 4803 974 4880 indicodiée
1002 4803 1542 4880 Fuk.'l’aulo"ante_,
1560 4809 1662 4880 ubi
1700 4803 1740 4857 Ι)
1774 4812 1830 4865 Si
1860 4814 2104 4874 virtutes,
2137 4811 2331 4879 inquit,
2361 4821 2486 4866 sunt
2509 4825 2572 4864 ex
2600 4803 2735 4874 l'ato',
2755 4824 2885 4879 ergo
2909 4819 2963 4863 et
2992 4808 3139 4880 vitia.
3172 4806 3337 4873 Atqui

95 4877 279 4944 legitur
307 4878 469 4950 φύσει
518 4877 574 4931 δὲ
604 4880 697 4932 καὶ
729 4878 906 4932 ἔθνεσι
953 4878 1228 4949 διάφορον,
1281 4880 1481 4933 rectius
1521 4878 1661 4932 idem

93 4952 256 5002 codex
286 4951 452 5003 habet
476 4949 572 5001 καὶ
595 4948 761 5015 ἔθεσι,
792 4952 1061 5018 quomodo
1078 4951 1239 5003 etiam
1275 4948 1329 5002 in
1361 4949 1499 5004 libro
1525 4946 1662 5003 Tur-

96 5020 208 5071 nehi
238 5020 504 5085 scriptum
534 5020 736 5073 inveni.

160 5090 267 5157 (l6;
324 5088 445 5157 Τὴν
504 5090 732 5144 τούτων
772 5090 1083 5155 ἐξουσίαν.
1130 5089 1271 5143 Ante
1325 5090 1438 5144 hmc
1495 5089 1657 5143 verba

96 5155 365 5229 llusculus
393 5155 813 5214 distinctionem
844 5162 1109 5229 apposuit.
1145 5160 1236 5215 Sic
1268 5161 1411 5229 enim
1444 5160 1602 5229 vertit
1643 5180 1655 5215 :

94 5225 192 5289 Qui
220 5237 537 5297 potestatem
566 5231 753 5283 horum
780 5225 893 5296 fato
913 5225 1182 5294 tribuunt,
1216 5246 1278 5284 ne
1327 5228 1424 5281 hoc
1447 5228 1657 5295 quidem

93 5298 415 5369 intelligunt,
446 5310 553 5354 etc.
584 5300 882 5355 Muscnluut
912 5312 1132 5355 secutus
1154 5311 1243 5363 est
1273 5297 1659 5366 Cltristopltor-

98 5381 282 5424 SOttus.

156 5438 269 5509 (17)
299 5438 458 5509 Vulg.
489 5439 557 5509 Ἡ
582 5439 639 5509 τί
679 5438 796 5508 μὲν
835 5440 931 5509 εἴη
981 5442 1020 5509 ἠ
1064 5440 1269 5509 φύσις.
1303 5437 1657 5509 Scribendum

92 5504 304 5581 videtur
333 5509 366 5578 ἢ
392 5504 444 5560 τί
466 5507 539 5581 Δἀν
568 5504 706 5562 εἶναί
743 5509 904 5581 φύσις
918 5504 1237 5581 νομίζοιτο(
1264 5510 1319 5581 In
1362 5513 1517 5562 codd.
1557 5508 1658 5581 Fu-

93 5573 212 5652 ke‘lii
243 5590 301 5652 et
330 5573 515 5632 Savilii
564 5573 826 5652 scribitur
866 5573 895 5634 εί
934 5573 1051 5651 ἣτε
1094 5580 1215 5652 ἆνή
1254 5578 1414 5652 φύσις
1436 5595 1559 5652 νομμ.
1600 5580 1655 5652 l_u

94 5648 526 5781 s'lteldis'autem
567 5648 749 5721 Regiis
771 5646 1029 5721 scriptum
1061 5646 1237 5705 inveni
1266 5646 1317 5722 ’ἢ
1346 5650 1401 5702 τί
1449 5646 1548 5719 μὲν
1581 5646 1659 5703 εἷς

94 5732 169 5768 ναι
238 5758 252 5779 ,
284 5733 317 5770 e
344 5733 396 5772 c.

88 5732 169 5768 ναι
194 5726 252 5779 η,
284 5726 396 5772 etc.

154 5787 455 5863 (18l_\nlg.
478 5787 587 5863 Ε’ζη
620 5807 685 5844 τε
714 5791 826 5863 γὰρ
864 5792 1138 5860 πονηρία.
1173 5791 1315 5861 Lego
1346 5792 1394 5845 εἱ
1416 5791 1525 5863 γὰρ
1555 5792 1654 5862 ἥτε

90 5856 345 5928 πονηρία,
370 5856 500 5931 etc,
520 5856 685 5915 Porro
711 5856 803 5917 hic
835 5863 981 5917 locus
1003 5856 1227 5917 mutilus
1253 5856 1360 5921 'est,
1394 5856 1451 5916 ut
1485 5856 1652 5931 appa-

92 5938 209 5992 ret;
248 5944 413 5996 quem
454 5929 660 5999 absque
712 5934 860 5989 libris
912 5934 1163 6003 supplere
1211 5933 1423 5987 dillicile
1467 5929 1648 5989 fuerit.

1770 4882 1897 4935 vitia
1931 4896 2035 4935 non
2066 4892 2289 4951 possunt
2317 4897 2438 4936 esse
2464 4897 2532 4935 ex
2559 4880 2687 4951 lato.
2720 4880 2873 4951 Natu;
2907 4879 3113 4932 malitia
3170 4887 3263 4951 aut
3302 4891 3333 4930 a

1769 4962 1955 5004 natura
1986 4948 2088 5014 est,
2121 4962 2215 5004 aut
2250 4967 2279 5005 a
2307 4953 2600 5004 voluntate.
2643 4949 2759 5004 Non
2805 4948 2969 5019 igitur
3007 4957 3094 5003 est
3122 4962 3152 5000 a
3194 4949 3328 5000 fato.

1766 5023 1918 5087 Quod
1946 5023 1989 5075 si
2017 5021 2140 5090 quis
2172 5022 2317 5074 dicat
2344 5024 2594 5075 virtutem
2623 5022 2836 5087 quidem
2871 5030 2921 5073 et
2942 5021 3130 5090 vitium
3159 5031 3279 5071 esse
3300 5032 3332 5070 a

1768 5089 2075 5147 voluntate:
2110 5104 2165 5144 ut
2202 5102 2379 5146 autem
2408 5092 2655 5145 voluntas
2686 5099 2831 5144 recte
2865 5099 2990 5159 agat
3020 5089 3101 5143 vel
3148 5102 3325 5146 secus,

1768 5161 1818 5213 id
1848 5178 1914 5214 ex
1949 5161 2058 5214 fato
2085 5176 2205 5216 esse
2234 5177 2247 5213 :
2303 5178 2408 5231 qua
2452 5162 2665 5215 demum
2702 5162 2911 5214 ratione
2946 5159 3175 5231 justitia,
3209 5171 3331 5223 qua:

1768 5231 1900 5285 nihil
1928 5232 2071 5284 aliud
2102 5242 2186 5285 est
2212 5229 2372 5300 quain
2405 5241 2662 5285 constans
2691 5242 2746 5285 et
2791 5240 3048 5298 perpetua
3085 5229 3329 5300 voluntas

1754 5302 1843 5370 jus
1875 5317 2028 5355 suum
2066 5298 2260 5371 cuique
2282 5303 2572 5366 tribuendi,
2600 5316 2668 5371 ex
2698 5302 2808 5354 lato
2841 5316 2963 5371 esse
2993 5308 3167 5371 potest
3189 5298 3324 5371 ‘l___lu

1758 5367 1947 5443 codice
1981 5370 2132 5443 Fuk._
2156 5367 2349 5442 legitur
2373 5371 2408 5442 ἦ
2452 5387 2510 5423 τε
2556 5370 2667 5443 γὰρ
2691 5370 2945 5443 πονηρία.
2989 5367 3065 5443 At
3096 5367 3330 5420 Savilius

1757 5442 1823 5495 ad
1874 5458 2025 5496 oram
2080 5441 2225 5496 libri
2256 5444 2337 5496 sui
2400 5441 2571 5502 notat,
2623 5441 2761 5495 forte
2818 5441 3161 5495 scribendum
3208 5451 3330 5492 esse

1756 5512 1869 5565 εἴτε
1922 5513 2052 5585 γάρ,
2078 5523 2209 5577 etc.,
2241 5513 2529 5582 statimque
2566 5515 2818 5566 emendat
2857 5510 3009 5563 ἔσται
3050 5506 3331 5581 κατορθώ-

1836 5599 1921 5637 τα.

1759 5599 1940 5722 ma?)
1976 5652 2128 5721 Vulg.
2153 5649 2348 5705 πάντα
2393 5651 2461 5705 τὸ
2487 5651 2721 5706 δίκαιον
2740 5651 2978 5721 ἔχοντα.
3005 5648 3204 5705 Ultima
3225 5662 3331 5703 vox

1758 5724 1939 5777 addita
1965 5735 2049 5777 est
2092 5740 2120 5776 a
2149 5724 2281 5776 viris
2310 5725 2484 5776 doctis
2527 5740 2591 5778 ex
2636 5739 2764 5776 mss.
2818 5723 3117 5787 codicibus,
3162 5735 3326 5789 quam

1762 5805 1940 5848 tamen
1972 5793 2118 5848 nullo
2146 5794 2303 5845 modo
2356 5794 2584 5862 probare
2615 5807 2853 5856 possum.
2884 5792 3008 5862 licet
3040 5792 3091 5845 iu
3138 5792 3332 5862 codice

1759 5863 1895 5919 Fnk.
1933 5864 2156 5929 legatur.
2208 5860 2399 5917 Scribe
2439 5864 2635 5931 igitur:
2665 5866 2773 5917 πᾶν
2801 5864 2861 5917 τὸ
2906 5860 3112 5916 δίκαιον
3140 5862 3237 5913 καὶ
3268 5860 3331 5912 τὸ

1760 5935 1880 5987 κατ’
1913 5932 2066 6000 ἀξίαν
2103 5933 2527 6005 ἀπονεμόμενον,
2560 5935 2795 6006 ἑκάστῳ,
2833 5932 2947 5997 πῶς
2985 5933 3108 5988 καθ’
3144 5933 3334 6005 εἱμαρ·
