3884 6548
462 5414 465 5419 ⁴
556 5410 670 5474 χειν

718 298 725 305 .

1312 335 1582 394 EUSEBII
1618 334 2102 394 CESARIENSIS
2139 334 2290 392 OPP.
2334 336 2516 392 PARS
2555 335 2597 392 l.
2636 367 2709 379 --
2745 320 3140 393 HISTORICA.

3698 336 3803 391 l2?!

595 471 712 526 pra:
749 460 944 512 mentis
966 468 1076 511 sua
1104 452 1475 509 imbecillitate
1500 453 1836 519 existimant,
1857 456 1971 510 haec
1997 456 2152 509 omni:

2279 456 2378 528 τὴν
2427 454 2712 509 ἀσθένειαν
2755 455 2857 528 τῆς
2912 452 3284 526 καταλήψεως,
3341 450 3551 521 ἀλόγως
3593 452 3802 524 οἰομένων
3846 528 3847 531 η

596 563 831 620 quorum
884 547 1158 601 rationem
1200 543 1396 600 afferre
1448 560 1558 601 non
1590 546 1795 612 valent,
1837 548 2042 617 absque
2071 547 2177 602 ulla

595 643 810 697 ratione
836 637 1263 707 esse‘disposita.
1312 635 1452 691 Sunt
1483 645 1631 693 certe
1668 640 1915 708 quaedam
1943 639 2179 694 admira-

593 735 688 792 bili
738 743 930 788 natura
957 732 1234 803 (praedita,
1277 746 1508 802 quorum
1539 743 1688 789 certa
1728 735 1979 790 veritatis
2024 750 2180 791 com-

592 820 887 890 prehensio
924 819 977 872 in
1027 820 1262 874 obscuro
1319 818 1817 891 latet;cujusmodi
1869 834 1996 878 sunt
2022 840 2178 895 aquae

594 921 787 982 suapte
831 919 1023 966 natura
1055 911 1268 968 calidae.
1317 911 1453 968 Nam
1496 930 1720 971 causam
1770 917 1990 986 quidem
2042 914 2175 972 tanti

593 1005 734 1074 ignis
800 1018 959 1061 nemo
1011 1004 1171 1060 facile
1231 1006 1451 1061 dixerit.
1509 1007 1607 1064 Est
1651 1020 1833 1065 autem
1890 1010 2174 1075 mirabile,

592 1097 773 1166 ignem
809 1095 959 1150 illum
1011 1111 1150 1166 aqua
1187 1096 1388 1169 frigida
1436 1100 1675 1181 undique
1721 1101 2171 1171 circumseptum,

592 1206 748 1247 suum
779 1199 960 1246 tamen
987 1192 1234 1246 nativum
1262 1190 1499 1248 calorem
1526 1208 1868 1262 nequaquam
1897 1195 2171 1251 amittere.

592 1284 774 1354 Atque
822 1282 939 1339 hac
980 1298 1106 1339 rara
1164 1286 1454 1340 admodum
1484 1296 1540 1340 et
1582 1287 1908 1355 paucissima
1962 1287 2016 1343 in
2062 1295 2173 1342 toto

591 1384 860 1432 terrarum
904 1377 1036 1433 orbe
1074 1378 1466 1447 reperiuntur;
1505 1392 1613 1446 quo
1663 1378 1896 1444 scilicet,
1927 1387 1987 1433 ut
2024 1379 2173 1448 equi-

588 1472 710 1524 dem
739 1482 976 1531 censeo,
1023 1470 1221 1525 divina:
1271 1470 1636 1525 Providentia:
1664 1470 1746 1526 vis
1791 1485 1855 1524 ac
1890 1471 2061 1526 virtus
2102 1476 2171 1526 ab

589 1559 900 1616 hominibus
947 1559 1109 1617 facile
1163 1562 1419 1632 cognosci
1465 1563 1687 1633 possit:
1729 1578 1849 1632 quae
1901 1563 2038 1619 duas
2082 1578 2170 1619 res

587 1655 828 1712 maxime
860 1650 1003 1711 inter
1033 1672 1094 1713 se
1126 1658 1459 1724 contrarias,
1491 1657 1662 1729 frigus
1707 1659 1963 1714 nimirum
1994 1669 2047 1715 et
2077 1676 2170 1716 ca—

588 1748 780 1812 lorem,
812 1762 878 1803 ex
930 1763 1036 1802 una
1063 1749 1363 1819 eademque
1416 1750 1601 1805 radice
1631 1765 1854 1805 manare
1886 1752 2161 1821 praecepit.

588 1838 726 1895 Sunt
754 1828 973 1908 quidem
1019 1838 1185 1894 multa
1216 1854 1280 1893 ac
1336 1855 1507 1910 prope
1548 1840 1971 1897 innumerabilia
1995 1883 2010 1908 ,
2042 1858 2162 1913 quae

475 1984 480 1989 ,
588 1929 730 1986 Dens
770 1932 839 1985 ad
884 1929 1137 1986 solatium
1173 1938 1229 1984 et
1267 1930 1685 1988 oblectationem
1721 1934 2032 1991 hominibus
2068 1935 2163 1989 do-

520 2079 526 2093 ,
586 2025 735 2079 navit
770 2039 784 2077 :
817 2023 912 2079 sed
938 2026 1210 2096 prmcipue
1253 2025 1387 2081 olere
1413 2024 1620 2082 fructus
1650 2042 1717 2082 ac
1744 2027 1889 2085 vitis.
1920 2026 2158 2095 Quarum

585 2117 705 2173 haec
737 2117 804 2173 ad
848 2119 1061 2173 animos
1086 2121 1410 2175 recreandos
1441 2128 1606 2191 atque
1627 2120 2012 2179 exhilarandos
2047 2123 2156 2177 vim

583 2205 776 2271 habet,
803 2206 893 2261 illa
924 2222 1055 2263 vero
1085 2224 1189 2264 non
1235 2209 1410 2265 solum
1456 2209 1524 2263 ad
1564 2208 1920 2281 voluptatem,
1969 2199 2157 2267 ver‘um

580 2298 745 2353 etiam
808 2298 878 2354 ad
925 2313 1215 2371 corporum
1268 2301 1606 2357 curationem
1667 2311 1794 2373 apta
1829 2313 1934 2361 est.
1995 2304 2158 2359 Sum-

581 2404 726 2444 mam
752 2404 967 2459 quoque
1012 2390 1430 2449 admirationem
1484 2402 1724 2448 meretur
1767 2395 2059 2451 continuus
2091 2411 2159 2452 ac

580 2479 834 2550 perennis
864 2481 1145 2538 ﬂuminum
1171 2498 1388 2547 cursus,
1414 2485 1509 2540 diu
1546 2495 1822 2555 noctuque
1869 2488 2157 2554 perlaben-

582 2572 754 2637 tium,
785 2581 840 2627 et
882 2583 1156 2644 perpetuae
1194 2585 1518 2647 aeternaeque
1554 2579 1678 2635 vitae
1719 2580 2014 2650 quamdam
2069 2598 2155 2638 re-

580 2663 870 2719 ferentium
914 2667 1346 2723 similitudinem.
1383 2668 1569 2726 Noctis
1596 2672 1725 2726 item
1768 2687 1834 2729 ac
1870 2673 1983 2729 diei
2020 2688 2153 2730 con-

582 2754 734 2809 tinua
768 2754 1085 2812 vicissitudo
1120 2768 1204 2814 est
1231 2759 1458 2828 perinde
1497 2761 1781 2819 mirabilis.

1148 2849 1379 2907 CAPUT
1422 2850 1556 2912 VIII.

579 2939 735 3007 Quod
761 2957 880 3022 qua:
919 2942 1514 3022 ad‘usumunecessaria
1564 2958 1708 3013 sunt,
1763 2948 1902 3022 Deus
1947 2953 2154 3022 copiose

645 3013 941 3089 suppeditat
994 3014 1490 3089 hominibussquw
1537 3033 1657 3072 vero
1713 3020 1783 3072 ad
1830 3013 2154 3089 voluptatem

650 3081 877 3151 faciunt,
906 3086 1111 3160 modice
1133 3081 1522 3152 subministrat,
1546 3096 1829 3160 utrumque
1852 3094 1920 3146 ad
1950 3081 2153 3147 utilita-

645 3164 749 3204 tem
777 3165 1013 3207 nostram
1035 3154 1365 3223 dispensans.

642 3244 827 3315 Atque
858 3246 976 3302 haec
1010 3249 1195 3303 omnia
1241 3248 1388 3305 dicta
1420 3249 1532 3305 sint
1570 3265 1602 3306 a
1636 3251 1816 3318 nobis,
1857 3264 1916 3308 ut
1944 3264 2155 3311 constet

574 3336 711 3391 nihil
733 3339 938 3407 absque
968 3340 1179 3395 ratione
1210 3349 1265 3395 et
1314 3340 1671 3414 intelligentia
1702 3330 1907 3402 factum
1948 3346 2152 3405 fuisse:

574 3428 748 3499 ipsam
796 3444 930 3485 vero
977 3430 1244 3486 rationem
1288 3448 1352 3489 ac
1389 3435 1785 3503 providentiam
1815 3478 1832 3506 ,
1874 3439 1968 3493 Dei
2014 3455 2154 3510 opus

574 3535 716 3578 esse.
742 3522 842 3590 Qui
874 3524 1093 3594 quidem
1123 3526 1241 3580 auri
1276 3528 1441 3582 etiam
1483 3538 1540 3585 et
1586 3531 1800 3602 argenti
1834 3531 2068 3602 terisque
2090 3547 2155 3589 ac

576 3615 905 3684 reliquorum
967 3617 1307 3673 metallorum
1360 3620 1607 3682 diversas
1663 3622 1877 3693 species
1948 3639 2152 3679 conve-

573 3705 747 3759 nienti
794 3707 954 3763 modo
1007 3723 1072 3763 ac
1126 3704 1378 3766 meri’sura
1426 3715 1701 3783 produxit.
1749 3716 1826 3771 Ea
1882 3718 2148 3789 siquidem

572 3809 804 3863 quorum
833 3798 1112 3868 multiplex
1148 3795 1211 3856 ac
1240 3803 1425 3859 varius
1458 3820 1588 3862 usus
1620 3817 1739 3863 erat
1777 3809 2016 3879 futurus,
2053 3826 2148 3867 co-

571 3886 723 3955 piose
770 3890 1103 3959 suppeditari
1144 3890 1312 3959 jussit
1355 3909 1371 3946 :
1408 3909 1529 3964 quae
1572 3891 1803 3956 vero‘ad
1833 3902 2150 3959 oblectatio-

570 3999 694 4038 nem
743 3983 1005 4038 duutaxat
1042 3992 1098 4039 et
1138 3984 1320 4040 luxum
1358 3986 1606 4057 faciunt,
1660 3992 1955 4050 liberaliter
1990 3995 2150 4051 simul

568 4090 635 4129 ac
659 4077 905 4144 modice,
952 4087 1006 4133 et
1032 4080 1208 4136 medio
1231 4082 1472 4150 quodam
1511 4084 1674 4138 modo
1712 4084 1854 4139 inter
1878 4088 2149 4157 parcimo-

565 4168 713 4223 niam
737 4178 792 4224 et
816 4170 1091 4240 profusam
1123 4171 1489 4242 largitionem.
1515 4173 1649 4228 Nam
1686 4176 1732 4231 si
1751 4191 1939 4231 earum
1964 4195 2145 4234 rerum

563 4276 686 4331 qua:
709 4263 777 4317 ad
803 4273 1055 4317 ornatum
1082 4263 1239 4320 facta:
1282 4275 1429 4329 sunt,
1455 4266 1644 4321 eadem
1691 4268 1845 4338 copia
1886 4286 2147 4328 concessa

564 4351 761 4408 fuisset
784 4394 800 4421 ,
839 4355 1131 4410 metallarii
1174 4372 1286 4425 pra:
1325 4357 1489 4411 nimia
1526 4359 1846 4434 cupiditate,
1883 4359 2050 4434 576
2080 4377 2143 4418 ea

563 4447 783 4515 quidem
813 4462 934 4518 qua:
959 4449 1025 4502 ad
1058 4449 1442 4518 agriculturam
1464 4488 1482 4516 ,
1532 4460 1590 4505 et
1634 4452 1703 4506 ad
1756 4447 2037 4507 domorum
2077 4468 2144 4510 ac

2280 548 2628 619 διατετάχθαι
2657 547 2832 601 ταῦτα
2865 540 2943 601 ὧν
2970 546 3061 600 τὸν
3088 545 3243 615 λόγον
3284 547 3459 599 εἰπεῖν
3486 545 3584 598 οὐκ
3614 546 3800 615 ἔχουσιν,

2284 644 2441 696 Ἔστι
2466 642 2511 696 δ’
2540 642 2676 705 ὅλως
2704 641 2845 705 τινά,
2877 634 2952 694 ὧν
2976 642 3009 711 ἡ
3036 640 3241 712 ἀληθὴς
3266 638 3573 710 κατάληψις
3597 638 3685 709 τῆς
3714 641 3804 712 ditty

2280 733 2430 797 θείας
2478 735 2535 786 ἐν
2586 733 2739 804 βάθει
2781 736 2981 797 κεῖται,
3018 731 3334 803 θαυμαστῆς
3378 729 3593 799 φύσεως
3626 747 3803 802 τετυχη-

2279 827 2440 882 κότα·
2466 826 2627 881 ὁποία
2660 827 2754 881 καὶ
2781 827 2816 897 ἡ
2843 825 2954 878 τῶν
2986 824 3203 896 θερμῶν
3231 823 3442 878 ὑδάτων
3474 821 3629 891 φύσις
3648 825 3803 893 τυγχά-

2278 936 2464 974 νουσα.
2506 920 2617 991 Τὴν
2658 919 2757 982 μὲν
2784 918 2895 990 γὰρ
2921 918 3101 972 αἰτίαν
3142 914 3237 969 τοῦ
3270 913 3531 969 τοσούτου
3564 915 3715 986 πυρὸς
3739 918 3802 969 οὐ·

2276 1010 2388 1074 δεὶς
2434 1010 2501 1065 ἀν
2551 1010 2860 1082 προχείρως
2902 1008 3015 1079 ἔχοι
3063 1007 3241 1077 λέγειν
3265 1022 3280 1035 ·
3322 1005 3632 1077 θαυμαστὸν
3662 1006 3710 1058 δὲ
3745 1008 3802 1060 ὅτι

2275 1102 2468 1175 ψυχρῷ
2494 1102 2648 1156 ὕδατι
2682 1097 3215 1172 περιστοιχιζόμενον
3246 1096 3436 1168 κύκλῳ
3456 1137 3473 1162 ,
3523 1097 3618 1150 οὐκ
3653 1096 3723 1149 ἔτι
3749 1095 3805 1165 ἐξ.

2278 1195 2600 1266 ίσταταιτῆς
2619 1193 2861 1265 ἐμφύτου
2886 1192 3236 1264 θερμότητος.
3257 1190 3541 1246 Ταῦτάτοι
3557 1190 3751 1244 σπάνιόν
3766 1205 3803 1244 τι

2275 1289 2463 1359 χρῆμα
2496 1285 2634 1341 εἶναι
2662 1287 2811 1340 δοκεῖ
2839 1286 2933 1339 καὶ⁵
2961 1285 3327 1358 εὐαρίθμητον
3370 1282 3516 1338 κατά
3546 1285 3709 1337 πᾶσαν
3730 1282 3804 1353 τὴν

2272 1379 2617 1450 οἰκουμένην,
2649 1377 2736 1441 ἵν’,
2768 1376 2845 1440 ὡς
2880 1376 3116 1448 ἐμαυτὸν
3159 1375 3352 1439 πείθω,
3395 1377 3431 1447 ἠ
3461 1375 3562 1447 τῆς
3591 1373 3804 1446 Προνοίας

2271 1468 2497 1539 δύναμις
2522 1466 2913 1535 εὐδιάγνωστος
2942 1464 3093 1537 παρά
3117 1468 3230 1529 τοῖς
3259 1463 3572 1537 ἀνθρώποις
3597 1463 3804 1533 γενέσθαι

2270 1560 2516 1632 δύνηται,
2562 1558 2656 1613 δύο
2701 1558 2895 1629 φύσεις
2938 1559 3354 1623 ἐναντιωτάτας,
3400 1557 3696 1630 θερμότητα
3735 1560 3804 1612 καὶ

2268 1650 2605 1723 ψυχρότητα,
2643 1653 2708 1705 ἐκ
2742 1651 2845 1721 τῆς
2878 1650 3049 1719 αὐτῆς
3076 1651 3170 1704 καὶ
3202 1652 3333 1722 μιᾶς
3368 1649 3529 1722 ῥίζης
3553 1650 3802 1720 διηθεῖσθαι

2271 1743 2620 1808 θεσπίζουσα.
2686 1744 2867 1798 Πολλά
2921 1744 3021 1815 μὲν
3082 1739 3176 1798 οὖν
3224 1746 3321 1799 καὶ
3375 1743 3704 1816 ἀναρίθμητα
3744 1748 3803 1806 εἰς

2194 1822 2238 1881 Β
2267 1837 2619 1908 παραμυθίαν
2648 1838 2741 1892 καὶ
2764 1836 3063 1892 ἀπόλαυσιν
3090 1840 3204 1901 τοῖς
3237 1836 3553 1909 ἀνθρώποις
3580 1837 3714 1909 παρὰ
3731 1837 3800 1890 τοῦ

2260 1926 2574 2000 Κρείττονος
2600 1928 2917 2001 δεδώρηται,
2950 1928 3248 2002 ἐξαιρέτως
3289 1929 3334 1982 δ’
3361 1930 3391 1981 ό
3430 1930 3634 2001 καρπὸς
3658 1929 3803 1993 ἐλαίας

2265 2039 2325 2076 τε
2371 2023 2466 2077 καὶ
2504 2023 2781 2095 ἀμπέλου·
2817 2023 2879 2077 τὸ
2927 2024 3026 2095 μέν
3066 2023 3221 2097 [γὰρ]
3269 2025 3622 2096 ἀνακτήσεως
3661 2025 3801 2096 ψυχῆς

2265 2114 2361 2167 καὶ
2414 2113 2766 2186 φαιδρότητος
2822 2116 3040 2187 ἐπέχειν
3090 2116 3249 2185 λόγον
3296 2115 3444 2186 (35)'
3473 2117 3537 2170 τὺ
3577 2117 3622 2170 δ’
3656 2117 3803 2189 ἕτερον

2264 2204 2402 2276 πρὸς
2431 2208 2497 2277 τῇ
2526 2205 2843 2273 ἀπολαύσει,
2876 2209 2970 2262 καὶ
2988 2207 3256 2281 θεραπείᾳ
3282 2208 3397 2262 τῶν
3428 2208 3682 2279 σωμάτων
3700 2227 3802 2262 κατ-

2264 2296 2507 2368 άλληλον.
2559 2298 2756 2371 Θαῦμα
2814 2300 2860 2353 δ’
2915 2298 3175 2365 ἐξαίσιον,
3218 2301 3317 2356 καὶ
3355 2304 3391 2374 ἡ
3427 2301 3693 2373 ἐνδελεχὴς
3731 2302 3803 2353 καί

2262 2390 2600 2457 ἀδιάλειπτος
2622 2392 2883 2464 ποταμῶν
2893 2393 3055 2465 φορὰ,
3073 2392 3290 2465 νύκτωρ
3308 2412 3371 2448 τε
3395 2395 3489 2449 καὶ
3511 2394 3800 2467 μεθημέραν.

2264 2482 2532 2555 σύμϐολον
2565 2483 2792 2538 ἀεννάου
2826 2486 2920 2539 καὶ
2959 2474 3309 2542 ἀδιαλείπτου
3354 2486 3503 2558 βίου’
3538 2487 3806 2558 ίσοδυναμεί

2261 2573 2316 2628 δὲ
2346 2576 2441 2629 καὶ
2472 2577 2760 2649 νυκτερινὴ
2790 2576 3029 2650 διαδοχή.

2788 2854 3187 2909 ΚΕΦΛΛΑΙΟΝ
3228 2854 3313 2910 H'.

2265 2946 2392 3002 "On
2433 2945 2505 3001 τὰ
2528 2946 2647 3016 μὲν
2675 2946 2949 3017 χρειώδη,
2982 2949 3259 3017 ἀφθόνως
3299 2948 3428 3015 τοῖς
3454 2947 3758 3017 ἀνθρώποις
3780 2947 3807 2998 ὁ

2332 3019 2477 3085 Θεὸς
2524 3018 2790 3087 χορηγεῖ
2832 3020 2905 3071 τὰ
2947 3017 3016 3088 δὲ
3079 3018 3234 3087 πρὸς
3297 3019 3537 3088 τέρψιν,
3566 3019 3805 3088 μετρίως,

2330 3086 2758 3158 συμφερόντως
2800 3086 3097 3156 ἑκατέρων
3122 3086 3550 3159 χορηγῶὸίτήν
3568 3086 3807 3144 ἀπόλαυ-

2329 3174 2453 3213 σιν.

2328 3248 2513 3303 Πάντα
2553 3248 2611 3303 δὲ
2644 3248 2797 3302 ταῦθ’
2828 3250 2960 3321 ἡμῖν
2988 3248 3230 3322 εἰρήσθω
3273 3248 3417 3323 προς
3451 3249 3698 3302 πίστωσιν
3730 3243 3807 3297 τοῦ

2258 3340 2423 3411 μηδὲν
2468 3340 2677 3409 ἀλόγως
2710 3341 2832 3412 μηδ’
2861 3342 3103 3412 ἀνοήτως
3145 3341 3426 3410 γενέσθαι,
3468 3341 3556 3394 τὸν
3583 3338 3807 3404 δέλότον

2254 3435 2349 3487 καὶ
2370 3433 2467 3505 τὴν
2494 3434 2750 3507 πρόνοιαν
2778 3429 2915 3487 εἶναι
2944 3433 3036 3487 τοῦ
3064 3432 3200 3511 8.315
3230 3433 3366 3504 ('54)-
3398 3435 3461 3498 ὃς
3490 3436 3579 3488 καὶ
3608 3432 3698 3503 τὴν
3720 3430 3808 3483 τῶν

2256 3523 2552 3594 μετάλλων,
2570 3521 2771 3596 χρυσοῦ
2788 3542 2846 3578 τε
2860 3525 2951 3578 καὶ
2972 3523 3239 3597 ἀργύρου,
3258 3525 3353 3578 καὶ
3377 3525 3596 3597 χαλκοῦ,
3619 3520 3806 3577 καὶτῶν

2254 3613 2559 3668 ὑπολοίπων
2579 3617 2739 3684 φύσιν
2760 3615 3076 3688 ἐταμιεύετο
3094 3615 3282 3688 μέτρῳ
3305 3615 3386 3687 τῷ
3402 3619 3736 3688 προσήκοντι,

2255 3706 2354 3777 μὲν
2380 3698 2453 3759 ὧν
2477 3708 2509 3777 ἡ
2544 3706 2703 3777 χρεία
2722 3705 2890 3778 πολλή
2910 3722 2969 3758 τε
2993 3706 3086 3760 καὶ
3110 3708 3434 3779 παντοδαπὴ
3462 3707 3680 3779 ἤμελλεν
3704 3707 3806 3758 ἔσε-

2253 3797 2394 3861 σθαι,
2417 3797 2664 3867 ἀφθόνως
2687 3797 2951 3862 κελεύσας
2975 3799 3352 3870 χορηγεῖσθαι,
3378 3802 3448 3854 τά
3478 3801 3534 3854 δὲ
3559 3800 3685 3871 πρὸς
3708 3797 3810 3867 τέρ-

2248 3891 2341 3962 ψιν
2366 3891 2570 3963 κόσμου
2600 3893 2693 3945 καὶ
2716 3888 2976 3962 ἀφθονίαν
3005 3893 3118 3961 (55)
3149 3893 3342 3964 μόνην,
3364 3894 3740 3965 μεγαλοψύχως
3756 3906 3809 3943 τε

2249 3984 2344 4037 καὶ
2366 3983 2764 4054 πεφεισμένως,
2796 3982 2999 4054 μεταξὺ
3023 3984 3314 4052 φειδωλίας
3342 4003 3403 4039 τε
3433 3987 3525 4040 καὶ
3547 3983 3811 4056 εύδωρίας.

2246 4079 2311 4132 Εί
2342 4076 2452 4149 γάρ
2495 4078 2591 4131 καὶ
2628 4076 2736 4129 τῶν
2773 4076 2910 4148 πρὸς
2956 4076 3161 4148 κόσμον
3201 4079 3587 4149 πεποιημένων
3625 4079 3657 4147 ἡ
3687 4073 3812 4137 αὑτὴ

2247 4167 2476 4237 ἀφθονία
2507 4171 2885 4240 συνεχωρεῖτο,
2913 4167 3001 4221 διά
3040 4168 3359 4234 πλεονεξίαν
3390 4171 3442 4223 οἱ
3477 4165 3811 4241 μεταλλεύον-

2244 4277 2355 4325 τες,
2379 4258 2471 4314 τοῦ
2503 4261 2600 4332 μὲν
2627 4261 2928 4333 εύχρήστου
2956 4259 3093 4332 πρὸς
3127 4261 3426 4333 γεωργίαν,
3456 4262 3735 4332 οἰκοδομήν
3762 4274 3810 4309 τε

2245 4351 2338 4405 καὶ
2363 4350 2504 4405 ναῶν
2548 4351 2924 4422 παρασκευὴν,
2959 4346 3071 4406 οἷον
3100 4351 3325 4423 σιδήρου
3358 4353 3459 4406 καὶ
3485 4350 3702 4422 χαλκοῦ,
3720 4365 3808 4401 κα-

2242 4443 2706 4514 ταφρονήσαντες,
2759 4442 2862 4512 τῆς
2911 4442 3313 4516 συναθροίσεως
3358 4443 3540 4497 αὐτῶν
3586 4440 3812 4512 κατημέο

561 4539 782 4593 navium
809 4545 1274 4599 constructionem
1310 4545 1461 4599 utilia
1494 4554 1625 4600 sunt
1646 4585 1661 4610 ,
1687 4560 1762 4599 ars
1793 4544 2045 4601 videlicet
2073 4561 2138 4600 ac

2262 4552 2386 4598 tOUV,
2413 4536 2507 4589 καὶ
2541 4534 2651 4588 τῶν
2692 4535 2830 4606 πρὸς
2850 4537 3062 4608 τρυφήν
3084 4553 3145 4588 τε
3172 4538 3269 4588 καὶ
3290 4536 3562 4607 ἄχρηστον
3595 4532 3805 4588 πλούτου

561 4628 1094 4702 Ierrum,congerere
1162 4634 1387 4704 insuper
1418 4634 1687 4690 haberent
1714 4651 1729 4688 :
1757 4648 1820 4689 ea
1852 4650 1980 4690 vero
2022 4650 2144 4704 qua:

561 4723 629 4777 ad
677 4723 900 4778 delicias
949 4732 1006 4778 et
1046 4725 1263 4780 inanem
1320 4741 1385 4781 ac
1442 4724 1771 4796 superﬂuum
1827 4726 2139 4781 divitiarum

562 4813 751 4869 luxum
788 4815 1087 4886 pertinent,
1124 4817 1271 4872 omni
1320 4819 1503 4873 studio
1548 4827 2023 4873 consectarentur.
2062 4819 2142 4873 Ac

561 4915 846 4975 propterea
897 4908 951 4964 in
998 4911 1114 4963 auri
1150 4910 1470 4981 argentique
1503 4910 1736 4965 metallis
1771 4910 2138 4974 inveniendis,

560 4998 719 5068 longe
746 4999 866 5069 plus
892 4999 1225 5056 diﬂicultatis
1272 5016 1339 5056 ac
1369 5001 1573 5056 laboris
1598 5015 1722 5057 esse
1761 5001 1935 5065 aiunt,
1972 5015 2135 5070 quam

631 5180 932 5254 (33)7‘Vulg.
974 5184 1041 5239 τὸ
1079 5185 1198 5254 μὲν
1228 5180 1634 5252 ἀνακτήσεως.
1669 5224 1682 5237 .
1718 5224 1732 5237 .
1763 5182 2006 5254 ἐπέχειν
2029 5184 2131 5238 λό-

556 5269 687 5322 γον.
737 5252 847 5306 Viri
886 5252 1048 5310 “docti
1081 5252 1235 5311 “hunc
1272 5257 1447 5310 locum
1490 5257 1562 5309 ita
1608 5252 2000 5319 emendaru‘ut,
2056 5254 2131 5307 Τὸ

560 5322 660 5394 μὲν
712 5323 821 5399 γάρ
854 5325 1204 5399 ἀνακτήσεως
1238 5326 1417 5399 ψυχῆς
1464 5324 1958 5399 καὶᾲφαιδρότητος
2005 5325 2132 5378 ἐπέ-

748 5394 898 5464 έγον.
950 5394 1143 5451 Verum
1188 5394 1620 5465 cuiu—particula
1653 5394 1763 5466 γάρ
1798 5394 1901 5449 nec
1934 5398 1989 5449 in
2034 5411 2132 5450 co-

557 5466 676 5536 uice
704 5464 894 5536 Regio,
948 5481 1047 5520 nec
1076 5468 1129 5522 iu
1160 5464 1396 5524 editione
1427 5466 1688 5535 Stephani
1736 5464 1976 5536 legatur,
2017 5481 2134 5518 ma-

558 5532 648 5585 lim
707 5532 885 5609 legfre
939 5537 1155 5609 ἐπέχον,
1198 5540 1339 5609 quod
1375 5532 1680 5609 “sequentia
1728 5532 1886 5609 plane
1915 5536 2128 5609 contir-

559 5615 725 5679 utaut.
779 5605 1227 5679 Sequitur-"enim
1274 5608 1335 5679 τὸ
1368 5607 1413 5661 δ’
1463 5607 1653 5679 ἕτερον
1696 5605 1832 5676 πρὸς
1876 5607 1957 5679 “ii
1994 5605 2130 5679 δίπο-

556 5670 741 5752 λαύσει
807 5660 1224 5752 κέὶῄθζείραπείᾳ
1266 5660 1376 5731 τῶν
1430 5660 1699 5752 σωμάτων
1741 5660 2124 5752 ἶκατάλληλον.

556 5746 722 5796 tiodd.
765 5757 940 5802 tamen
980 5744 1138 5813 Filii...
1185 5744 1311 5805 Sav.
1358 5765 1421 5803 ac
1447 5744 1682 5802 Ttirnebi
1709 5744 1867 5815 plane
1923 5746 2127 5815 contir-

560 5823 666 5865 nmt
696 5812 1131 5875 emendationem
1171 5819 1314 5873 illam
1350 5820 1634 5875 doctorum
1667 5812 1927 5871 virorum.
1980 5812 2126 5870 Idem

2245 4626 2558 4699 περιουσίαν
2593 4625 2967 4696 προενοοῦντο.
3029 4625 3120 4679 Διδ
3158 4625 3541 4699 χαλεπώτερον
3588 4625 3684 4696 τὴν
3730 4621 3808 4676 τοῦ

2243 4716 2443 4790 χρυσοῦ
2468 4734 2527 4769 τε
2560 4716 2655 4770 καὶ
2678 4714 2920 4787 ἀργύρου
2956 4702 3194 4786 εῧρεσιν,
3229 4718 3327 4771 καὶ
3361 4716 3605 4787 μείζονος
3645 4713 3811 4782 asapi-

2243 4829 2336 4865 του
2362 4809 2470 4865 τῶν
2494 4810 2667 4865 ἀλλων
2696 4808 2955 4863 ἁπάντων
2983 4809 3266 4882 μετάλλων
3298 4813 3464 4880 φασὶν
3489 4805 3647 4874 εἶναι,
3677 4810 3813 4868 ὅπως

2241 4906 2319 4978 τῷ
2353 4904 2567 4977 σφοδρῷ
2597 4905 2697 4976 τῆς
2739 4904 3034 4976 ἐπιθυμίας
3064 4904 3127 4958 τὸ
3172 4904 3268 4957 τοῦ
3303 4892 3552 4976 καμάτου
3598 4901 3811 4973 σφοδρὸν

2241 4998 2650 5068 ἀντιτάσσηται.
2688 4998 2837 5051 Πόσα
2868 4997 2912 5050 δ’
2939 4995 3074 5051 ἄλλα
3096 4994 3199 5066 τῆς
3227 4995 3381 5060 θείας
3404 4997 3674 5068 Προνοίας
3690 4994 3814 5064 ἔργα

2237 5184 2404 5239 codex
2430 5181 2568 5237 Fuk.
2595 5190 2718 5252 post
2743 5196 2930 5238 vocem
2959 5178 3260 5234 ἀπολαύσει
3290 5179 3404 5235 duo
3437 5187 3639 5249 puncta
3674 5183 3815 5232 notat

2240 5264 2422 5404 Te???)
2452 5323 2610 5404 WS-
2650 5321 3081 5404 τὴνμρόζοιαγ
3104 5317 3259 5404 ςῐνᾳι
3276 5321 3449 5404 ρειγν,
3467 5317 3733 5404 πημανεῖ
3753 5316 3810 5404 li-

2238 5389 2339 5451 bro
2360 5389 2681 5450 emendatur
2707 5389 2802 5448 τοῦ
2820 5389 2977 5455 θεοῦ,
3012 5402 3071 5445 ut
3117 5392 3250 5461 legit
3273 5389 3809 5461 Chrislopborsonus.

2239 5466 2309 5521 Et
2332 5467 2414 5522 sic
2442 5467 2644 5522 diserte
2673 5466 2933 5520 scribitur
2967 5466 3018 5515 in
3060 5460 3254 5516 codice
3285 5460 3418 5516 Fuk.

2311 5535 2424 5606 (55)
2481 5536 2637 5605 Πρὸς
2679 5535 2894 5657 τέρὲι-ιν
2930 5533 3164 5613 κόσμου
3192 5532 3291 5585 καί
3338 5531 3660 5612 ἁρθογιάγ.

2311 5621 2393 5657 nta
2432 5620 2517 5657 est
2569 5621 2673 5657 vox
2709 5607 2782 5657 ἀει
2818 5604 2989 5657 ονίαν.
3013 5618 3168 5657 cuius
3209 5603 3330 5657 loco
3377 5603 3558 5656 maltm
3617 5606 3805 5654 subsu-

2235 5603 2541 5677 rupta'est‘
2569 5621 2673 5677 vox
2709 5603 2989 5677 ἀφθονίαν,
3013 5603 3330 5677 cujus_lo_co
3377 5603 3558 5656 malim
3617 5603 3805 5677 substi-

2235 5671 2387 5733 tuere
2416 5676 2677 5742 ἀσωτίαν,
2715 5671 2770 5733 id
2820 5684 2901 5732 est
2933 5676 3141 5729 luxum.
3179 5671 3407 5741 Vulgata
3450 5684 3633 5726 tamen
3662 5672 3808 5724 lectio

2234 5747 2367 5805 t'crri
2399 5759 2603 5819 potest.
