3884 6486
1428 7 1837 23 si
2050 16 2069 25 ,ν
2228 5 3257 37 ,τρήὴηςτη--ς-τῇκμ

187 334 314 391 ηδτ
348 380 361 394 ,
951 323 1415 383 CONSTANTINI
1452 320 1719 380 ORATIO
1761 324 1850 379 AD
1886 320 2309 411 SANGTORUM
2343 320 2641 380 C(ETUM.
3284 322 3427 381 1258

182 443 370 500 κακίαν
390 440 909 512 άποστραφήσεταις
949 436 1280 499 ’Δκολούθως
1302 435 1361 488 δέ
1386 433 1595 497 τούτοις
1622 434 1746 505 ἐπή-

1860 433 2043 505 digna,
2082 449 2202 504 quae
2222 434 2366 489 idem
2394 444 2578 505 postea
2602 436 2796 492 docet:
2838 450 2934 494 eos
2964 437 3057 508 qui
3089 444 3239 493 recte
3269 440 3427 495 vixe-

182 550 351 603 νεγκε,
378 531 479 595 τὰς
508 530 617 587 τῶν
650 526 903 600 πονηρῶν
934 526 1131 598 ψυχὰς,
1176 522 1495 596 Ἀχέροντός
1541 538 1605 576 τε
1652 523 1746 594 καὶ

1858 526 1988 590 rint,
2020 525 2072 580 id
2103 533 2187 582 est
2211 527 2420 583 animos
2442 528 2708 584 bonorum
2737 543 2801 584 ac
2823 538 3137 585 sanctorum
3160 528 3424 596 virorum,

181 622 665 698 Πυριφλεγέθοντος
702 620 956 692 ῥεύματι,
994 618 1269 686 ναυαγίων
1288 616 1490 687 τρόπον
1514 614 1628 689 (46)
1654 633 1746 685 φε-

1858 617 2016 672 simul
2040 626 2208 687 atque
2237 632 2304 673 ex
2336 633 2563 690 corpore
2607 621 2996 688 discesserint,
3030 621 3083 677 in
3123 621 3425 691 pulcherri-

183 715 406 791 ρομένας
431 712 756 768 πλανᾶσθαι.

1858 710 1961 764 mis
1988 709 2115 765 ωιιί
2146 712 2461 778 regionibus
2491 713 2823 769 consecrari.
2878 712 3008 781 Quae
3054 715 3273 784 quidem
3319 730 3427 770 non

181 809 346 866 solum
401 806 765 862 admiratione
819 804 1004 874 digna,
1058 804 1153 858 sed
1208 802 1375 858 etiam
1428 802 1584 857 utilia
1629 810 1755 857 sunt
1817 803 2089 873 inprimis.
2155 805 2290 873 Quis
2325 807 2470 861 enim
2503 808 2620 877 ejus
2674 809 3016 864 sermonibus
3052 809 3213 864 [idem
3266 810 3428 867 adhi-

181 903 306 958 bens
344 908 402 956 et
452 899 759 969 hujusmodi
800 898 1116 955 felicitatem
1167 906 1517 968 exspectans,
1571 899 1738 952 vitam
1796 913 1899 953 non
1953 901 2161 970 Optime
2228 902 2508 971 instituat,
2547 912 2603 959 et
2644 902 2909 970 justitiam
2951 904 3172 973 quidem
3199 920 3264 961 ac
3290 915 3428 961 tem-

180 994 477 1067 perantiam
536 1008 643 1047 non
706 999 1094 1056 consectetur,
1155 989 1564 1059 improbitatem
1605 1003 1737 1046 vero
1780 994 2105 1048 aversetur?
2155 994 2562 1063 Consequenter
2610 996 2772 1049 etiam
2825 995 2911 1049 his
2968 996 3270 1067 subjunxit,
3319 997 3428 1052 im-

182 1090 472 1161 proborum
526 1087 807 1143 hominum
877 1088 1088 1141 animus
1160 1085 1492 1141 Acherontis
1539 1100 1603 1141 ac
1651 1083 2145 1158 Pyriplilegetontis
2199 1087 2452 1145 ﬂuctibus
2518 1092 2788 1159 jactatos,
2845 1090 2992 1146 velut
3038 1091 3222 1148 fractze
3272 1097 3424 1152 navis

181 1180 435 1251 reliquias
456 1180 561 1235 hac
583 1188 637 1235 et
671 1180 799 1235 illac
836 1177 992 1235 ferri.

716 1292 1110 1348 ΚΕΦΑΛΑΙΟΝ
1150 1294 1206 1348 I'.

178 1385 310 1454 Περὶ
341 1384 462 1437 τῶν
500 1384 588 1455 μὴ
609 1453 616 1455 Α
638 1384 833 1453 μόνον
877 1384 951 1437 τὰ
967 1383 1243 1455 Γραφικὰ
1283 1382 1395 1455 (47)
1456 1382 1742 1455 δόγματα.

240 1453 403 1511 ἀλλὰ
430 1454 536 1508 καί
560 1453 633 1508 τὰ
664 1455 971 1523 φιλόσοφιι
1011 1453 1442 1517 διαστὶ-υόντων,
1478 1453 1575 1507 καὶ
1608 1455 1744 1523 περὶ

240 1525 347 1580 τοῦ
391 1524 524 1578 δεῖν
554 1524 594 1593 ἢ
636 1523 833 1578 πάντα
870 1524 1177 1578 πιστεύειν
1206 1523 1332 1591 τοῖς
1376 1523 1668 1592 ποιηταῖς,
1704 1524 1741 1594 ἢ

241 1595 440 1649 πάντα
462 1594 759 1650 ἀπιστεῖν.

242 1686 365 1738 Είσὶ
403 1684 593 1755 μέντοι
640 1683 705 1753 γέ
748 1700 892 1748 τινες
939 1683 1034 1738 ἐπὶ
1072 1683 1324 1738 τοσοῦτον
1367 1684 1466 1756 τὴν
1506 1684 1745 1738 διάνοιαν

2469 1289 2695 1346 CAPUT
2736 1290 2802 1345 X.
2856 1316 2863 1321 ·

1854 1383 1933 1438 De
1989 1386 2054 1455 iis
2091 1384 2180 1455 qui
2224 1399 2324 1437 non
2372 1384 2538 1437 solum
2568 1400 2736 1439 sacra:
2781 1383 3092 1455 Scriptum.
3131 1387 3223 1440 sed
3266 1390 3423 1442 etiam

1924 1454 2356 1526 philosophorum
2394 1456 2647 1526 dogmata
2683 1454 2965 1520 respuunt.
3002 1466 3051 1508 et
3085 1460 3225 1526 quod
3265 1460 3342 1511 rel
3369 1462 3426 1512 in

1927 1525 2164 1578 omnibus
2188 1524 2318 1591 ﬁdes
2353 1527 2517 1593 poetis
2557 1525 2858 1580 adhibenda
2901 1539 3003 1589 est,
3038 1524 3115 1580 vel
3157 1528 3214 1582 in
3252 1529 3423 1585 nullo.

1925 1683 2063 1737 Sunt
2123 1690 2299 1737 tamen
2358 1682 2600 1737 nonnulli
2642 1683 2776 1739 adeo
2827 1694 3008 1742 mente
3062 1687 3210 1758 capti
3262 1699 3427 1761 atque

181 1776 563 1848 βεϐλαμμένοι,
595 1775 725 1829 ὥσθ’
749 1776 877 1830 ὅταν
905 1775 1115 1841 τούτοις
1136 1777 1318 1840 αὐτοῖς
1351 1779 1744 1849 ἐντυγχάνωσι,

1858 1774 2117 1842 corrupti,
2168 1782 2228 1826 ut
2265 1788 2391 1827 cum
2443 1774 2561 1829 haec
2609 1774 2861 1847 legerint,
2908 1792 3007 1833 nec
3055 1788 3269 1843 curent,
3327 1796 3427 1835 nec

182 1871 301 1941 μήτ’
358 1865 788 1941 ἐπιστρέφεσθαι
844 1870 980 1940 μήτε
1024 1867 1343 1933 δεδοικέναι,
1386 1872 1748 1943 καταφρονεῖν

177 1963 231 2017 δὲ
284 1964 380 2017 καὶ
441 1960 694 2033 ἐγγελᾷν,
756 1961 833 2026 ὡς
893 1962 1288 2034 πεπλασμένων
1346 1962 1508 2016 τινῶν
1566 1962 1749 2034 μύθων

179 2055 484 2119 ἀκούοντές
510 2056 604 2109 καὶ
622 2056 684 2123 τὸ
706 2054 805 2125 μὲν
836 2055 1078 2108 ποικίλον
1101 2056 1200 2127 τῆς
1220 2055 1548 2124 εὐγλωττίας
1577 2059 1749 2125 ἐγκω-

183 2149 453 2218 μιάζουσι,
486 2146 548 2200 τὸ
587 2146 647 2199 δὲ
695 2147 920 2220 στερρὸν
952 2145 1046 2200 τοῦ
1076 2147 1343 2217 δόγματος
1376 2148 1748 2218 ἁποστρέφὸν-

180 2257 294 2294 ται·
341 2239 538 2312 μύθοις
564 2239 622 2293 δὲ
662 2237 973 2291 πιστεύουσι
1000 2238 1112 2310 (48)
1152 2243 1469 2310 ποιητικοῖς,
1511 2242 1606 2295 καὶ
1646 2242 1751 2294 πᾶ-

182 2349 272 2386 σαν
301 2332 406 2402 μὲν
452 2331 698 2393 Ἐλλάδα,
725 2333 904 2385 πᾶσαν
931 2331 988 2385 δὲ
1021 2331 1325 2404 Βάρδαρον,
1350 2330 1537 2397 ἑώλοις
1564 2350 1622 2386 τε
1653 2332 1749 2387 καὶ

177 2427 389 2495 ψευδέσι
421 2427 635 2499 φήμαις
663 2426 773 2497 (49)
814 2425 1120 2480 διαδοῶσιν.
1152 2428 1215 2480 Oi
1263 2425 1373 2498 γάρ
1408 2442 1489 2479 τοι
1528 2426 1748 2498 ποιηταὶ

180 2518 370 2582 παῖδας
417 2518 558 2571 θεῶν
610 2516 928 2589 ἀνθρώπους
976 2516 1116 2588 μετά
1154 2514 1253 2588 τὴν
1301 2514 1557 2587 τελευτὴν
1615 2519 1750 2584 φασὶ⁸

1856 1864 2048 1920 timore
2082 1864 2192 1919 ullo
2220 1865 2592 1932 percellantur
2621 1884 2636 1922 :
2661 1866 2755 1922 sed
2788 1869 3014 1937 perinde
3057 1885 3121 1927 ac
3148 1870 3197 1925 si
3221 1871 3428 1928 fabulas

1851 1958 2109 2027 quasdam
2143 1957 2424 2021 audirent,
2460 1968 2720 2027 spernant
2741 1975 2806 2016 ac
2826 1939 3134 2019 derideant.
3182 1964 3263 2021 Ac
3313 1981 3429 2022 ser-

1853 2048 2033 2104 monis
2067 2048 2285 2119 quidem
2320 2059 2572 2109 anatuui
2605 2062 2660 2105 et
2696 2053 3001 2110 ubertatem
3027 2054 3281 2111 laudibus
3304 2073 3431 2126 pro-

1851 2149 2148 2212 se‘quuntur
2171 2158 2186 2195 :
2208 2142 2517 2212 dogmatum
2549 2159 2676 2200 vero
2701 2157 3025 2202 aversantur
3051 2150 3424 2206 severitatem.

1851 2233 2018 2290 Iidem
2057 2243 2236 2289 tamen
2301 2246 2581 2305 poetarum
2636 2235 2837 2293 fabulis
2883 2238 3044 2294 ﬁdem
3093 2241 3317 2306 habent,
3375 2255 3429 2297 ct

1851 2338 2066 2380 omnem
2106 2322 2376 2381 Graeciam
2426 2336 2595 2395 atque
2646 2327 2953 2384 barbariam
2991 2330 3147 2385 vanis
3179 2330 3430 2404 ﬁctisque

1850 2417 2201 2473 sermonibus
2228 2416 2457 2484 replent.
2488 2416 2623 2473 Nam
2657 2429 2831 2489 poene
2863 2421 3079 2490 quidem
3115 2425 3286 2495 aiunt,
3326 2426 3427 2480 ho-

1851 2506 2028 2563 mines
2050 2508 2314 2594 quosdam
2360 2511 2588 2566 deorum
2617 2509 2779 2577 ﬁlios,
2809 2522 2931 2583 post
2952 2522 3182 2571 mortem
3218 2517 3429 2571 animas

179 2611 380 2683 κρίνειν
394 2607 496 2672 τὰς
515 2607 714 2680 ψυχὰς,
734 2606 943 2681 κρίσεις
956 2625 1015 2661 τε
1036 2606 1131 2661 καὶ
1148 2607 1503 2679 δικαιωτήρια
1523 2600 1746 2677 ὐῖινοῦν-

1858 2596 2125 2665 iudicare.
2188 2616 2393 2671 eosque
2457 2604 2618 2674 quasi
2676 2605 3015 2676 inspectores
3053 2623 3116 2665 ac
3172 2625 3430 2668 censores

177 2717 282 2764 τες,
315 2701 413 2753 καὶ
445 2697 556 2751 τῶν
594 2696 993 2770 κατοιχομένων
1029 2696 1271 2760 ἐπόπτας
1309 2694 1660 2766 ἐφιστάντες
1697 2693 1748 2746 οἱ

176 2790 218 2845 δ’
253 2792 409 2846 αὐτοὶ
454 2790 675 2862 ποιηταὶ
722 2790 901 2861 μάχας
943 2787 1232 2860 δαιμόνων,
1278 2787 1374 2842 καὶ
1421 2785 1748 2858 πολεμικούς

176 2900 322 2946 τινας
341 2882 730 2951 ἐξαγγέλλουσι
746 2884 959 2953 νόμους,
987 2880 1327 2953 εἱμαρμένας
1353 2897 1414 2933 τε
1439 2879 1616 2933 αὐτῶν
1642 2879 1749 2933 δια-

179 2974 509 3045 φημίζουσιο
545 2974 640 3026 καὶ
678 2975 803 3037 τοὺς
830 2973 929 3044 μέν
966 2988 1119 3034 τινας
1151 2969 1309 3040 φύσει
1342 2969 1595 3041 πικροὺς,
1621 2969 1749 3031 τοὺς

175 3067 228 3121 δέ
256 3068 360 3137 τῆς
402 3066 514 3120 τῶν
546 3064 848 3138 ἀνθρώπων
885 3061 1201 3134 ἐπιμελείας
1244 3060 1577 3133 ἀλλοτρίους,
1621 3060 1749 3123 τοὺς

176 3159 230 3213 δέ
256 3177 409 3224 τινας
454 3159 737 3230 δυσχερεῖς
780 3158 1188 3227 ἀποφαίνονται.
1224 3155 1514 3225 Είσάγουσι
1560 3153 1617 3207 δὲ
1650 3154 1746 3208 καὶ
1774 3147 1817 3179 υ

175 3252 532 3325 ύδυρομένους
557 3252 657 3315 τὰς
681 3249 788 3304 τῶν
818 3250 1033 3303 οἰκείων
1065 3248 1270 3302 παίδων
1299 3246 1535 3317 σφαγὰς,
1567 3245 1640 3310 ὡς
1670 3244 1745 3317 μὴ

174 3342 394 3398 δυνατὸν
426 3344 614 3406 αὐτοῖς
653 3343 726 3413 μὴ
758 3344 846 3396 ὅτι
873 3342 923 3410 γ’
955 3340 1273 3412 ἀλλοτρίοις,
1307 3339 1443 3394 ἀλλά
1471 3339 1604 3411 μηδὲ
1632 3340 1746 3400 τοῖς

179 3434 450 3500 ’ριλτάτοις
491 3436 752 3507 ἐπαρκεῖν
772 3451 785 3466 ·
816 3431 1267 3504 άνθρωποπαθεῖς
1296 3432 1345 3483 τ’
1376 3430 1574 3493 αὐτοὺς
1597 3430 1746 3483 εἰσά-

171 3543 344 3599 γουσι,
376 3526 650 3598 πολέμους
674 3525 768 3580 κα)⁸
792 3523 1041 3596 τρώσεις,
1069 3523 1244 3594 χαράς
1273 3538 1335 3575 τε
1361 3522 1456 3575 καὶ
1477 3520 1747 3593 ὀδυρμοὺς

172 3612 407 3683 ᾄδοντες·
445 3621 543 3673 καὶ
570 3616 714 3670 εἰσὶν
737 3615 1061 3683 ἀξιόπιστοι,
1088 3613 1358 3682 λέγοντες.
1393 3613 1457 3665 Εἰ
1489 3609 1598 3681 γάρ
1622 3612 1745 3663 ἐπι-

175 3710 329 3780 πνοίᾳ
374 3708 499 3775 θείᾳ
558 3708 910 3780 μετέρχονται
953 3707 1053 3778 τὴν
1109 3703 1415 3778 ποιητικὴν,
1470 3701 1745 3757 πιστεύειν

174 3802 352 3865 αὐτοῖς
384 3799 482 3854 καὶ
527 3799 809 3853 πείθεσθαι
861 3800 1151 3870 προσήκει,
1204 3798 1334 3869 περὶ
1378 3789 1453 3850 ὧν
1494 3796 1746 3865 λέγουσιν

176 3888 649 3955 ἐνθουσιάζοντεςο
681 3889 899 3958 λέγουσι
945 3888 1002 3942 δὲ
1042 3889 1342 3961 παθήματα
1388 3885 1528 3940 θεῶν
1565 3902 1625 3939 τε
1652 3885 1746 3937 καὶ

173 3980 465 4054 δαιμόνων·
495 3979 564 4032 τὰ
596 3978 705 4052 ἄρα
745 3978 1041 4049 παθήματα
1072 3978 1297 4039 τούτων,
1334 3973 1592 4039 παντοίας
1615 3972 1746 4045 ἀλη-

174 4070 319 4133 θείας
360 4070 607 4140 ἐφῆπται
632 4068 766 4139 (50).
813 4068 950 4120 Ἀλλ’
982 4071 1101 4140 ἐρεῖ
1126 4085 1232 4131 τις,
1268 4064 1467 4131 ἐξεῖναι
1495 4066 1744 4135 ποιηταῖς

171 4161 461 4230 ψεύδεσθαι
481 4178 495 4192 ⁸
535 4161 745 4229 θέλγειν
776 4160 886 4232 γὰρ
912 4158 1013 4223 τὰς
1058 4160 1166 4215 τῶν
1204 4159 1512 4213 ἀκουόντων
1543 4154 1742 4227 ψυχὰς,

170 4255 297 4309 ῖόιον
323 4252 465 4308 εἶναι
488 4252 796 4323 ποιητικῆς,
822 4252 882 4304 τὸ
903 4250 946 4304 δ’
971 4250 1169 4322 ἀληθὲς
1199 4246 1359 4313 εἶναι,
1388 4247 1549 4319 ἡνίκα
1582 4247 1648 4301 ἂν
1678 4246 1747 4298 τὰ

168 4346 437 4419 λεγόμενα
487 4345 562 4416 μὴ
604 4343 777 4407 ἄλλως
823 4342 944 4416 ἔχῃ,
985 4343 1099 4397 ἀλλ’
1151 4341 1226 4406 ὡς
1269 4342 1507 4411 λέγεται.
1565 4340 1748 4393 Ἔστω

167 4438 324 4491 τοῦτο
348 4438 482 4491 ἴδιον
505 4436 794 4506 ποιήσεως,
824 4434 886 4487 τὸ
904 4433 1002 4505 τὴν
1031 4435 1287 4507 ἀλήθειαν
1314 4432 1425 4487 ἔσθ’
1447 4433 1535 4485 ὅτε
1563 4432 1748 4501 seup—
1781 4481 1824 4536 Β

169 4530 364 4596 πάζειν
386 4546 401 4560 θ
447 4527 565 4583 ἀλλ’
598 4529 646 4581 οἱ
678 4527 748 4581 τὰ
789 4526 959 4596 ψευδῆ
1010 4526 1276 4598 λέγοντες,
1315 4527 1377 4580 ού
1414 4525 1590 4597 μάτην
1616 4524 1747 4595 ψεύ-

165 4618 346 4674 δονται
372 4636 386 4649 ·
426 4617 460 4689 ἢ
510 4616 621 4688 γάρ
660 4615 883 4687 κέρδους
927 4616 1022 4669 καὶ
1069 4616 1336 4685 ὠφελείας
1383 4615 1542 4687 χάριν
1587 4613 1747 4667 τοῦτο

166 4709 437 4767 ποιοῦσιν,
464 4707 498 4778 ἢ
533 4706 711 4777 κακήν
744 4723 864 4760 τινα
890 4706 1108 4777 πρᾶξιν,
1147 4707 1223 4770 ὡς
1249 4705 1416 4770 ἔοικε,
1448 4703 1745 4766 συνειδότες

166 4801 401 4864 ἑαυτοῖς,
431 4798 520 4851 διὰ
550 4797 643 4851 τὸν
680 4797 1017 4867 ἐφεστηκότα
1051 4800 1115 4852 ἐκ
1145 4798 1255 4852 τῶν
1296 4799 1476 4870 νόμων
1502 4795 1745 4851 κίνδυνον

233 5052 350 5126 (46)
403 5049 721 5118 Ναυαγίων
752 5048 1003 5126 τρόπον.
1080 5044 1248 5101 Navis
1272 5051 1460 5126 fracta:
1486 5045 1739 5122 reliquias

164 5120 560 5192 interpretatus
584 5135 725 5192 sunt,
752 5120 800 5170 id
821 5128 907 5171 est
927 5126 1289 5192 armamenta.
1303 5122 1424 5192 thec-
1449 5120 1747 5192 enuntiare

165 5185 338 5247 fracta
377 5193 479 5246 hac
505 5190 627 5243 illac
654 5187 928 5255 iactantur
968 5190 1019 5239 iu
1056 5186 1212 5255 uiari.
1264 5187 1333 5237 At
1364 5185 1745 5255 Cliristophor-

164 5279 330 5317 sonus
363 5276 562 5314 merces
611 5254 791 5319 vertit,
821 5259 963 5327 quod
1024 5257 1169 5327 huic;
1198 5254 1319 5308 luco
1373 5269 1498 5327 non
1532 5254 1747 5327 videtur

164 5334 476 5386 cmiveuire.
514 5330 724 5383 Merces
766 5324 909 5383 enim
956 5341 1091 5380 nave
1149 5324 1316 5377 fracta
1348 5333 1407 5376 ut
1450 5324 1743 5390 plurimum

164 5405 605 5463 submerguntur.

235 5473 352 5543 (47)
379 5461 535 5538 Vulg.
570 5471 714 5543 Περέ
757 5468 876 5521 τῶν·
913 5467 999 5537 μὴ
1041 5466 1159 5543 μὲν
1188 5463 1262 5519 τὰ
1292 5461 1567 5543 γραφικά.
1596 5461 1744 5543 Sc_ri-_-

162 5533 396 5613 bendtiiii
424 5533 510 5596 est.
544 5542 619 5613 μὴ
651 5533 829 5612 μόνον,
884 5533 939 5590 ιιι
988 5533 1077 5613 ιιι·
1105 5533 1393 5613 ductusnd
1426 5550 1577 5613 oratu
1617 5533 1743 5613 libri

164 5612 345 5686 ἐμοιωί
398 5601 685 5680 ιεεειὶιιύιὶι
737 5601 859 5686 esse
896 5605 1561 5686 coiijeceriit.._A.tque.ita
1618 5601 1745 5686 legit

160 5674 715 5755 glirisioplibrsunus.
768 5679 879 5734 Nec
927 5674 1084 5732 aliter
1152 5674 1409 5730 scribitur
1458 5674 1512 5729 in
1558 5676 1746 5729 codice

163 5750 293 5809 θυι.

454 5854 722 5909 Partum.
757 5848 872 5909 Gtt.
910 5843 1048 5908 XX.

1851 2691 1992 2760 apud
2011 2691 2217 2749 inferos
2246 2695 2608 2760 constituunt,
2626 2695 2829 2766 judicia
2858 2713 3047 2756 eorum
3072 2715 3138 2756 ac
3164 2704 3430 2759 severita-

1854 2793 1960 2839 tcm
1978 2784 2341 2841 celebrantes.
2371 2786 2538 2841 Iidem
2566 2803 2697 2844 vero
2722 2799 2918 2859 poetae,
2949 2791 3176 2848 deorum
3196 2810 3428 2866 pugnas,

1850 2887 1907 2933 et
1966 2880 2215 2948 quaedam
2275 2880 2420 2934 inter
2478 2894 2573 2934 eos
2616 2880 2743 2935 belli
2791 2881 2918 2951 jura
2971 2899 3424 2945 commemorant.

1852 2964 1984 3022 Fata
2024 2982 2243 3039 quoque
2287 2969 2604 3024 eorumdem
2637 2982 2863 3029 canunt.
2897 2973 2967 3027 Et
3015 2974 3153 3030 alios
3208 2979 3425 3046 quidem

1854 3067 2046 3111 natura
2072 3057 2324 3122 acerbos,
2359 3053 2652 3114 alios'vero
2676 3059 2745 3113 ab
2776 3063 2922 3115 omni
2945 3078 3128 3119 rerum
3162 3068 3428 3124 humana-

1853 3164 1971 3203 rum
2000 3163 2129 3204 cura
2160 3148 2367 3204 alienos
2400 3163 2519 3204 esse
2555 3167 2569 3203 :
2602 3150 2867 3219 quosdam
2889 3154 3055 3208 etiam
3085 3172 3149 3211 ex
3179 3157 3287 3214 illis
3309 3177 3430 3216 mo»

1855 3256 2008 3297 rosos
2044 3240 2333 3297 aﬂirmant.
2365 3241 2508 3309 Quin
2534 3242 2699 3297 etiam
2727 3243 2858 3300 deos
2890 3246 3155 3303 inducunt
3194 3250 3425 3307 filiorum

1852 3347 2074 3388 suorum
2114 3332 2316 3388 caedem
2348 3332 2746 3396 lamentantes.
2775 3336 2971 3405 quippe
2995 3338 3088 3407 qui
3114 3353 3219 3394 non
3249 3340 3423 3397 solum

1857 3421 2162 3485 extraneis,
2201 3424 2296 3477 sed
2323 3436 2391 3475 ne
2424 3422 2542 3476 suis
2569 3421 2788 3490 quidem
2814 3427 3091 3493 suppetias
3130 3424 3274 3482 ferre
3297 3443 3395 3497 pos
3413 3458 3427 3471 -

1852 3515 1985 3569 sint.
2049 3512 2153 3569 Sed
2212 3524 2269 3569 et
2310 3513 2560 3568 humanis
2606 3515 3115 3584 perturbationibus
3162 3518 3428 3575 obnoxius

1851 3607 2070 3662 eosdem
2110 3605 2356 3676 tingunt,
2395 3606 2521 3660 dum
2574 3606 2769 3675 praelia
2822 3621 3010 3661 eorum
3058 3618 3113 3663 et
3162 3612 3383 3666 vulnera
3407 3653 3424 3681 ,

1852 3698 2047 3765 gaudia
2078 3697 2207 3753 item
2232 3713 2297 3752 ac
2326 3696 2561 3768 gemitus
2587 3705 2829 3752 narrant.
2859 3697 3024 3771 579
3050 3699 3175 3758 Haec
3206 3702 3279 3758 illi
3302 3719 3427 3760 cuui

1853 3791 2061 3853 dicunt,
2095 3792 2350 3846 videntur
2378 3791 2481 3847 ﬁde
2510 3790 2679 3862 digiti.
2713 3790 2858 3846 Cum
2893 3794 3039 3848 euiin
3077 3796 3262 3851 divino
3289 3813 3427 3867 quo.

1853 3883 1978 3937 dam
2007 3890 2157 3938 motu
2178 3882 2421 3952 impulsi,
2448 3898 2640 3938 versus
2672 3883 2854 3940 facere
2882 3886 3288 3956 aggrediantur,
3334 3905 3434 3960 par

1852 3984 1937 4030 est
1963 3984 2023 4028 ut
2048 3974 2154 4030 illis
2179 3975 2339 4029 fidem
2366 3975 2727 4030 adhibeamus
2773 3976 2827 4031 in
2861 3977 2930 4033 iis
2950 3993 3073 4048 quae
3099 3980 3292 4049 divino
3320 3983 3433 4052 spi-

1853 4070 1962 4122 ritu
1994 4068 2206 4122 incitati
2234 4068 2611 4138 pronuntiant.
2656 4067 2762 4123 Sed
2804 4078 2860 4123 et
2883 4071 3106 4125 deorum
3132 4086 3197 4127 ac
3227 4072 3433 4126 daemo-

1855 4178 1983 4216 num
2013 4162 2355 4217 calamitates
2373 4162 2641 4218 referunt.
2676 4163 2836 4217 Certe
2855 4161 3070 4217 illorum
3091 4162 3433 4219 calamitates

1854 4255 2079 4309 omnino
2110 4269 2234 4309 cum
2280 4254 2516 4309 veritate
2566 4253 2936 4309 consentiunt.
2987 4255 3059 4308 At
3093 4254 3237 4308 enim
3282 4254 3432 4309 dicet

1854 4344 2053 4415 aliquis
2095 4344 2271 4413 poetis
2298 4344 2517 4400 mentiri
2549 4343 2719 4399 licere
2743 4344 2823 4399 :id
2843 4343 2986 4399 enim
3010 4344 3287 4414 proprium
3309 4360 3432 4402 esse

1853 4437 2112 4504 poeticen,
2154 4446 2211 4488 ut
2245 4435 2577 4490 audientium
2613 4434 2825 4490 animos
2850 4435 3195 4491 demulceat:
3231 4438 3431 4492 verita-

1856 4538 1960 4582 tem
1987 4542 2116 4581 vero
2153 4541 2299 4590 esse,
2324 4526 2541 4597 quoties
2567 4541 2630 4581 ea
2662 4541 2782 4596 qua:
2830 4526 3107 4590 dieuntur,
3165 4543 3270 4582 non
3323 4530 3432 4582 alio

1849 4631 1910 4672 se
1942 4619 2146 4673 habent
2172 4633 2334 4687 quam
2366 4633 2475 4689 quo
2513 4618 2772 4674 dicuntur
2813 4618 2993 4673 modo.
3029 4616 3115 4674 Sit
3147 4619 3250 4674 hoc
3299 4636 3431 4691 pro—

1849 4710 2028 4779 prium
2060 4711 2284 4779 poeticae
2305 4750 2321 4775 ,
2353 4710 2627 4766 interdum
2664 4710 2948 4765 veritatem
2980 4712 3336 4769 abscondere.
3361 4712 3429 4767 lli

1849 4817 1981 4857 vero
2006 4803 2099 4872 qui
2135 4802 2495 4869 mentiuntur,
2531 4817 2808 4872 nunquam
2835 4801 3031 4855 frustra
3075 4812 3129 4858 et
3176 4805 3345 4875 gratis
3373 4807 3427 4861 id

1920 5045 2033 5121 (ᾁξ)
2059 5044 2213 5121 iulg.
2231 5046 2444 5121 μύθοις
2466 5064 2529 5101 τε
2552 5050 2927 5121 πιστεύουσι.
2953 5046 3093 5120 Lego
3126 5050 3316 5121 μύθοις
3342 5050 3427 5110 δέ.

1873 5115 2317 5204 ..(ἰθλξζειζδέσι
2329 5117 2571 5204 φήμαις.
2597 5118 2732 5204 Male
2751 5115 3278 5204 Christopliorspnus
3296 5115 3427 5204 ver:

1850 5190 1915 5270 tit
1959 5190 2233 5269 praeconiis
2278 5190 2540 5242 celebrant
2576 5203 2730 5270 :cuin
2757 5190 2936 5261 φῆμαι
2978 5192 3084 5245 hoc
3135 5193 3251 5246 loco
3288 5193 3426 5247 nihil

1847 5259 1992 5312 aliud
2023 5268 2094 5311 stt
2124 5272 2284 5328 quam
2327 5256 2543 5321 fabulas,
2578 5260 2775 5327 quibus
2809 5269 2979 5328 poeta:
3024 5272 3193 5315 totum
3236 5264 3427 5316 orbein

1849 5329 2211 5399 repleverunt.
2253 5327 2345 5383 Sic
2376 5328 2692 5399 pauloipost
2724 5331 2791 5399 de
2814 5327 3011 5385 iisdem
3041 5334 3216 5399 poetis
3243 5333 3380 5386 dicit
3406 5372 3427 5392 .

1846 5396 2186 5470 εἱμαρμένας
2229 5414 2291 5451 τε
2329 5397 2507 5451 αὐτῶν
2538 5396 3020 5470 διαφημίζουσι,ει
3041 5396 3100 5454 iu
3129 5403 3310 5470 capite
3336 5405 3422 5467 11.

1846 5470 2028 5550 initio,
2062 5470 2149 5522 tibi
2201 5470 2459 5523 adversus
2512 5471 2900 5538 blasphemiam
2951 5488 3047 5524 seu
3092 5473 3424 5541 impietatem

1846 5538 2364 5679 Ιηῖἓῧῗιῇαντοῑας
2403 5609 2687 5678 ἀληθείας
2728 5608 3011 5679 ἐφῆπται.
3057 5609 3428 5669 Scribenduin

1846 5691 1975 5745 puto
2004 5678 2290 5741 παντοίως,
2324 5683 2467 5748 quod
2512 5698 2563 5734 iii
2599 5678 2845 5736 versione
2883 5700 3001 5737 mea
3032 5695 3249 5737 secutus
3281 5699 3429 5740 sunt.

3081 5847 3160 5911 ιο
