3884 6474
518 367 660 426 1283

1224 365 1493 423 EUSEBII
1531 363 2012 421 CESABIENSlS
2048 363 2198 421 OPP.
2240 365 2427 421 PARS
2464 367 2504 421 1.
2535 395 2601 405 -
2640 364 3035 425 HISTORICA.

3645 373 3767 431 1261

523 487 834 545 ietestanda
882 484 1241 557 blasphemia,
1285 500 1407 553 qua:
1469 484 1773 541 mendaciis
1839 492 1894 539 et
1944 484 2050 538 fam

2158 528 2161 544 λ
2191 484 2281 537 τὸν
2313 483 2423 536 τῶν
2474 482 2695 551 ἀγαθῶν
2741 484 3034 556 παραίτιον
3070 485 3307 551 πάντων,
3358 486 3618 558 Χριστὸν,
3648 489 3766 547 Θεόν

524 578 966 648 pervulgatisque
992 573 1330 631 sermonibus
1371 574 1552 629 eﬂ'erri
1582 585 1637 629 et
1668 573 1890 645 gloriari
1917 576 2088 642 soles,

514 680 592 733 tu,
621 671 865 740 inquam,
911 667 1142 738 juvenes
1170 667 1420 739 decipis;
1451 668 1824 723 adolescentes
1852 677 1907 724 et
1941 670 2090 725 viros

514 764 603 834 qui
652 765 842 834 puerili
890 764 1125 832 quodam
1162 762 1379 831 ingenio
1428 762 1638 831 prtediti
1682 773 1830 828 sunt,
1885 763 2082 818 blanda

509 858 862 927 persuasione
916 855 967 909 in
1012 854 1260 909 fraudem
1312 855 1564 921 inducis,
1600 870 1630 910 a
1664 857 1779 911 veri
1833 856 2082 911 Numinis

505 951 654 1008 cultu
685 964 781 1006 eos
803 949 1100 1014 abduceus,
1135 957 1189 1004 et
1219 949 1513 1004 simulacra
1555 952 1895 1009 constituens
1914 992 1929 1018 ,
1958 965 2080 1020 quae

508 1043 760 1107 adorent,
780 1051 836 1097 et
860 1043 1053 1112 quibus
1077 1056 1267 1110 preces
1286 1041 1522 1114 allegent
1545 1044 1713 1100 :adeo
1745 1053 1800 1098 ut
1846 1044 2079 1113 decepti,

505 1135 871 1205 suaeipsorum
892 1135 1155 1189 vecordia:
1172 1135 1474 1189 mercedem
1496 1135 1783 1205 recipiant.
1804 1135 2079 1191 Christum

502 1228 645 1281 enim
672 1225 913 1281 omnium
941 1226 1205 1280 bonorum
1250 1234 1524 1280 auctorem
1548 1268 1563 1289 ,
1612 1229 1705 1297 qui
1736 1237 1791 1282 et
1827 1228 1969 1283 Dens
1998 1236 2081 1281 est

499 1328 555 1374 et
609 1317 699 1372 Dei
753 1316 941 1379 Filius,
1009 1317 1448 1373 calumniantur.
1498 1319 1716 1382 Annon,
1745 1333 1956 1389 quaeso,
1989 1319 2077 1376 hic

499 1408 660 1481 581
690 1410 830 1463 Deus
858 1423 888 1462 a
925 1409 1342 1464 modestissimis
1378 1424 1443 1465 ac
1496 1410 1912 1480 sapientissimis
1940 1425 2075 1481 gen-

501 1501 643 1556 tibus
664 1515 727 1555 ac
746 1497 1093 1569 populisjure
1117 1497 1311 1554 merito
1334 1500 1577 1554 colitur?
1598 1500 1690 1569 qui
1719 1516 1841 1555 cum
1858 1517 2073 1557 omnem

493 1594 792 1664 potentiam
847 1602 1035 1646 nactus
1064 1592 1155 1653 sit,
1190 1592 1455 1660 propositi
1491 1593 1575 1647 sui
1612 1608 1837 1664 semper
1887 1603 2069 1659 tenax,

494 1686 563 1741 de
589 1686 750 1739 insita
787 1684 889 1739 sibi
923 1684 1214 1738 clementia
1251 1684 1385 1738 nihil
1426 1684 1719 1742 imminuit.
1759 1686 1923 1741 Abite
1974 1687 2073 1757 igi-

495 1774 761 1846 tur,impii
787 1775 862 1845 (id
888 1772 1031 1828 enim
1064 1772 1219 1826 vobis
1270 1774 1425 1839 licet,
1460 1778 1902 1847 quandoquidem
1950 1793 2067 1832 sce-

2188 594 2248 630 τε
2277 577 2374 629 καὶ
2406 574 2541 628 Θεοῦ
2577 575 2762 630 παῖδα.
2791 572 2920 648 'Ap‘
2938 572 3031 632 οῦν
3055 578 3153 649 οὐχ
3175 577 3282 631 ὑπὸ
3308 581 3763 651 σωφρονεστάτων

2188 666 2357 720 ἐθνῶν
2388 684 2448 719 τε
2478 665 2574 719 καὶ
2606 665 2792 737 δήμων
2828 660 2986 732 οὗτος
3012 671 3043 724 ὁ
3071 668 3203 733 Θεὸς
3231 670 3500 734 καταξὶαν
3532 672 3762 740 σέϐεταις

2190 758 2456 821 Παντοίας
2500 758 2599 828 μὲν
2633 757 2916 829 δυνάμεως
2952 760 3374 831 ἐπειλημμένος,
3431 761 3598 827 αὐτὸς
3627 763 3670 817 δ’
3713 767 3763 818 ἓν

2184 851 2251 917 τῇ
2281 847 2459 919 οἰκεία
2492 848 2810 921 προαιρέσει
2860 849 3059 920 μένων,
3094 851 3369 905 οὐδοτιοῦν
3402 853 3509 923 τῆς
3536 855 3759 926 ἐμφύτου

2185 938 2593 1009 φιλανθρωπίας
2616 939 3107 1010 ὲμείωσεν.’Ᾱπιτε
3130 941 3216 1013 δὴ,
3238 943 3546 1010 δυσσεϐεῖς,
3569 946 3758 1015 ἐφεῖται

2184 1033 2292 1105 γὰρ
2318 1034 2450 1105 ὑμῖν
2469 1032 2559 1087 διὰ
2594 1033 2694 1105 τὴν
2718 1032 3065 1104 ἀτιμώρητον
3096 1034 3397 1105 ἁμαρτίαν,
3432 1036 3527 1089 ἐπὶ
3547 1036 3644 1100 τάς
3662 1040 3756 1092 τῶν

2186 1127 2399 1197 ἱερείων
2444 1126 2678 1194 σφαγὰς,
2711 1126 2896 1189 θοίνας
2932 1143 2992 1179 τε
3042 1128 3136 1180 καὶ
3175 1128 3375 1197 ἑορτὰς
3418 1129 3515 1182 καί
3562 1130 3751 1200 μέθας·

2182 1218 2636 1291 προσποιούμενοι
2664 1219 2763 1291 μὲν
2784 1218 3106 1291 θρησκείαν,
3133 1221 3562 1292 ἐπιτηδεύοντες
3579 1223 3635 1277 δὲ
3656 1225 3755 1295 ἠδο-

2179 1312 2276 1375 νὰς
2321 1312 2417 1365 καὶ
2450 1311 2773 1376 ἀκολασίας·
2819 1313 2915 1367 καὶ
2944 1312 3137 1377 θυσίας
3172 1314 3275 1384 μὲν
3319 1315 3595 1369 ἐπιτελεῖν
3638 1334 3755 1389 σκη-

2179 1406 2459 1476 πτόμενοι,
2489 1409 2608 1469 ταῖς
2635 1405 2682 1458 θ’
2716 1405 2896 1460 αὐτῶν
2930 1406 3146 1477 ἡδοναῖς
3168 1406 3540 1473 δουλεύοντες.
3561 1409 3634 1463 Οὐ
3659 1409 3751 1482 γάρ

2178 1501 2291 1554 ίστε
2328 1498 2533 1569 ἀγαθὸν
2567 1499 2742 1564 οὐδὲν,
2768 1500 2890 1554 οὐδὲ
2915 1498 2975 1553 τὸ
3003 1499 3219 1571 πρῶτον
3238 1500 3334 1554 τοῦ
3362 1502 3602 1572 μεγάλου
3631 1502 3749 1556 Θεοῦ

2177 1592 2523 1663 πρόσταγμα,
2547 1591 2926 1655 διατάσσοντός
2945 1609 3004 1645 τε
3028 1592 3102 1663 τῷ
3126 1592 3237 1645 τῶν
3262 1593 3574 1666 ἀνθρώπιον
3597 1595 3746 1664 γένει,

2174 1685 2268 1737 καὶ
2302 1686 2727 1757 ὲπισκήπτοντος
2754 1684 2831 1756 τῷ
2864 1685 3041 1749 Παιδί,
3066 1685 3155 1739 τὸν
3179 1686 3390 1741 τούτων
3414 1687 3751 1762 διακυϐερνᾷν

2177 1775 2307 1846 βίον,
2343 1778 2493 1842 ὅπως
2519 1780 2568 1832 οἱ
2594 1777 2782 1842 δεξιῶς
2815 1779 2912 1832 καὶ
2939 1778 3235 1850 σωφρόνως
3271 1779 3593 1850 βιώσαντες,
3627 1782 3750 1836 κατά

493 1868 593 1922 leri
626 1879 807 1923 vestro
863 1866 1007 1921 nulla
1041 1883 1184 1923 nunc
1229 1884 1390 1939 poena
1417 1869 1731 1941 irrogatur);
1776 1871 1944 1936 abite,
1987 1872 2051 1926 in

2176 1869 2273 1940 τὴν
2301 1869 2396 1922 τοῦ
2423 1870 2620 1934 Παιδὸς
2647 1869 2845 1943 κρίσιν,
2867 1870 3118 1942 δεύτερον
3145 1871 3261 1942 βίον
3287 1873 3564 1945 μακάριόν
3588 1891 3645 1928 τε
3664 1877 3748 1929 καὶ

493 1975 679 2029 quam,
709 1962 778 2015 ad
808 1962 1150 2020 victimarum
1180 1964 1353 2020 caedes
1374 1973 1429 2020 et
1459 1963 1707 2019 convivia
1737 1963 2069 2033 ,,fest05que

490 2048 607 2105 dies
637 2061 692 2106 et
721 2054 1151 2123 compotationes
1179 2055 1263 2110 :iu
1314 2054 1515 2124 quibus
1573 2055 1857 2128 religionis
1887 2057 2068 2127 specie

490 2131 854 2212 voluptatibus
885 2156 938 2199 et
970 2145 1412 2216 intemperantia:
1448 2147 1757 2217 indulgetis.
1792 2149 1861 2204 Et
1904 2164 2064 2206 sacra

488 2233 705 2302 quidem
737 2250 767 2290 a
797 2236 951 2291 vobis
971 2236 1240 2293 celebrari
1268 2238 1542 2294 simulatis
1568 2259 1582 2294 :
1618 2256 1680 2296 re
1730 2251 1911 2296 autem
1936 2258 2063 2298 vera

489 2324 737 2381 libidines
753 2338 963 2384 vestras
981 2328 1230 2400 expletis.
1252 2329 1440 2400 Neque
1461 2332 1603 2386 enim
1623 2332 1918 2401 quidquam
1935 2332 2062 2388 boui

487 2418 692 2484 nostis,
724 2434 789 2474 ac
822 2435 890 2475 ne
926 2422 1160 2490 primum
1218 2423 1434 2489 quidem
1480 2424 1678 2477 summi
1714 2423 1807 2478 Dei
1843 2427 2065 2480 manda-

486 2518 597 2563 tum
634 2528 648 2565 :
678 2511 769 2580 qui
802 2521 857 2567 et
890 2512 1128 2569 humano
1157 2514 1341 2585 generi
1387 2514 1531 2585 leges
1557 2515 1777 2571 vivendi
1807 2518 2062 2585 praescri-

483 2601 582 2665 bit,
612 2601 858 2674 Pilioque
884 2605 936 2659 in
970 2606 1242 2660 mandatis
1269 2605 1439 2673 dedit,
1470 2615 1530 2661 ut
1565 2606 1730 2662 vitam
1781 2608 2060 2663 hominum

484 2710 771 2767 moresque
812 2697 1076 2753 lormaret
1108 2715 1124 2752 :
1157 2711 1266 2768 quo
1306 2697 1560 2753 videlicet
1605 2698 1659 2752 hi
1689 2698 1783 2769 qui
1816 2710 1968 2755 recte
1996 2717 2061 2757 ac

485 2786 726 2841 modeste
752 2788 1013 2850 vixerint,
1040 2788 1269 2843 alteram
1308 2790 1473 2843 vitam
1507 2791 1721 2845 beatam
1752 2804 1815 2845 ac
1842 2789 2056 2846 felicem

482 2876 605 2932 Filii
657 2879 740 2933 sui
783 2879 991 2950 judicio
1024 2872 1452 2951 consequantur.
1504 2880 1741 2950 Exposui
1778 2882 2057 2938 decretum

482 2967 573 3023 Dei
624 2969 691 3024 de
728 2970 1003 3025 hominum
1032 2972 1141 3025 vita
1164 3012 1179 3036 ,
1208 2970 1373 3042 idque
1402 2986 1507 3025 non
1532 2971 1875 3040 ignoratione
1902 2974 2056 3027 aber-

481 3075 607 3114 rans
634 3071 694 3115 ut
721 3061 902 3129 multi,
961 3077 1061 3117 nec
1093 3062 1346 3131 opinione
1373 3072 1468 3116 aut
1489 3061 1804 3132 conjectura
1836 3064 2054 3117 ductus.

478 3151 585 3205 Sed
620 3153 850 3216 fortasse
879 3154 1079 3209 dixerit
1105 3153 1333 3224 aliquis:
1378 3153 1658 3210 Undenam
1692 3155 1805 3209 haec
1833 3154 1924 3208 lilii
1956 3170 2056 3225 ap-

475 3244 714 3313 pellatio,
749 3258 843 3301 aut
866 3262 986 3318 qua:
1011 3248 1155 3303 ratio
1184 3246 1443 3320 gignendi
1472 3288 1485 3311 ,
1520 3246 1789 3317 siquidem
1819 3263 1961 3302 unus
1989 3263 2054 3302 ac

475 3339 621 3394 solus
648 3349 733 3396 est
763 3342 925 3405 Dens,
965 3340 1218 3411 idemque
1247 3341 1315 3395 ab
1338 3340 1485 3395 omni
1549 3339 1932 3396 commistione
1993 3352 2050 3396 et

473 3433 619 3487 coitu
656 3449 878 3503 prorsus
907 3432 1154 3488 alienus?
1185 3432 1475 3488 Sciendum
1511 3446 1644 3487 vero
1675 3446 1760 3487 εει
1782 3431 2051 3501 duplicem

2081 3212 2124 3271 ϐ

2176 1958 2469 2030 εὐδαίμονα
2511 1960 2873 2031 λαγχάνωσιν.
2927 1961 3067 2031 Ἐγὼ
3116 1963 3215 2033 μὲν
3253 1959 3350 2017 οὗν
3398 1965 3464 2019 τὸ
3502 1966 3594 2020 τοῦ
3625 1965 3743 2020 Θεοῦ
3792 2024 3804 2039 ⁸

2174 2050 2351 2121 δόγμα
2380 2050 2488 2121 (64)
2535 2052 2658 2123 περὶ
2706 2052 2805 2122 τῆς
2835 2052 2943 2105 τῶν
2996 2052 3307 2124 ἀνθρώπων
3345 2054 3586 2124 βιώσεως
3629 2057 3746 2122 διεξ-

2173 2140 2359 2211 ῆλθον,
2418 2142 2479 2194 οὐ
2528 2141 2635 2213 μὴν
2664 2141 2895 2211 ἀγνοῶν,
2923 2142 3179 2215 καθάπερ
3220 2146 3270 2197 οί
3305 2145 3516 2207 πολλοὶ,
3549 2147 3658 2201 οὐδὲ
3691 2149 3741 2213 ἐξ

2173 2234 2443 2299 εἰκασίας,
2470 2234 2592 2288 οὐδὲ
2620 2234 2949 2305 στοχασμοῦ.
2985 2234 3138 2305 Τάχα
3167 2236 3214 2289 δ’
3234 2235 3312 2289 ἄν
3349 2254 3437 2301 τις
3462 2237 3625 2292 εἴποι·
3648 2236 3738 2294 Πό-

2173 2327 2262 2380 θεν
2292 2328 2325 2399 ή
2358 2326 2699 2399 προσηγορία
2721 2326 2817 2381 τοῦ
2845 2326 3056 2391 παιδὸς,
3089 2326 3220 2381 ποία
3246 2327 3305 2381 δὲ
3339 2329 3572 2397 γένεσις,
3600 2333 3736 2404 εἴπερ

2173 2411 2257 2481 εἷς’
2289 2418 2452 2488 μόνος
2483 2415 2559 2470 ὣν
2590 2417 2722 2482 Θεὸς
2750 2418 3028 2489 τυγχάνει,
3058 2419 3245 2492 πάσης
3282 2420 3342 2474 δὲ
3383 2420 3579 2492 μίξεως
3599 2414 3734 2489 οῦτός

2170 2513 2317 2565 ἐστιν
2343 2510 2646 2583 ἀλλότριος;
2678 2512 2837 2566 Ἀλλά
2866 2513 2966 2584 τὴν
3006 2512 3220 2583 γένεσιν
3249 2514 3452 2586 διπλῆν
3481 2532 3596 2570 τινα
3616 2518 3733 2569 νοεί-

2171 2600 2294 2656 σθαι
2320 2604 2444 2674 χρή·
2480 2603 2579 2673 τὴν
2608 2603 2706 2675 μὲν
2731 2603 2792 2668 ἐξ
2827 2603 3207 2674 ἀποκυήσεως.
3241 2606 3342 2679 τὴν
3379 2608 3731 2679 συνεγνωσμέ-

2167 2708 2265 2754 νην
2295 2693 2517 2764 ταύτην,
2561 2693 2751 2766 ἑτέραν
2784 2693 2842 2746 δὲ
2880 2694 2979 2767 τὴν
3022 2693 3081 2760 ἐξ
3115 2695 3294 2748 ἀϊδίου
3331 2697 3531 2763 αἰτίας,
3559 2694 3622 2769 ἧς
3648 2697 3728 2752 τὸν

2166 2783 2324 2852 λόγον
2354 2784 2488 2838 Θεοῦ
2537 2784 2760 2857 πρόνοια
2806 2783 3018 2850 θεᾶται,
3063 2786 3161 2841 κει)⁵
3207 2786 3422 2858 ἀνδρῶν
3463 2788 3523 2850 ὃς
3556 2790 3726 2861 ἐκείνῳ

2168 2876 2320 2945 φίλος
2350 2876 2583 2948 ὑπάρχει
2617 2874 2753 2947 (65)·
2797 2876 2959 2945 σοφὸς
3003 2877 3113 2949 γάρ
3153 2894 3237 2942 τις
3290 2877 3392 2950 τὴν
3444 2879 3613 2931 αἰτίαν
3635 2878 3725 2948 τῆς

2165 2968 2271 3022 τῶν
2296 2969 2431 3023 ὅλων
2462 2968 2870 3039 διακοσμήσεως
2896 2967 3122 3023 εἴσεται.
3152 2970 3356 3033 Ὀντος
3396 2970 3568 3023 τοίνυν
3591 2971 3723 3024 ἀναι-

2162 3062 2280 3116 τίου
2323 3062 2569 3135 μηδενὸς,
2619 3060 2992 3134 προϋπάρχειν
3035 3061 3144 3115 τῶν
3186 3062 3380 3128 ὄντων,
3424 3063 3519 3136 τὴν
3563 3064 3720 3119 αίτίαν

2164 3155 2340 3208 αὐτῶν
2373 3154 2483 3225 (66)
2517 3154 2750 3226 ἀνάγκη.
2787 3155 2977 3218 Ὅντος
3005 3154 3113 3226 ἄρα
3159 3154 3373 3226 κόσμου
3410 3157 3504 3209 καὶ
3532 3156 3632 3209 τῶν
3665 3156 3714 3207 ἐν

2156 3245 2325 3319 αὐτῷ,
2357 3246 2525 3318 οῦσης
2558 3264 2622 3300 τε
2661 3247 2839 3301 αὐτῶν
2884 3249 3181 3321 σωτηρίας,
3220 3248 3315 3302 τὸν
3361 3249 3581 3322 Σωτῆρα
3621 3245 3713 3301 τῶν

2155 3338 2319 3394 όντων
2363 3340 2737 3413 προϋπάρχειν
2770 3340 2985 3413 ἀνάγκη
3008 3358 3023 3372 ⁸
3054 3342 3132 3406 ὡς
3173 3337 3319 3396 εἶναι
3352 3342 3443 3396 τὸν
3478 3342 3571 3412 μὲν
3597 3342 3710 3412 Χρι-

2156 3431 2299 3495 στὸν,
2333 3433 2434 3503 τῆς
2480 3432 2753 3504 σωτηρίας
2812 3433 3011 3496 αἰτίαν,
3054 3433 3155 3505 τὴν
3202 3434 3263 3488 δὲ
3305 3435 3575 3508 σωτηρίαν
3616 3434 3709 3486 τῶν

473 3540 593 3580 esse
631 3527 884 3594 gignendi
938 3526 1259 3580 rationem:
1317 3525 1547 3580 alteram
1598 3537 1664 3578 ex
1719 3533 1876 3594 partu
1930 3541 2051 3595 qua:

2158 3521 2320 3575 ὄντων
2335 3522 2396 3575 τὸ
2412 3522 2652 3575 αἰτιατόν
2676 3520 2807 3592 (67)·
2842 3521 3092 3595 καθάπερ
3117 3524 3268 3577 αἰτία
3293 3524 3393 3596 μὲν
3406 3523 3531 3579 Υίοῦ
3556 3526 3583 3577 ὀ
3609 3523 3705 3577 Πα-

472 3616 727 3670 omnibus
759 3622 889 3693 nota
920 3624 1003 3671 est
1034 3632 1051 3667 ε
1092 3615 1319 3670 alteram
1356 3629 1423 3670 ex
1475 3628 1641 3670 causa
1694 3615 2047 3685 sempiterna.

473 3793 530 3861 in
566 3790 902 3861 Apologctico
944 3792 1013 3845 ad
1059 3792 1428 3856 imperatorem
1456 3792 1824 3848 Constantium
1854 3809 1876 3848 :
1907 3796 2048 3850 Ἀλλ’

469 3857 808 3935 ἦν-γενναῖος
834 3864 929 3916 καὶ
959 3862 1232 3935 λαμπρὸς,
1253 3863 1372 3935 οὐδὲ
1401 3865 1580 3935 κρίσιν
1598 3865 1779 3935 ἔμεινε
1805 3870 1925 3919 κατ’
1952 3869 2048 3921 αὑ·-

469 3932 586 3987 ¹τοῦ.
622 3932 824 4005 Tamen
848 3935 948 4005 viri
979 3932 1133 4005 docti
1153 3948 1216 3987 ex
1257 3933 1370 3987 suis
1397 3932 1673 3989 codicibus
1694 3933 1807 4001 jam
1839 3939 2044 4005 pridem

469 4004 830 4075 emendaruut
870 4003 1179 4075 ἀναμένειν,
1215 4018 1374 4075 quam
1420 4003 1854 4075 emendationem
1896 4009 1947 4061 in
1987 4009 2046 4062 li-

466 4074 584 4129 bris
608 4074 769 4145 etiam
792 4072 1027 4129 'l‘urnebi
1054 4090 1117 4129 ac
1145 4072 1327 4127 Savilii
1360 4077 1557 4145 reperi.
1582 4074 1764 4130 Codex
1793 4074 2045 4133 Fuketia-

470 4160 571 4199 nus
604 4144 766 4198 habet
790 4145 1120 4199 ἀναϐαίνειν.

539 4213 649 4287 (64)
695 4214 835 4285 Ἐγὼ
875 4215 992 4286 μὲν
1035 4214 1149 4272 οὖν
1179 4218 1247 4273 τὸ
1282 4216 1392 4273 τοῦ
1438 4216 1587 4271 Θεοῦ
1621 4216 1831 4286 δόγμα.
1872 4216 2040 4274 lutei-

2150 3613 2274 3685 τὴρ,
2301 3613 2537 3669 αἰτιατὸν
2558 3613 2602 3667 δ’
2628 3614 2656 3666 ὁ
2682 3613 2810 3678 Υἱός
2833 3612 2967 3684 (68).
3004 3615 3112 3668 Καὶ
3139 3614 3201 3668 τὸ
3231 3616 3334 3688 μὲν
3364 3616 3701 3695 προϋπάρχειν

2219 3795 2329 3865 (67)
2369 3794 2524 3866 Vulg.
2553 3794 2619 3849 τὸ
2669 3796 2880 3853 αἴτιον.
2920 3795 3063 3851 Nihil
3108 3797 3211 3852 hoc
3245 3797 3367 3853 loco
3417 3798 3539 3854 vidit
3564 3799 3695 3856 Chri-

2148 3867 2558 3936 stophorsonns.
2610 3867 2771 3936 Atqui
2838 3867 3151 3921 facillimum
3215 3880 3337 3923 erat
3390 3870 3695 3925 animadver-

2152 3948 2283 4007 tere,
2312 3936 2397 3990 hic
2425 3936 2857 4007 legenduuluesse
2880 3938 2939 3991 τὸ
2969 3937 3231 3991 αἰτιατόν.
3263 3938 3545 4007 Comparat
3571 3943 3692 3993 enim

2147 4006 2235 4061 hic
2278 4002 2661 4061 Constantinus
2678 4002 2871 4060 Filium
2909 4024 3031 4063 cum
3064 4002 3495 4075 conservatione,
3537 4019 3583 4075 et
3607 4010 3694 4063 Pa-

2147 4086 2281 4131 trem
2326 4091 2447 4130 cunt
2486 4077 2792 4147 Servatoyg.
2840 4077 3307 4147 Oltielllndmmllltll
3369 4074 3525 4147 igitur
3555 4074 3703 4131 Pater

2143 4147 2357 4212 quidem
2397 4154 2481 4200 est
2524 4160 2688 4200 causa
2713 4138 3040 4209 FiliifFilins
3086 4161 3213 4201 vero
3267 4138 3497 4203 effectus
3538 4147 3691 4202 seu-rb

2139 4217 2397 4280 αἰτιατόν,
2439 4217 2517 4270 sic
2554 4216 2807 4269 Servator
2827 4218 3041 4285 quidem
3081 4232 3245 4271 causa
3279 4230 3363 4271 est
3388 4219 3567 4272 Salutis
3589 4232 3689 4273 etn-

463 4285 582 4355 ligit
614 4285 888 4340 decretum
922 4287 1016 4342 Dei
1044 4290 1111 4341 de
1145 4289 1379 4344 hominis
1423 4285 1811 4356 assumptinne,
1843 4302 1939 4343 seu
1975 4293 2040 4342 de
2142 4288 2291 4356 nium
2322 4302 2503 4340 rerum
2526 4326 2541 4348 ,
2586 4286 2734 4341 salus
2770 4301 2899 4340 vero
2943 4296 3027 4341 est
3066 4286 3291 4342 eﬂ‘ectus
3331 4304 3428 4344 seu
3458 4289 3515 4341 τὸ
3539 4290 3688 4342 αἰτια-

463 4356 857 4419 lncarnatione,
913 4372 1011 4425 per
1060 4373 1223 4426 quam
1280 4357 1556 4414 hominum
1610 4360 1716 4411 vita
1789 4372 2034 4426 reparata

462 4435 565 4481 est.
617 4428 854 4499 Apparet
909 4428 1075 4499 igitur
1123 4430 1297 4499 capita
1354 4437 1504 4483 recte
1549 4443 1577 4481 a
1623 4428 1783 4482 nobis
1830 4433 2035 4498 digesta

459 4511 601 4570 esse.
645 4496 759 4570 Nisi
794 4500 914 4567 quis
944 4496 1274 4570 fortasse’atl
1309 4501 1423 4554 hmo
1463 4512 1636 4567 usque
1679 4498 1839 4570 verba
1874 4496 2036 4570 caput

460 4567 529 4622 19
552 4566 843 4622 extendere
873 4566 1123 4635 voluerit,
1153 4571 1291 4636 quod
1323 4570 1492 4623 libens
1522 4566 1906 4624 cencesserim.

528 4636 1308 4710 (65)Vulg.d>céx£lwpgpl.loc
1340 4638 1607 4710 ὑπάρχει.
1638 4637 1773 4695 Rob.
1798 4639 2027 4708 Stepha-

456 4723 561 4764 NIS
583 4708 635 4761 in
675 4711 840 4764 variis
869 4710 1216 4773 lectionibus,
1251 4726 1390 4780 quas
1422 4708 1733 4780 adcalcem
1766 4711 2026 4763 editionis

454 4793 571 4831 una:
593 4779 891 4845 adnotavit,
916 4791 1099 4833 monet
1126 4779 1277 4835 hunc
1296 4781 1467 4833 locum
1503 4779 1555 4831 in
1590 4780 1910 4847 quibusdam
1935 4793 2031 4833 co.

459 4848 667 4921 ilicibus
706 4850 779 4901 ita
815 4849 1014 4919 legi,6;
1046 4851 1239 4921 ἐκείνῳ
1263 4851 1413 4921 φίλος
1443 4849 1697 4921 ὑπάρχει.
1750 4850 1881 4915 Qua:
1912 4850 2028 4903 sine

457 4918 622 4970 dubio
657 4933 793 4989 ‘vera
832 4918 1099 4989 scriptura
1146 4918 1248 4976 est.
1276 4918 1379 4975 'Ait
1418 4923 1560 4973 enim
1612 4918 2026 4983 Constantinus,

456 4986 722 5042 naturalis
782 4986 995 5058 quidem
1054 4992 1423 5059 generationis
1490 4991 1708 5042 modum
1773 4992 2028 5043 omnibus

452 5069 640 5112 notum
693 5074 851 5113 esse:
885 5064 1250 5130 generationis
1288 5073 1468 5115 autem
1507 5060 1702 5113 divinze
1753 5061 2025 5114 rationem

453 5144 656 5198 paucos
686 5129 975 5184 admodum
1010 5147 1359 5200 cognoscere,
1407 5145 1545 5201 quos
1588 5130 1728 5201 Dens
1762 5130 2024 5200 peculiari

456 5202 829 5254 benevolentia
897 5198 1219 5267 prosecutus
1277 5198 1458 5257 fuerit.
1508 5198 1669 5254 Certe
1719 5198 1774 5253 in
1841 5202 2027 5255 codice

449 5269 622 5339 liegio
653 5271 848 5339 legitur
880 5270 1050 5339 φίλος.
1095 5271 1148 5325 1η
1197 5274 1411 5327 schedis
1444 5280 1622 5325 autem
1670 5271 1926 5323 scribitur
1968 5269 2028 5331 ὃς

448 5340 669 5394 ἐκείνων
699 5340 869 5410 φίλος.
903 5339 1008 5395 Sed
1058 5343 1215 5397 codd.
1257 5342 1415 5404 Fnk.,
1456 5340 1693 5394 Turnebi
1725 5356 1790 5395 ac
1816 5340 2025 5402 Savilti,

452 5424 635 5464 veram
672 5411 952 5465 lectionem
982 5414 1256 5467 exhibent.

520 5481 631 5552 (66)
673 5482 821 5552 Vulg.
877 5481 993 5552 τὴν
1047 5484 1243 5536 αἰτίαν
1288 5479 1488 5536 αὐτῶν
1536 5476 1646 5546 τῆς
1701 5480 2023 5548 σωτηρίας.

450 5546 589 5604 Malo
612 5546 848 5605 "consultu
880 5546 1223 5608 Genevenses
1256 5555 1390 5607 duas
1439 5560 1742 5620 postremas
1776 5546 1934 5605 voces
1970 5556 2025 5603 in

452 5628 654 5673 textum
703 5622 1057 5686 admiserunt,
1088 5638 1156 5676 ex
1194 5623 1504 5689 conjectura
1540 5620 1820 5688 Scaligeri,
1858 5628 1916 5673 ut
1960 5620 2026 5673 ad

451 5691 743 5756 inargiuem
793 5692 1092 5745 adnotatur.
1121 5694 1223 5745 Sed
1250 5708 1344 5747 eas
1406 5691 1724 5759 rejiciendas
1750 5705 1869 5744 esse
1895 5691 2027 5743 satis

447 5770 688 5824 apparet.
705 5759 832 5811 Nam
847 5771 900 5813 et
923 5774 1138 5813 sensum
1160 5777 1372 5816 omnem
1391 5763 1547 5828 hujus
1567 5761 1667 5815 loci
1686 5762 2025 5828 perturbant,

445 5836 501 5879 et
530 5829 584 5883 iu
613 5830 829 5897 scriptis
859 5831 1132 5886 codicibus
1164 5849 1267 5887 non
1298 5833 1569 5901 leguntur.

2141 4358 2235 4410 τὸν
2258 4355 2582 4411 Servatoris.

2208 4428 2318 4496 (68)
2356 4426 2525 4496 ᾼὶτία
2565 4425 2683 4495 μὲν
2723 4425 2860 4480 Υίοῦ
2892 4429 2925 4480 ό
2971 4425 3198 4495 Πατὴρ,
3256 4426 3522 4484 αἰτιατόν
3557 4425 3620 4479 δὲ
3658 4427 3686 4479 d

2150 4495 2307 4562 Υἱός.
2361 4495 2582 4550 Veteres
2619 4497 2873 4565 theologi.
2909 4502 3210 4563 prtesert‘nn
3270 4501 3415 4565 apud
3470 4496 3681 4559 Gra:cos,

2068 4563 2110 4617 Β
2143 4583 2301 4620 unam
2327 4567 2378 4620 in
2407 4566 2673 4637 Trinitate
2706 4563 3013 4637 personam,
3046 4567 3211 4622 Deum
3238 4563 3449 4622 scilicet
3474 4567 3680 4637 Patrem,

2136 4651 2352 4690 causam
2399 4651 2522 4691 esse
2567 4636 2851 4699 dicebant;
2892 4637 2997 4690 duo
3045 4652 3175 4692 Vero
3223 4648 3468 4701 causata,
3517 4636 3679 4690 Filium

2141 4722 2333 4774 nempe
2376 4716 2433 4760 et
2485 4706 2745 4775 Spiritum
2795 4715 3068 4761 sanctum.
3125 4709 3218 4763 Sic
3272 4707 3594 4762 Athanasius
3634 4707 3675 4756 in

2133 4776 2534 4847 Qozcstionibus
2555 4776 2828 4847 secundis,
2859 4790 2979 4847 cap.
3008 4778 3067 4831 11
3100 4787 3155 4832 et
3189 4777 3282 4839 12.
3310 4782 3340 4832 ὁ
3368 4777 3427 4831 δὲ
3458 4777 3575 4841 Υἱὸς
3596 4775 3677 4828 οὐκ

2131 4847 2276 4899 ἔστιν
2315 4845 2508 4913 αἴτιος,
2554 4845 2666 4899 ἀλλ’
2692 4843 2955 4909 αίτιατός.
2988 4848 3065 4903 Ita
3110 4848 3276 4903 etiam
3320 4847 3550 4904 Joannes
3593 4847 3677 4899 Da-

2133 4919 2515 4988 tnascenusiin
2552 4916 2729 4970 libr0t
2779 4916 2855 4970 De
2902 4919 3241 4988 imaginibus,
3287 4935 3394 4974 non
3431 4924 3573 4987 longe
3600 4913 3671 4988 _ab

2134 4986 2286 5041 initio
2324 5006 2336 5042 :
2376 5006 2395 5038 ι
2434 4987 2635 5057 Imago,
2669 4987 2864 5056 inquit.
2900 4988 2990 5042 Dei
3012 4983 3315 5044 invisibilis
3341 4998 3427 5043 est
3467 4983 3671 5058 ipseuFi-

2133 5060 2254 5123 lins,
2300 5058 2392 5127 qui
2438 5058 2490 5111 in
2518 5055 2717 5129 ipseipso
2748 5055 2986 5112 Patrem
3036 5060 3208 5129 gerit,
3258 5074 3314 5113 et
3352 5060 3405 5113 iu
3452 5055 3671 5129 omnibus

2134 5130 2272 5181 idem
2321 5126 2441 5182 eum
2492 5128 2583 5181 illo
2634 5138 2748 5191 est,
2802 5136 2998 5201 praeter
3044 5126 3218 5201 unum
3256 5128 3309 5183 id
3341 5129 3480 5201 quod
3521 5126 3582 5181 ab
3620 5139 3671 5178 eo

2134 5209 2386 5267 tanquam
2441 5212 2469 5250 a
2506 5212 2670 5252 causa
2723 5207 2829 5253 est.
2896 5198 3168 5252 Naturalis
3218 5198 3377 5253 enini
3417 5212 3563 5267 causa
3606 5204 3670 5248 est

2131 5263 2308 5325 Pater.
2337 5282 2406 5321 ex
2437 5283 2539 5336 qna
2582 5267 2749 5321 Filius
2776 5269 3159 5336 proliciscitnr.
3188 5288 3208 5320 ι
3259 5268 3369 5324 Sed
3404 5280 3457 5324 et
3495 5263 3669 5390 Grego-

2134 5339 2249 5390 rius
2275 5337 2405 5390 Naz.
2435 5340 2487 5390 in
2524 5339 2770 5390 oratione
2792 5336 2881 5390 29.
2910 5354 3031 5390 una:
3074 5348 3158 5390 est
3187 5340 3269 5390 De
3297 5341 3557 5390 dogmate.
3624 5353 3667 5387 a-

2134 5339 2249 5391 rius
2275 5337 2405 5392 Naz.
2435 5340 2487 5390 in
2524 5339 2770 5408 oratione
2792 5336 2881 5402 29,
2910 5354 3031 5406 qua:
3074 5348 3158 5392 est
3186 5340 3269 5394 De
3297 5341 3557 5408 dogmate,
3586 5336 3667 5390 Pa-

2132 5416 2268 5461 trem
2303 5423 2518 5462 causam
2562 5424 2683 5462 esse
2722 5407 2840 5462 Ftlii
2885 5420 2957 5477 et,
2988 5409 3228 5477 Spiritus
3281 5407 3452 5464 salicti
3496 5407 3663 5477 diserte

2129 5479 2341 5533 asserit.
2374 5480 2450 5531 Ex
2481 5477 2691 5533 Latinis
2736 5494 2864 5533 vero
2913 5476 3114 5532 Marius
3144 5477 3457 5534 Victorinus
3479 5479 3526 5531 in
3552 5476 3661 5529 libro

2129 5551 2301 5617 primo
2333 5547 2597 5602 Adversus
2632 5549 2817 5602 Arium
2867 5550 3089 5616 perinde
3140 5548 3353 5603 locutus
3401 5556 3498 5602 est.
3530 5562 3550 5596 ι
3575 5541 3658 5598 Sed

2130 5619 2329 5694 major,
2362 5619 2556 5687 inquit,
2616 5617 3001 5694 Pater_._c|ttod
3051 5620 3167 5694 ipse
3204 5619 3353 5694 dedit
3393 5617 3522 5694 Filio
3561 5627 3655 5694 om-

2128 5686 2240 5751 nia,
2268 5698 2323 5742 et
2356 5686 2517 5743 causa
2544 5696 2626 5742 est
2657 5688 2757 5756 ipsi
2781 5687 2916 5756 Filio
2944 5698 3003 5741 ut
3028 5686 3125 5748 sit.
3150 5699 3205 5742 et
3239 5690 3343 5742 isto
3368 5686 3648 5756 modosit.»

2129 5758 2306 5827 Supra
2363 5768 2543 5814 autem
2611 5753 2753 5814 idem
2821 5755 3132 5813 Victorinus
3208 5759 3439 5823 dixerat,
3491 5753 3647 5810 Filium

2129 5830 2347 5898 quidem
2401 5844 2619 5887 causam
2668 5843 2785 5885 esse
2816 5828 3170 5898 principalem
3200 5831 3435 5885 omnium
3474 5835 3645 5881 rerum.
